3709 6234
880 871 980 927 toust

334 1014 443 1080 mania
463 1023 541 1080 ante
557 1016 784 1080 Cremonense
810 1014 978 1101 proelium
1008 1022 1117 1103 gesta,
1147 1014 1243 1081 cuius
1258 1022 1421 1082 eventum
1440 1016 1570 1084 litterae

333 1124 437 1188 Primi
463 1123 604 1188 Antonii
633 1122 788 1188 docuere.
818 1161 862 1171 —
890 1123 948 1203 ll',
972 1123 1025 1189 32.
1058 1123 1180 1189 Lectae
1200 1123 1322 1190 deinde
1337 1148 1398 1213 pro
1415 1127 1571 1192 contione

332 1230 494 1319 epistulae
508 1230 650 1296 Antonii
663 1229 706 1294 ad
720 1230 863 1295 Civilem
876 1230 1086 1318 suspiciones
1102 1230 1248 1296 militum
1273 1231 1462 1314 irritavere,
1490 1242 1572 1301 tam·

332 1339 489 1430 quemad
505 1339 634 1404 socium
649 1338 795 1426 partium
816 1337 961 1425 scriptae
976 1337 1066 1404 etde
1083 1339 1286 1405 Germanico
1303 1340 1454 1407 exercitu
1469 1341 1573 1409 hosti·

332 1449 421 1513 liter.
440 1486 483 1495 —
503 1446 559 1524 ll',
595 1445 649 1536 39.
683 1445 889 1533 Praecipuus
905 1445 1063 1511 Muciano
1090 1453 1202 1512 metus
1235 1448 1391 1513 ePrimo
1421 1450 1574 1516 Antonio

332 1554 489 1643 Varoque
520 1554 633 1624 Arrio,
662 1576 747 1642 quos
771 1561 924 1619 recentes
944 1553 1121 1643 clarosque
1137 1578 1248 1620 rerum
1267 1554 1358 1621 fama
1372 1579 1412 1622 ao
1427 1556 1574 1626 militum

333 1663 455 1728 studiis
471 1663 572 1727 etiam
592 1660 739 1750 populus
761 1660 906 1744 fovebat,
922 1663 1001 1750 quia
1012 1662 1046 1726 in
1075 1662 1245 1728 neminem
1266 1657 1355 1729 ultra
1380 1665 1487 1731 aciem
1503 1689 1575 1732 sae·

333 1772 473 1836 vierant.
491 1769 713 1835 Etlcrebatur
725 1769 898 1834 Antonius
914 1768 1174 1834 Scribonianum
1186 1769 1387 1837 Crassum...
1403 1771 1445 1836 ad
1461 1796 1577 1864 capes-

334 1879 473 1945 sendam
494 1902 564 1944 rem
579 1876 749 1965 publicam
763 1877 959 1944 hortatus..
979 1877 1086 1964 igitur
1104 1877 1296 1960 Mucianus,
1307 1880 1386 1969 quia
1398 1881 1576 1969 propalam

334 1987 478 2075 opprimi
491 1985 663 2051 Antonius
679 1983 853 2073 nequibat.
872 1984 990 2051 multis
1006 1985 1040 2049 in
1055 1993 1175 2051 senatu
1190 1985 1350 2053 laudibus
1364 1988 1576 2055 cumulatum

335 2093 473 2160 secretis
518 2093 694 2183 promissis
743 2101 873 2168 onerat,
919 2092 1109 2159 citeriorem
1160 2094 1360 2182 Hispaniam
1399 2104 1578 2163 ostentans

336 2204 489 2268 discessu
514 2201 626 2266 Cluvii
651 2201 727 2265 Reli
748 2222 889 2266 vacuam
911 2253 933 2268 ..
953 2201 1050 2270 Dein.
1071 2209 1252 2290 postquam
1270 2202 1405 2269 inanem
1426 2205 1578 2271 animum

336 2336 394 2399 spe
408 2319 441 2376 et
454 2310 610 2397 cupidine
626 2309 837 2396 impleverat.
855 2308 945 2372 vires
961 2308 1074 2374 abolet
1095 2308 1235 2374 dimissa
1247 2309 1279 2374 in
1293 2309 1432 2376 hiberna
1444 2311 1578 2398 legione

337 2419 492 2507 septima,
521 2417 615 2482 cuius
642 2416 925 2501 flagrantissimus
956 2416 989 2480 in
1018 2416 1207 2482 Antonium
1242 2439 1347 2483 arnor.
1374 2457 1419 2469 -
1440 2417 1498 2500 ll’,
1521 2418 1576 2485 68.

337 2525 524 2613 Suspectis,
541 2523 763 2604 addiximus,
784 2523 968 2611 (Muciano)
987 2524 1100 2587 Primo
1116 2524 1268 2590 Antonio
1285 2525 1441 2613 Varoque
1462 2527 1577 2594 Arrio.

336 2672 380 2683 -
400 2634 458 2708 lt,
482 2633 536 2698 80.
556 2631 673 2720 Neque
688 2631 878 2696 Antonium
894 2631 1046 2695 Primum
1062 2631 1184 2696 adsciri
1205 2632 1293 2698 inter
1312 2633 1487 2698 comitesa
1511 2636 1578 2700 Do-

339 2743 479 2807 mitiano
495 2764 615 2828 passus
630 2748 681 2805 est
699 2739 916 2826 (Mucianus),
936 2740 1049 2805 lavore
1071 2740 1218 2805 militum
1234 2741 1357 2806 anxius
1372 2748 1406 2807 et
1420 2740 1579 2829 superbia

337 2851 442 2917 viri...
463 2848 638 2913 Proiectus
664 2847 706 2911 ad
723 2846 969 2934 Vespasianum
999 2847 1182 2926 Antonius,
1205 2856 1243 2915 ut
1270 2871 1339 2913 non
1358 2872 1497 2937 prospe
1518 2872 1578 2914 sua

340 2958 518 3046 excipitur,
551 2956 595 3020 ita
627 2978 736 3043 neque
767 2977 885 3020 averso
914 2955 1129 3042 imperatoris
1155 2955 1279 3023 animo.
1306 2956 1515 3022 ¹l'rabebatur
1545 2958 1578 3022 in

340 3069 486 3146 diversa,
508 3063 584 3128 binc
602 3063 729 3128 meritis
748 3063 902 3143 Antonii,
925 3064 1020 3128 euius
1046 3063 1150 3129 ductu
1166 3064 1356 3130 consectum
1372 3064 1578 3131 hauddubie

338 3173 465 3239 bellum
491 3180 575 3248 erat,
616 3171 693 3235 inde
723 3170 871 3235 Muciani
900 3170 1090 3258 epistulis..
1110 3171 1207 3252 -V,
1228 3196 1277 3260 ¹9·
1300 3172 1461 3260 Alpinius
1481 3172 1579 3238 Mon·

340 3292 451 3356 tanus
468 3301 566 3369 quem
587 3303 605 3343 a
622 3278 735 3342 Primo
756 3279 907 3342 Antonio
922 3278 1062 3341 missum
1081 3279 1113 3342 in
1130 3278 1259 3343 Gallias
1276 3279 1431 3367 superius
1451 3302 1579 3345 memo-

338 3389 499 3456 ravimus.
529 3424 574 3437 —
605 3385 645 3463 l',
676 3385 729 3450 26.
762 3385 881 3449 Civilis
901 3386 1096 3473 itacoepit:
1121 3417 1135 3447 a
1171 3386 1301 3474 ...Erga
1335 3387 1579 3474 Vespasianum

340 3506 437 3563 vetus
453 3494 534 3558 milri
556 3492 812 3559 observantia...
832 3494 904 3558 lloc
922 3494 1034 3558 Primo
1058 3493 1209 3558 Antonio
1226 3500 1357 3574 notum,
1379 3494 1476 3559 cuius
1491 3495 1580 3586 epis:

339 3605 418 3672 tulis
448 3601 490 3668 ad
523 3599 650 3666 bellum
682 3607 778 3665 aetus
802 3625 919 3666 sum...
943 3600 1037 3679 Quae
1051 3600 1222 3665 Antonius
1238 3600 1406 3688 epistulis.
1425 3601 1578 3666 Hordeo·

339 3723 415 3787 nius
431 3720 572 3785 Flaccus
588 3741 747 3805 praesens
769 3716 983 3782 monebant»

301 3828 524 3897 :lN'l'ONll'S
538 3826 731 3890 'saluts
758 3864 797 3875 -
821 3825 846 3897 Ι,
867 3849 919 3890 no.
954 3824 1171 3889 Exauctorati
1191 3849 1250 3914 per
1270 3848 1329 3890 eos
1359 3825 1431 3891 dies
1453 3825 1582 3891 tribuni

341 3962 358 4002 e
374 3935 541 4025 praetorio
553 3934 724 3998 Antonius
740 3933 912 3998 Taurus...
926 3931 951 3999 ².

295 4044 577 4121 solist-12,
613 4042 661 4105 15.
691 4039 825 4126 (lulius)
852 4039 978 4128 Aquila
1013 4047 1044 4105 el
1074 4041 1182 4128 Cotys
1211 4041 1347 4129 (misere
1367 4039 1513 4130 legatos)
1540 4041 1583 4108 ad

341 4154 547 4219 Eunonen...
572 4149 629 4237 qui
664 4150 849 4212 Aorsorum
864 4149 876 4186 ³
900 4149 993 4235 genti
1015 4148 1240 4235 praesidebat.
1262 4183 1307 4197 -
1329 4173 1379 4230 ια,
1412 4147 1461 4215 16.
1488 4149 1583 4216 Tune

341 4260 531 4349 composito
546 4257 680 4344 agmine
695 4255 869 4327 incedunt.
889 4256 984 4320 ouius
1002 4257 1147 4322 frontem
1159 4264 1191 4322 et
1208 4264 1301 4343 terga
1318 4255 1453 4338 Aorsil,
1472 4257 1582 4325 media

331 4490 337 4522 ¹
360 4490 393 4540 l'.
410 4493 492 4540 etiam
510 4491 557 4551 ΙΙΙ,
573 4491 596 4548 3,
609 4493 646 4540 26.
659 4488 748 4544 snm.
766 4487 810 4536 86:
826 4488 872 4544 ll',
893 4504 914 4537 ι,

327 4569 338 4605 ²
358 4570 384 4622 M
399 4588 404 4620 :
422 4575 518 4621 taurus
529 4572 654 4634 sedsed.
664 4586 711 4618 ras
728 4571 844 4620 incerta:
857 4568 1065 4631 ridetnrpotius
1076 4566 1159 4615 sitisse
1173 4579 1245 4614 rcus:
1257 4567 1301 4614 ed.
1315 4563 1584 4628 prine.:l'lranrius).

297 4678 323 4686 -
347 4652 419 4702 llaec
430 4655 542 4702 llmsrrn.
556 4655 608 4702 Sed
620 4654 770 4710 ,aranas-m,
783 4651 812 4699 In
831 4651 890 4700 Tac.
903 4649 972 4698 llisl.
987 4649 1070 4700 clad..
1084 4664 1109 4711 p.
1120 4665 1135 4711 9
1146 4664 1186 4712 sq.
1195 4648 1315 4696 ostendit
1329 4647 1467 4694 librarium
1480 4649 1584 4706 taetros,

298 4734 371 4793 quod
388 4735 476 4795 prinro
492 4735 646 4797 scripserat,
665 4734 690 4780 in
710 4736 805 4781 taetras
828 4732 989 4782 correxisse.

331 4813 403 4865 ³¹1:
419 4813 592 4867 adanorum.
618 4815 694 4863 Corr.
722 4814 829 4876 Lipsius
855 4814 916 4860 coll.
946 4811 1089 4870 Statilium,
1114 4811 1209 4866 l'linio,
1224 4809 1389 4858 Ptolemaeo.
1416 4808 1450 4856 Cs
1473 4808 1582 4857 Rtrrnn.

299 4894 375 4944 adh.
394 4895 411 4945 l.

331 4974 401 5026 ⁴tt:
419 4975 521 5024 adorsi.
