3709 6234
284 840 320 893 ao
890 841 962 893 nsrl

332 981 628 1069 .tscil›urgiurrr...,
652 982 742 1070 quod
761 983 794 1047 in
811 984 883 1070 ripa
899 984 1007 1049 llbeni
1032 984 1135 1048 situm
1150 983 1317 1072 hodieque
1336 983 1507 1065 incolitur,
1522 983 1564 1048 ab

331 1090 457 1178 (Vlixe)
475 1090 696 1155 constitutum
712 1090 1035 1179 nominatumque...

287 1196 510 1263 ASCONlVS
528 1198 689 1263 LABEO.
717 1237 755 1246 -
776 1198 825 1274 ι3,
848 1223 896 1264 ιο.
920 1197 1049 1263 Eodem
1064 1223 1153 1266 anno
1168 1199 1284 1289 (Nero)
1300 1198 1468 1266 Caesar...
1487 1220 1564 1263 con·

330 1304 454 1369 sularia
473 1304 618 1391 insignia
636 1303 783 1368 Asconio
798 1303 959 1386 Labeoni,
983 1327 1049 1393 quo
1061 1310 1173 1370 tutore
1193 1327 1274 1369 usus
1295 1313 1379 1386 erat,
1410 1303 1564 1393 petivita

331 1420 462 1477 senatu.

286 1519 404 1584 asle.
427 1558 470 1566 -
487 1543 518 1600 α,
537 1521 592 1606 47.
612 1518 739 1583 Eodem
756 1542 844 1583 anno
865 1518 1043 1584 duodecim
1064 1519 1215 1585 celebres
1239 1519 1342 1585 Asiae
1361 1519 1465 1585 urbes
1484 1541 1564 1584 eon·

330 1626 444 1714 lapsae
479 1633 643 1691 nocturno
672 1633 768 1691 motu
790 1634 937 1691 terrae...
970 1626 1103 1693 Mitti...
1126 1650 1168 1692 ex
1196 1633 1315 1692 senatu
1337 1626 1478 1715 placuit,
1506 1626 1563 1714 qui

331 1734 522 1821 praesentia
543 1741 713 1821 spectaret
732 1734 979 1822 releveretque.
1003 1733 1230 1822 Deleotusque
1258 1742 1310 1800 est
1332 1733 1380 1800 M.
1399 1734 1521 1800 Ateius
1546 1756 1564 1798 e

329 1841 564 1930 praetoriisme
584 1840 754 1906 consulari
777 1840 951 1906 obtinente
971 1841 1091 1906 Asiam
1110 1839 1292 1907 aemulatio
1316 1841 1405 1908 inter
1422 1864 1562 1930 pares...

330 1957 491 2014 oreretur.
508 1973 585 2029 -2,
604 1948 657 2025 54,
682 1949 841 2013 Extrema
864 1948 966 2014 Asiae
992 1948 1228 2038 (Germanicus
1252 1948 1444 2038 navigando
1467 1971 1564 2036 prae·

330 2055 467 2144 legit)...
491 2056 625 2143 ltelegit
638 2056 757 2120 Asiam
782 2055 990 2144 adpellitque
1015 2056 1255 2145 Colophona...
1279 2091 1319 2105 -—
1337 2055 1368 2140 3,
1387 2081 1419 2145 7.
1438 2052 1564 2121 Crebro

332 2172 471 2252 questu,
498 2163 590 2252 quod
615 2163 692 2250 (Cn.
721 2163 800 2228 Piso
824 2171 902 2252 post
925 2171 1069 2229 mortem
1094 2162 1301 2250 Germanioi)
1331 2185 1481 2250 vagus...
1507 2184 1566 2250 per

330 2294 469 2336 amoena
482 2271 583 2335 rtsiae
597 2279 697 2359 atque
713 2270 997 2342 Achaiae...—3,
1012 2270 1066 2335 32.
1084 2271 1163 2336 Sex.
1178 2269 1400 2358 Pompeius...
1412 2270 1566 2336 Marcum

332 2378 537 2466 Lepidum...
568 2386 606 2444 ut
629 2378 818 2457 socordem,
840 2379 976 2466 inopem
1001 2384 1035 2443 et
1059 2376 1242 2442 maioribus
1262 2378 1334 2443 suis
1361 2376 1565 2444 dedecorum

330 2509 436 2573 eoque
475 2486 577 2550 etiam
615 2486 717 2550 Asiae
751 2493 840 2551 sorte
875 2484 1115 2574 depellendum
1147 2485 1353 2551 incusavit...
1389 2484 1565 2573 (Lepidus)

331 2593 453 2657 missus
477 2592 725 2679 (proconsule)
751 2592 784 2656 in
805 2592 935 2657 Asiam.
958 2631 1000 2640 -
1021 2591 1053 2673 3,
1082 2592 1136 2657 58.
1153 2593 1291 2657 Servius
1318 2591 1566 2680 Maluginensis

331 2702 451 2764 llamen
483 2700 601 2776 Dialis,
630 2708 666 2764 ut
693 2699 810 2764 Asiam
841 2706 931 2764 sorte
964 2698 1114 2781 haberet,
1141 2698 1340 2787 postulavit.
1376 2737 1419 2748 -
1447 2698 1480 2780 3,
1509 2697 1562 2763 66.

330 2808 369 2873 C.
381 2807 535 2873 Silanum
551 2830 611 2895 pro
628 2805 766 2871 consule
787 2807 890 2871 Asiae
917 2805 1181 2894 repetundarum
1201 2806 1331 2871 asoeiis
1341 2804 1563 2895 postulatum.

331 2952 370 2966 -
390 2914 421 2990 3,
443 2914 497 3002 67.
514 2913 623 2979 Multa
644 2913 893 3001 adgerebantur
913 2915 1015 2979 etiam
1041 2914 1235 2979 insontibus
1257 2913 1460 3002 periculosa,
1487 2935 1566 2978 eum

330 3046 433 3110 super
448 3029 498 3087 tot
513 3029 685 3086 senatores
705 3020 867 3087 adversos
887 3021 1139 3086 facundissimis
1157 3022 1262 3087 totius
1274 3021 1377 3086 Asiae
1403 3043 1512 3109 eoque
1524 3019 1567 3086 ad

330 3128 556 3195 accusandum
587 3128 727 3194 delectis
753 3128 973 3216 responderet
1001 3128 1095 3193 solus
1119 3136 1153 3193 et
1187 3128 1305 3194 orandi
1337 3128 1473 3193 nescius
1511 3127 1563 3216 (C.

329 3237 491 3322 Silanus).
513 3274 557 3287 -
577 3237 608 3317 3,
641 3236 695 3300 68.
727 3236 921 3303 Tiberius...
953 3235 1087 3301 libellos
1120 3235 1197 3300 Divi
1214 3236 1361 3323 Augusti
1381 3235 1423 3301 de
1442 3234 1566 3301 l'oleso

329 3345 473 3409 Messala
503 3343 652 3409 eiusdem
681 3344 783 3409 Asiae
810 3368 869 3431 pro
896 3343 1035 3409 consule
1068 3343 1260 3431 laetumque
1279 3343 1316 3407 in
1334 3365 1411 3408 eum
1428 3349 1567 3408 senatus

329 3452 522 3516 consultum
543 3451 674 3515 recitari
693 3451 796 3516 iubet.
818 3489 862 3501 -
883 3450 914 3532 3,
933 3476 986 3538 7¹·
1008 3452 1089 3516 Sors
1105 3451 1208 3516 Asiae
1236 3450 1270 3515 in
1291 3473 1379 3531 eum,
1400 3449 1460 3538 qui
1478 3472 1562 3515 con-

329 3558 492 3624 sularium
524 3558 752 3645 Maluginensi
773 3559 946 3646 proximus
973 3567 1056 3639 erat,
1073 3558 1217 3624 conlata.
1241 3595 1282 3608 -
1303 3561 1335 3638 4,
1358 3557 1406 3622 ι3.
1429 3555 1566 3624 Civitati

330 3665 542 3751 Cibyraticae
561 3665 650 3752 apud
672 3665 801 3742 Asiam,
825 3666 986 3752 Aegiensi
1014 3665 1102 3753 apud
1130 3665 1306 3746 Achaiam,
1339 3671 1434 3730 motu
1458 3671 1565 3730 terrae

329 3771 515 3846 labefactis,
539 3773 757 3856 (subventum
779 3773 844 3859 est)
873 3773 1070 3837 remissione
1096 3771 1215 3837 tributi
1242 3773 1275 3837 in
1305 3771 1503 3837 triennium.
1530 3807 1565 3820 -

329 3880 361 3956 4,
384 3882 433 3954 ι4.
461 3878 798 3966 (rtmphiotyonibus)
828 3881 1047 3967 praecipuum
1077 3879 1140 3943 luit
1163 3902 1275 3945 rerum
1301 3879 1454 3945 omnium
1472 3877 1565 3943 iudi-

329 3986 430 4062 cium,
444 4009 508 4072 qua
524 3986 854 4072 tempestatoGraeoi
870 3987 1015 4052 conditis
1032 4010 1091 4074 per
1106 3988 1225 4052 Asiam
1241 3984 1383 4052 urbibus
1393 4009 1452 4052 ora
1463 3982 1565 4052 maris

328 4091 585 4180 potiebantur...
624 4091 737 4178 (Cives
769 4093 927 4181 llomani)
957 4095 1052 4158 iussu
1096 4094 1186 4180 regis
1219 4092 1427 4159 Mithridatis
1476 4089 1566 4181 apud

328 4207 468 4265 cunctas
483 4200 585 4264 Asiae
599 4201 727 4265 insulas
742 4208 775 4265 et
796 4201 895 4266 urbes
916 4200 1212 4290 (trucidabantur).
1229 4240 1274 4250 -
1293 4205 1324 4282 4,
1354 4203 1403 4265 ι5.
1433 4199 1566 4266 Procu-

328 4317 419 4372 rator
446 4308 548 4372 Asiae
567 4308 716 4373 Lucilius
740 4309 860 4396 Capito
890 4319 1070 4375 accusante
1099 4308 1273 4397 provincia
1299 4331 1437 4374 causam
1466 4306 1567 4396 (dixit

329 4415 419 4503 apud
428 4423 606 4492 senatum).
616 4469 636 4481 ..
650 4415 1049 4503 obquanultione1n,et
1067 4416 1144 4504 quia
1159 4416 1270 4504 priore
1279 4439 1368 4481 anno
1383 4414 1417 4480 in
1429 4414 1468 4481 C.
1478 4413 1566 4481 Sila·

332 4545 412 4586 num
442 4523 651 4589 vindicatum
675 4530 758 4602 erat,
790 4523 966 4589 decrevere
996 4524 1097 4589 *tsine
1124 4523 1225 4589 urbes
1247 4522 1412 4612 templum
1433 4521 1566 4590 Tiberio

329 4630 496 4718 matrique
516 4631 588 4695 eius
604 4654 641 4695 ac
657 4631 801 4695 senatui.
823 4671 866 4679 —
887 4636 917 4708 4,
942 4632 995 4718 37,
1029 4632 1191 4720 llispania
1224 4631 1366 4697 ulterior
1393 4630 1510 4696 missis
1525 4627 1566 4696 ad

330 4746 485 4803 senatum
519 4738 639 4825 legatis
668 4738 789 4820 oravit,
826 4748 863 4804 ut
891 4739 1046 4826 exemplo
1085 4739 1188 4804 Asiae
1221 4738 1401 4805 delubrum
1432 4737 1566 4804 Tiberio

329 4846 496 4934 matrique
512 4846 584 4911 eius
599 4854 828 4912 exstrueret...
848 4881 863 4907 a
886 4847 975 4928 Scio,
998 4856 1111 4935 patres
1123 4847 1319 4936 conscripti,
1338 4847 1565 4913 constantiam

330 4977 439 5018 meam
452 4978 470 5018 a
486 4954 655 5042 plerisque
675 4954 911 5034 desideratam,
930 4954 1021 5044 quod
1032 4955 1134 5020 Asiae
1150 4954 1345 5021 civitatibus
1360 4976 1470 5042 nuper
1478 4953 1565 5020 idem
