3709 6234
814 849 992 902 Peacauvu
1489 845 1543 901 525

308 986 546 1052 accusantibus
561 986 813 1075 Cyrenensibus
828 990 992 1055 violatum
1003 990 1045 1056 ab
1066 1013 1105 1054 eo
1129 989 1324 1056 thesaurum
1345 989 1542 1078 Aesculapii

308 1092 536 1182 dilectumque
550 1094 730 1161 militarem
746 1097 854 1183 pretio
868 1105 903 1162 et
924 1096 1109 1162 ambitione
1124 1106 1331 1185 corruptum.
1356 1135 1400 1147 -
1426 1097 1451 1171 Ι,
1485 1122 1539 1185 77.

308 1199 473 1266 Redditus
494 1200 549 1287 (ab
565 1201 713 1291 Othone)
723 1201 828 1267 Cadio
845 1203 945 1281 Rulo,
964 1203 1067 1269 Pedio
1084 1202 1218 1279 blaeso,
1244 1204 1388 1270 Saevino
1406 1204 1540 1278 Pontio,

306 1308 495 1372 senatorius
511 1308 618 1376 locus.
651 1310 927 1398 Repetundarum
951 1310 1150 1376 criminibus
1168 1312 1230 1377 sub
1247 1310 1390 1376 Claudio
1411 1334 1449 1375 ac
1473 1310 1541 1375 Ne·

306 1437 386 1479 rone
410 1415 611 1483 ceciderant.
635 1416 767 1482 Placuit
781 1418 1038 1505 ignoscentibus
1057 1442 1155 1485 verso
1186 1420 1332 1495 nomine,
1351 1417 1442 1507 quod
1463 1441 1541 1482 ava·

306 1521 381 1587 ritia
398 1521 516 1593 luerat.
531 1523 638 1589 rideri
652 1525 875 1590 maiestatem.

263 1627 416 1694 PED0l.
440 1669 480 1679 -
504 1656 530 1705 ι,
561 1631 613 1696 tio.
644 1629 800 1720 Equitem
822 1632 1045 1716 (Germanici)
1073 1632 1163 1697 Pcdo
1198 1632 1388 1720 praelectus
1417 1631 1540 1697 linibus

306 1735 491 1801 Frisiorum
507 1738 612 1804 ducit.
1469 1793 1473 1801 .

262 1843 475 1910 Palmum.
506 1883 551 1896 -
590 1849 638 1922 al,
665 1848 717 1933 59.
739 1846 950 1932 (Rubellium
981 1847 1155 1933 Plautum)
1182 1846 1334 1911 centurio
1359 1846 1540 1913 trucidavit

303 1974 415 2017 coram
447 1952 616 2038 Pelagone
645 1953 808 2041 spadone,
836 1978 936 2042 quem
962 1953 1050 2019 Nero
1079 1953 1267 2020 centurioni
1290 1961 1322 2017 et
1353 1953 1537 2040 manipulo,

303 2060 401 2148 quasi
419 2058 623 2125 satellitibus
634 2060 826 2126 ministrum
842 2061 985 2147 regium.
998 2069 1250 2147 praeposuerat.

260 2166 517 2238 'l'ELlGNVS
540 2192 572 2240 v,
589 2167 861 2233 PAELIGNVS.
1454 2229 1456 2235 ,

260 2272 626 2340 l'ELOPONNESVS.
639 2312 684 2326 -
704 2278 736 2353 tl,
755 2276 809 2351 43.
828 2275 989 2341 Messenii
1012 2283 1159 2341 veterem
1176 2276 1263 2340 inter
1282 2274 1437 2340 llerculis
1452 2299 1537 2363 pos-

303 2389 392 2445 teros
408 2381 609 2446 divisionem
626 2381 850 2469 Peloponnesi
867 2382 1049 2470 protulere.

260 2487 443 2553 PELOPS.
480 2529 523 2538 -
547 2494 578 2563 l.
610 2487 665 2555 55.
694 2489 851 2555 Sardiani
881 2488 1186 2577 (memorabant)...
1219 2498 1392 2557 auctam...
1429 2491 1537 2556 adhuc

302 2595 472 2682 Lydorum
487 2597 696 2684 opulentiam
711 2596 823 2661 missis
839 2598 873 2660 in
890 2598 1068 2662 Graeciam
1082 2597 1229 2686 populis,
1251 2599 1305 2662 cui
1323 2622 1401 2663 mox
1429 2623 1447 2663 a
1477 2599 1537 2664 Pe·

301 2702 378 2791 lope
398 2727 533 2769 nomen.

257 2808 473 2876 PENATES.
497 2851 539 2860 —
571 2813 621 2890 15,
643 2815 696 2889 Δι.
727 2811 913 2877 llelubrum
943 2810 1065 2877 Vestae
1095 2834 1170 2876 cum
1203 2811 1387 2877 Penatibus
1421 2812 1536 2901 populi

302 2917 444 2981 llomani
460 2918 631 3004 (exustum
644 2919 799 2984 incendio
815 2918 986 3005 Neronis).

258 3022 554 3091 PERCENNIVS.
570 3064 614 3076 -
632 3050 659 3102 1,
683 3025 732 3091 16.
750 3026 831 3090 Erat
847 3026 881 3090 in
911 3026 1032 3091 castris
1047 3025 1253 3091 Percennius
1285 3026 1434 3114 quidam,
1467 3026 1536 3091 dux

299 3130 378 3195 olim
393 3132 608 3197 theatralium
622 3156 813 3221 operarum,
828 3132 906 3197 dein
920 3133 1096 3220 gregarius
1107 3134 1216 3208 miles,
1233 3155 1357 3221 procax
1374 3132 1531 3217 lingua...

298 3277 340 3287 -
357 3263 384 3310 ι,
408 3240 461 3307 28.
481 3269 496 3300 «
516 3239 744 3306 Percennione
764 3248 798 3306 et
813 3239 980 3305 Vibuleno
996 3250 1245 3306 sacramentum
1258 3239 1379 3305 dicturi
1394 3244 1533 3306 sumus?

299 3345 502 3412 Percennius
515 3356 548 3413 et
562 3347 750 3413 Vibulenus
776 3347 943 3436 stipendia
971 3345 1148 3423 militibus,
1164 3371 1263 3433 agros
1284 3347 1434 3412 emeritis
1462 3347 1532 3410 lar-

297 3453 452 3536 gientur?
470 3478 486 3517 a
501 3493 546 3505 -
564 3480 590 3531 ι,
614 3479 668 3545 29.
692 3455 852 3541 (llrusus)
872 3462 1011 3519 vocatos
1034 3453 1239 3519 Vibulenum
1260 3461 1293 3518 et
1311 3453 1532 3519 Percennium

205 3597 208 3603 ·
295 3561 617 3628 interliciiubet.-
646 3588 672 3634 r,
701 3561 850 3627 31.Non
873 3584 962 3627 unus
999 3561 1093 3636 haec,
1130 3571 1167 3626 ut
1199 3560 1411 3626 Pannonicas
1445 3561 1533 3625 inter

296 3666 446 3753 legiones
460 3668 721 3747 Percennius...
744 3668 803 3734 sed
819 3668 924 3734 multa
940 3667 1116 3734 seditionis
1126 3691 1183 3732 ora
1204 3669 1445 3756 vocesque...³.

254 3773 526 3856 PlillGriblVbL
542 3775 824 3850 l’lillGAblENl,
841 3774 1021 3841 CIVITAS
1047 3774 1348 3840 PERGAMENA.
1367 3813 1411 3824 -
1430 3776 1462 3846 3,
1476 3775 1530 3840 63.

296 3882 518 3953 Consules...
535 3882 624 3970 apud
640 3883 842 3970 Pergamum
859 3881 1056 3970 Aesculapii
1075 3890 1286 3969 compertum
1305 3881 1438 3968 asylum
1459 3890 1531 3947 ret-

297 3988 458 4054 tulerunt.
475 4028 516 4038 -
532 3994 564 4067 4.
592 3992 644 4078 37.
663 3991 842 4079 (Loquitur
860 3989 1027 4078 Tiberius)
1040 4019 1100 4055 a...
1124 3989 1210 4053 Cum
1227 3988 1333 4053 Divus
1355 3990 1531 4074 Augustus

295 4096 358 4160 sibi
377 4105 478 4185 atquc
498 4097 573 4162 urbi
590 4098 716 4163 Romae
732 4099 895 4185 templum
913 4097 1003 4185 apud
1017 4096 1220 4182 Pergamum
1249 4095 1323 4161 sisti
1337 4119 1405 4160 non
1419 4095 1532 4184 prohi-

225 4211 227 4216 '
295 4202 463 4270 buissel...
481 4235 495 4263 »ι
510 4244 553 4253 -
570 4209 602 4284 4,
625 4203 680 4270 55.
701 4205 940 4291 Pergamenos,
965 4227 1003 4270 eo
1018 4204 1090 4292 ipso
1111 4202 1318 4276 nitebantur,
1353 4203 1434 4268 aede
1459 4205 1531 4268 Au-

294 4320 392 4395 gusto
409 4312 454 4375 ibi
469 4314 532 4377 sita
548 4313 630 4376 satis
645 4312 787 4399 adeptos
803 4312 981 4377 creditum.
1000 4350 1043 4360 -
1067 4310 1116 4387 16,
1147 4311 1199 4374 23.
1230 4311 1352 4397 (Barea
1381 4311 1531 4377 Soranus

294 4418 629 4504 proconsuleAsiae)
647 4420 756 4486 vim...
774 4419 923 4484 civitatis
939 4419 1178 4506 Pergamenae,
1204 4415 1414 4505 prohibentis
1424 4418 1529 4483 Acra-

294 4533 363 4589 tum
389 4528 542 4591 Caesaris
566 4525 723 4592 libertum
747 4534 877 4591 statuas
891 4532 924 4590 et
943 4525 1092 4613 picturas
1108 4523 1262 4594 avehere.
1284 4523 1426 4589 inultam
1443 4527 1528 4590 omi-

294 4643 393 4698 serat.

280 4821 286 4853 ¹
304 4821 491 4868 Albinovanus
507 4821 578 4868 Pedo
592 4824 630 4876 ·’·.’ξ,
647 4820 687 4867 tls.
706 4820 1024 4867 N11'P1tttnat'·Ax1rltttst:x.

277 4902 288 4934 '²
306 4901 428 4952 Pnosen..
451 4902 501 4950 105.

276 4983 336 5027 Μ’.
355 4984 437 5029 etiam
453 5001 474 5029 1.
489 4999 526 5043 ¹7=
