3709 6234
286 864 339 921 316
848 872 1037 926 annulatae.

332 1010 467 1078 nium...
485 1012 640 1100 (Varum)
652 1012 792 1101 pertidia
808 1013 1011 1102 (decepisse)
1026 1034 1237 1100 magnacum
1261 1011 1462 1078 Germaniae
1474 1010 1570 1076 clade

332 1127 366 1184 et
382 1119 565 1205 ignominia
582 1143 653 1185 sua.
674 1159 713 1170 -
730 1145 761 1197 2,
785 1122 838 1210 73.
857 1122 963 1187 Erant
974 1122 1073 1210 qui...
1093 1120 1348 1209 (Germanicum
1363 1119 1570 1205 non)minus

330 1225 568 1313 proeliatorem
597 1229 710 1315 (quam
747 1228 982 1293 Alexandrum
1010 1228 1114 1294 luisse
1142 1226 1412 1314 contenderent),
1435 1226 1571 1292 etiamsi

332 1333 504 1399 temeritas
515 1333 635 1399 afuerit
650 1334 933 1425 praepeditusque
946 1337 990 1401 sit
1010 1335 1181 1424 perculsas
1196 1342 1247 1400 tot
1261 1332 1411 1399 victoriis
1425 1333 1571 1398 Germa-

331 1442 405 1506 nias
424 1442 561 1508 servitio
577 1465 739 1530 premere.
755 1483 798 1492 -
816 1467 845 1523 a,
859 1446 914 1510 88.
933 1444 1151 1510 Arminius..
1174 1442 1335 1508 liberator
1354 1440 1445 1505 haud
1465 1440 1567 1506 dubie

332 1549 545 1615 Germaniae.
566 1588 609 1598 —
625 1550 656 1624 3,
671 1553 725 1627 41.
746 1550 906 1616 Visellius
941 1553 1047 1616 l'arro
1081 1550 1248 1615 interioris
1263 1547 1463 1614 Germaniae
1478 1547 1571 1636 lega-

333 1663 396 1721 tus.
413 1695 456 1706 -
477 1656 507 1734 3,
526 1656 576 1732 46.
594 1656 739 1725 Silius...
757 1657 952 1724 clamitabat
964 1658 1255 1746 pudendum(suis
1270 1654 1463 1738 militibus),
1476 1655 1570 1744 quod

332 1763 590 1830 Germaniarum
619 1766 764 1831 victores
797 1767 978 1833 adversum
1017 1766 1136 1831 Gallos
1164 1775 1336 1853 tamquam
1371 1764 1405 1828 in
1436 1763 1570 1828 hostem

331 1870 544 1937 ducerentur.
562 1909 607 1923 -
627 1875 659 1948 ,4.
681 1876 730 1939 18.
751 1874 803 1962 (C.
834 1875 955 1962 Silius)
978 1875 1126 1959 ingentis
1155 1873 1322 1938 exercitus
1349 1878 1481 1958 septem
1509 1892 1572 1958 per

332 1999 439 2043 annos
454 1978 645 2044 moderator
660 1982 832 2070 partisque
845 1983 935 2070 apud
946 1982 1163 2047 Germaniam
1173 1978 1433 2067 triumphalibus
1445 1977 1569 2042 Sacro-

332 2086 451 2150 viriani
479 2086 560 2151 belli
584 2088 702 2152 victor.
728 2128 771 2138 —
800 2093 832 2168 4,
865 2090 981 2167 4411.
1019 2089 1229 2154 Domitius...
1262 2086 1411 2152 exercitu
1441 2085 1569 2149 flumen

331 2193 447 2260 Albim
462 2195 683 2274 transcendit,
702 2194 837 2284 longius
853 2206 1028 2285 penetrata
1043 2198 1237 2276 Germania,
1263 2217 1366 2286 quam
1386 2193 1569 2282 quisquam

330 2302 491 2390 priorum.
508 2341 545 2352 —
566 2315 597 2380 4,
615 2302 670 2390 67.
689 2304 852 2392 Vltroque
861 2305 1081 2370 struebantur
1095 2305 1129 2389 (a
1144 2304 1294 2389 Seiano).
1316 2302 1374 2390 qui
1390 2309 1571 2367 monerent

331 2410 572 2498 (Agrippinam
583 2418 616 2475 et
644 2410 826 2498 Neronem)
843 2412 1018 2500 perfugere
1039 2413 1080 2477 ad
1100 2411 1299 2476 Germaniae
1328 2409 1508 2475 exercitus.
1527 2445 1569 2456 -

332 2519 364 2594 t,
388 2518 441 2605 73.
473 2518 510 2583 L.
529 2519 681 2605 Apronio
708 2519 875 2585 interioris
895 2521 1096 2585 Germaniae
1125 2542 1185 2607 pro
1210 2525 1374 2606 praetore.
1393 2554 1435 2565 -
1455 2514 1488 2592 6,
1512 2515 1565 2579 30.

332 2623 527 2711 (Lentulus)
548 2625 744 2691 Gaetulicus
767 2651 805 2691 ea
822 2635 1022 2715 tempestate
1044 2627 1227 2715 superioris
1242 2623 1444 2690 Germaniae
1459 2623 1568 2709 legio·

332 2754 393 2795 nes
414 2732 610 2814 curabat...,
632 2735 786 2821 proximo
802 2759 936 2824 quoque
951 2734 1113 2800 exercitui
1129 2757 1188 2822 per
1206 2734 1244 2798 L.
1262 2732 1452 2819 Apronium
1475 2753 1568 2796 soce-

333 2862 407 2903 rum
424 2840 665 2926 noningratus
696 2881 724 2891 -
745 2866 794 2914 rr,
816 2843 865 2908 iti.
880 2843 1027 2929 (lnimici
1043 2841 1132 2928 regis
1151 2839 1259 2906 ltalici
1272 2838 1451 2926 testantur)
1464 2837 1568 2903 adimi

331 2955 479 3012 veterem
503 2948 704 3014 Germaniae
734 2949 924 3016 libertatem
941 2958 974 3015 et
1001 2949 1172 3013 Romanas
1198 2970 1280 3035 opes
1308 2947 1495 3031 insurgere.
1523 2983 1567 2997 -

337 3078 387 3127 rr,
410 3056 458 3119 ra.
482 3054 609 3120 Chauci
629 3106 650 3122 ..
680 3056 871 3122 inferiorem
886 3057 1104 3122 Germaniam
1122 3056 1348 3119 incursavere.
1373 3076 1487 3128 -11,
1514 3076 1565 3142 ¹9·

333 3160 497 3227 Claudius
520 3161 603 3227 adeo
633 3185 756 3228 novam
790 3164 823 3228 in
854 3164 1054 3229 Germanias
1081 3162 1148 3227 vim
1177 3160 1362 3249 prohibuit,
1394 3166 1431 3224 ut
1451 3158 1567 3224 reterri

333 3268 499 3355 praesidia
519 3270 568 3333 cis
595 3269 750 3335 Rhenum
773 3270 914 3337 iuberet.
937 3308 979 3322 -
1004 3295 1054 3342 ra,
1075 3294 1128 3357 27.
1158 3268 1266 3332 lsdenr
1294 3265 1505 3355 temporibus
1533 3266 1567 3330 in

332 3377 502 3463 superiore
540 3377 720 3442 Germania
748 3378 951 3466 trepidatum
981 3378 1128 3442 adventu
1163 3376 1362 3440 Chattorum
1392 3372 1568 3438 latrocinia

331 3484 544 3567 agitantium.
569 3522 612 3535 -
649 3486 698 3554 13,
729 3484 783 3552 35.
820 3486 1030 3573 Adiectaque
1069 3483 1245 3570 (exercitui
1275 3480 1491 3569 Corbulonis)
1525 3503 1567 3544 ex

332 3592 512 3655 Germania
527 3592 615 3677 legio
637 3616 713 3657 cum
746 3592 916 3680 equitibus
945 3592 1058 3656 alariis
1073 3599 1106 3656 et
1124 3590 1274 3678 peditatu
1306 3588 1507 3655 cohortium.
1528 3623 1565 3639 -

336 3700 387 3777 13,
410 3699 463 3762 53.
478 3698 618 3777 Quietae
631 3700 674 3763 ad
692 3699 725 3764 id
747 3708 880 3787 tempus
906 3722 959 3764 res
975 3702 1006 3765 in
1021 3698 1202 3762 Germania
1216 3697 1359 3761 lucrant.
1378 3734 1421 3744 -
1442 3698 1492 3771 ¹-l-
1511 3693 1565 3763 38.

333 3807 507 3895 Auxitque
534 3808 649 3894 copias
683 3808 818 3878 Caesar,
856 3808 968 3871 missis
996 3806 1042 3892 (in
1073 3805 1298 3889 Britanniam)
1323 3826 1364 3867 ex
1384 3803 1568 3867 Germania

332 3912 464 3977 duobus
489 3912 748 3998 legionariorum
784 3914 932 3989 milibus,
955 3922 1030 3979 octo
1060 3912 1273 3977 auxiliarium
1305 3909 1501 3975 cohortibus
1528 3933 1567 3975 ac

333 4019 424 4083 mille
446 4020 625 4108 equitibus.
644 4061 687 4070 --
707 4025 755 4098 nt,
782 4025 834 4110 57.
854 4020 1082 4106 Tigellinus..
1111 4027 1325 4107 comperto...
1349 4016 1507 4083 Plautum
1534 4027 1569 4085 et

332 4127 460 4191 Sullam
476 4128 623 4191 maxime
637 4129 745 4193 timeri
766 4131 798 4213 (a
814 4128 974 4216 Nerone),
998 4127 1156 4193 Plautum
1173 4128 1206 4189 in
1223 4127 1354 4201 Asiam,
1377 4124 1508 4190 Sullam
1533 4126 1567 4189 in

332 4233 478 4298 Galliam
492 4234 746 4299 Narbonensem
768 4243 1030 4323 nuperamotos,
1047 4232 1257 4298 nobilitatem
1274 4255 1389 4297 eorum
1425 4240 1458 4297 et
1492 4255 1568 4319 pro-

332 4343 478 4430 pinquos
494 4342 570 4406 huic
590 4343 749 4414 Orientis,
773 4342 822 4406 illi
836 4344 1036 4408 Germaniae
1053 4342 1221 4406 exercitus
1249 4348 1503 4406 commemorat.
1525 4379 1568 4389 —

334 4449 359 4529 l,
377 4450 408 4515 ti.
427 4448 529 4513 l'lena
549 4449 630 4514 urbs
643 4451 792 4515 exercitu
812 4450 960 4515 insolito.
978 4448 1079 4514 Multi
1101 4449 1143 4513 ad
1166 4449 1226 4512 hoc
1243 4447 1375 4512 numeri
1396 4448 1567 4513 eGerma-

333 4560 385 4622 nia
404 4580 441 4621 ac
457 4557 629 4621 Britannia
645 4556 930 4646 etlllyrico,quos
942 4558 1030 4621 idem
1045 4557 1133 4621 Nero
1154 4555 1280 4620 electos
1295 4554 1567 4644 praemissosque

332 4664 374 4728 ad
389 4663 534 4729 claustra
551 4664 792 4752 Caspiarum...
810 4664 1040 4753 opprimendis
1058 4663 1209 4728 l'indicis
1234 4663 1363 4749 coeptis
1379 4684 1566 4728 revocave-

333 4780 395 4836 rat.
418 4810 461 4820 —
478 4771 503 4840 l.
522 4797 553 4860 7.
572 4773 780 4859 (Fonteium)
802 4774 1001 4859 Capitonem
1021 4772 1055 4834 in
1081 4771 1275 4846 Germania,
1297 4792 1373 4834 eum
1395 4768 1567 4856 (delectio-

333 4880 645 4965 nem)coeptaret...
668 4918 710 4928 -
727 4878 752 4954 l,
774 4904 806 4967 9.
844 4878 1014 4943 lnlerioris
1039 4877 1238 4942 Germaniae
1264 4876 1414 4963 legiones
1439 4875 1568 4942 diutius

334 4986 406 5051 sine
421 4985 589 5050 consulari
605 4986 708 5065 luere,
733 4986 839 5051 donec
864 4987 969 5053 missu
989 4984 1117 5050 Galbae
1132 4986 1176 5050 A.
1194 4983 1352 5051 Vitellius
1378 4982 1506 5051 aderat.
1535 5022 1568 5033 -
