3709 6234
840 826 1008 879 lvnvsTvs

324 967 457 1056 quod...
478 1004 523 1018 -
538 967 570 1043 ll,
592 965 647 1034 63.
666 966 845 1056 (Consules
859 965 1075 1053 rettulerunt)
1091 971 1205 1053 petere
1233 969 1268 1029 et
1296 963 1477 1029 Cretenses
1491 962 1557 1052 (ius

325 1073 427 1162 asyli)
442 1073 623 1140 simulacro
645 1074 724 1139 Divi
739 1075 899 1163 Augusti.
916 1112 961 1126 -
977 1073 1008 1154 3,
1020 1071 1074 1150 64.
1088 1071 1174 1137 Cum
1190 1070 1280 1136 baud
1291 1070 1410 1160 procul
1425 1071 1559 1137 theatro

324 1181 475 1248 Marcelli
511 1182 657 1270 elligiem
685 1181 772 1247 Divo
809 1183 965 1270 Augusto
985 1179 1071 1246 lulia
1104 1179 1226 1268 (Livia)
1256 1178 1395 1260 dicaret,
1431 1177 1559 1242 Tiberii

325 1313 448 1354 nomen
468 1313 530 1354 suo
542 1289 846 1378 postseripserat...
864 1329 907 1340 -
922 1289 954 1366 3,
967 1286 1022 1354 66.
1036 1284 1290 1374 (Accusatores)
1302 1285 1341 1351 C.
1354 1284 1522 1351 Silanum.
1531 1336 1555 1352 ..

322 1397 509 1485 corripiunt
523 1395 761 1484 obiectantque
775 1396 941 1461 violatum
957 1394 1107 1483 Augusti
1120 1416 1259 1472 numen,
1268 1401 1419 1481 spretam
1430 1391 1556 1456 Tiberii

323 1504 547 1569 maiestatem.
564 1502 884 1584 -3‚68.Tiberins‚
894 1526 980 1592 quae
995 1503 1028 1566 in
1042 1501 1196 1566 Silanum
1210 1500 1557 1588 parabat,quoexeu·

323 1611 430 1675 satius
446 1609 509 1674 sub
523 1609 679 1698 exemplo
692 1610 937 1699 acciperentur,
954 1608 1090 1675 libellos
1105 1608 1182 1674 Divi
1201 1607 1351 1696 Augusti
1370 1607 1412 1673 de
1433 1605 1559 1671 Voleso

323 1716 484 1783 Messalla
499 1717 650 1783 eiusdem
664 1717 767 1783 Asiae
784 1742 843 1806 pro
858 1716 999 1783 consule
1026 1715 1220 1805 laetumque
1249 1715 1284 1780 in
1315 1737 1393 1780 eum
1419 1721 1559 1780 senatus

322 1824 516 1891 consultum
531 1824 664 1890 recitari
680 1824 785 1891 iubet.
802 1864 844 1873 —
867 1823 967 1913 3,71.
985 1825 1079 1904 Quae
1107 1822 1257 1912 principe
1288 1822 1446 1910 Augusto
1475 1843 1559 1886 con-

323 1933 441 1998 stituta
471 1932 554 1998 satis
589 1932 816 1998 ostendebant
848 1955 996 1997 annuam
1024 1931 1214 1998 absentiam
1245 1938 1280 1997 et
1307 1929 1559 2019 provinciarum

323 2040 651 2106 administrationem
668 2039 824 2106 Dialibus
844 2063 911 2105 non
939 2039 1090 2107 concedi.
1106 2079 1149 2088 —
1163 2039 1194 2122 3,
1211 2061 1265 2127 72.
1283 2037 1352 2104 Nec
1379 2037 1560 2125 Angustus

322 2156 475 2214 arcuerat
508 2148 667 2230 Taurum,
704 2148 911 2236 Philippum,
956 2146 1101 2213 Balbum
1138 2145 1279 2212 hostiles
1316 2145 1456 2211 exuvias
1501 2153 1560 2211 aut

322 2255 534 2322 exundantes
548 2279 630 2344 opes
650 2263 807 2322 ornatum
823 2255 865 2320 ad
881 2254 976 2320 urbis
990 2261 1025 2320 et
1043 2262 1217 2343 posterum
1238 2251 1380 2340 gloriam
1393 2251 1557 2320 conterre.

325 2402 366 2413 -
380 2363 411 2438 3,
444 2364 499 2447 74.
528 2361 706 2428 Concessit
732 2360 936 2451 quibusdam
964 2370 997 2429 et
1011 2363 1191 2450 Augustus
1207 2360 1449 2450 (imperatoris)
1461 2383 1559 2428 voca-

322 2470 452 2536 bulum.
470 2508 513 2518 -
543 2469 574 2545 3,
605 2470 658 2558 75.
701 2468 924 2534 Consulatum
954 2468 1071 2555 (Ateio
1105 2468 1279 2560 Capitoni)
1308 2467 1560 2536 adceleraverat

324 2579 514 2664 Augustae,
532 2583 569 2641 ut
584 2574 777 2640 Labeonem
800 2576 991 2640 Antistium
1018 2574 1123 2642 isdem
1149 2573 1280 2642 artibus
1298 2575 1559 2666 praecellentem

323 2682 519 2770 dignatione
539 2682 612 2746 eins
646 2682 864 2769 magistratus
897 2681 1054 2748 anteiret.
1082 2721 1126 2731 —
1149 2685 1181 2764 4,
1204 2707 1232 2750 ι.
1254 2681 1426 2772 (Seianus)
1451 2683 1559 2773 prima

323 2791 460 2854 iuventa
483 2788 607 2853 Gaium
631 2787 823 2869 Caesarem,
846 2789 922 2853 Divi
943 2790 1093 2877 Augusti
1117 2797 1288 2878 nepotem,
1308 2796 1501 2856 sectatus...
1516 2829 1560 2840 -

323 2896 391 2974 43.
406 2896 514 2984 (Livia
525 2895 625 2960 Drusi
637 2895 749 2984 uxor),
762 2897 815 2960 cui
828 2896 1018 2962 aivunculus
1029 2898 1218 2984 Augustus.
1228 2948 1265 2979 ..‚
1275 2919 1353 2964 se...
1363 2897 1560 2988 municipali

323 3001 476 3066 adultero
506 3000 658 3088 (Seiano)
679 3000 846 3068 foedabat.
884 3041 927 3051 —
947 3007 980 3084 4,
1004 3003 1036 3069 5.
1055 3004 1256 3070 Constratae
1291 3026 1396 3069 naves
1416 3055 1451 3080 ..‚
1474 3027 1560 3094 quas

324 3110 463 3174 Actiaca
475 3108 615 3172 victoria
626 3117 742 3196 captas
754 3112 932 3197 Augustus
945 3111 979 3174 in
991 3111 1154 3199 oppidum
1166 3110 1396 3177 Foroiuliense
1406 3112 1557 3178 miserat.

324 3256 367 3268 --
394 3219 426 3293 4,
443 3215 475 3280 8.
498 3215 679 3303 (Loquitur
709 3215 799 3304 apud
826 3225 982 3282 senatum
1014 3216 1180 3306 Tiberius)
1207 3246 1223 3280 α
1256 3218 1422 3307 ...Erepto
1448 3219 1560 3286 Druso

324 3347 440 3412 preces
455 3322 497 3387 ad
512 3347 572 3387 vos
588 3330 748 3388 converto
768 3342 805 3390 ..t
828 3324 978 3410 Augusti
993 3332 1213 3413 pronepotes,
1230 3323 1427 3390 clarissimis
1455 3326 1560 3391 maio-

324 3431 417 3496 ribus
432 3430 577 3517 genitos,
594 3430 755 3517 suscipite
772 3432 979 3516 (Germanici
999 3431 1182 3520 liberos)...
1203 3458 1218 3490 »
1244 3469 1286 3481 —
1302 3432 1396 3510 4,15.
1415 3431 1559 3518 (Lucilio

327 3540 457 3626 Longo,
473 3536 597 3602 'liberii
618 3538 754 3625 amico),
771 3562 979 3627 quamquam
1008 3563 1096 3605 novo
1116 3539 1287 3606 bomini...
1303 3537 1451 3626 effigiem
1470 3537 1560 3627 apud

325 3648 435 3711 lorum
465 3645 614 3733 Augusti
654 3644 789 3734 publica
828 3647 969 3733 pecunia
994 3654 1107 3734 patres
1147 3647 1338 3712 decrevere.
1360 3685 1404 3698 -
1435 3649 1467 3726 4,
1508 3645 1558 3711 ι6.

325 3754 510 3838 (Disseruit
533 3753 701 3837 Tiberius)
735 3751 939 3818 medendum
966 3762 1105 3819 senatus
1125 3754 1259 3819 decreto
1279 3759 1338 3818 aut
1367 3753 1454 3841 lege,
1471 3753 1560 3819 sicut

325 3865 504 3948 Augustus
526 3859 693 3948 quaedam
724 3883 766 3923 ex
790 3858 928 3925 horrida
949 3860 1008 3925 illa
1035 3861 1238 3950 antiquitate
1266 3860 1309 3926 ad
1341 3867 1556 3947 praesentem

325 3991 424 4033 usum
443 3967 604 4032 llcxisset.
622 4005 665 4015 —
681 3968 713 4049 4,
734 3990 785 4031 20.
808 3966 1025 4034 Saevitum...
1045 3968 1079 4032 in
1092 3967 1181 4034 bona
1195 3967 1250 4055 (C.
1277 3967 1423 4053 Silii)...‚
1438 3966 1557 4034 libera·

323 4073 402 4140 litas
430 4074 578 4161 Augusti
597 4072 756 4139 avulsa...
777 4076 866 4150 -4,
899 4075 953 4151 34.
984 4075 1164 4164 (Loquitur
1186 4074 1380 4141 Cremutius
1411 4073 1558 4164 Cordus)

327 4211 342 4243 «
364 4180 502 4247 ...Titus
517 4179 674 4245 Livius...
690 4180 752 4245 Cn.
768 4179 979 4268 Pompeium,
995 4183 1100 4247 tantis
1124 4182 1283 4248 laudibus
1295 4181 1387 4259 tulit,
1404 4191 1443 4250 ut
1458 4183 1559 4249 Pom·

325 4289 482 4377 peianum
507 4309 584 4351 eum
610 4286 789 4373 Augustus
815 4287 1044 4374 appellaret...
1074 4290 1215 4354 Antonii
1257 4289 1433 4378 epistulae,
1462 4291 1560 4356 Bruti

325 4395 501 4460 contiones
535 4393 619 4457 falsa
646 4394 783 4482 quidem
813 4394 846 4458 in
875 4397 1073 4482 Augustum
1100 4396 1235 4484 probra,
1258 4397 1319 4461 sed
1347 4396 1452 4464 multa
1480 4421 1558 4464 eum

325 4502 506 4567 acerbitate
521 4498 667 4580 liabent3
685 4501 833 4565 carmina
849 4502 1001 4567 ltibaculi
1016 4511 1049 4569 et
1065 4503 1191 4569 Catulli
1205 4503 1327 4570 referta
1342 4506 1559 4572 contumeliis

326 4611 509 4675 Caesarum
534 4607 704 4694 leguntur,
728 4607 788 4671 sed
803 4608 875 4696 ipse
897 4608 1003 4674 Divus
1020 4609 1137 4693 lulius,
1153 4612 1224 4699 ipse
1251 4612 1359 4678 Divus
1378 4613 1558 4699 Augustus

325 4726 358 4781 nt
373 4716 481 4782 tulere
498 4715 562 4780 ista
578 4722 611 4780 et
626 4714 833 4801 reliquere...
856 4754 899 4763 -
920 4718 953 4794 4,
983 4715 1036 4782 36.
1056 4717 1195 4783 Obiecta
1219 4717 1353 4806 publice
1379 4717 1557 4807 Cyzicenis

325 4823 451 4888 incuria
466 4822 746 4887 caerimoniarum
767 4823 845 4887 Divi
859 4824 1065 4910 Augusti...,
1083 4834 1117 4890 et
1142 4826 1285 4891 amisere
1319 4824 1525 4897 libertatem.
1546 4878 1554 4895 .

325 4932 470 5019 -(,1l7.
491 4930 672 5016 (Loquitur
686 4928 854 5016 'l'iberinsl
891 4963 903 4984 ιι
916 4982 920 4992 .
931 4933 1043 4997 ..Cum
1062 4933 1167 4997 Divus
1187 4936 1363 5021 Augustus
1376 4933 1440 4999 sibi
1457 4945 1557 5026 atque
