3709 6234
282 859 333 914 444
843 858 1014 910 Messium

283 1001 580 1070 lisssssalxst
604 1037 648 1051 —
673 1024 723 1068 ιι.
755 1024 785 1064 2.
808 997 925 1086 Neque
956 999 1034 1064 data
1057 998 1209 1076 <Valerio
1236 999 1405 1084 Asiatico)
1432 1006 1574 1064 senatus

327 1111 444 1198 copia;
471 1110 557 1174 intra
577 1107 771 1172 cubiculum
792 1106 939 1174 auditur.
959 1105 1142 1170 Messalina
1155 1127 1309 1172 coram...
1324 1104 1574 1194 Ingressusque

327 1217 568 1288 defensionem,
595 1223 764 1279 commoto
784 1215 944 1278 maiorem
964 1213 999 1277 in
1020 1212 1157 1276 modum
1180 1211 1334 1287 Claudio,
1365 1213 1573 1278 Messalinae

326 1348 459 1413 quoque
494 1323 648 1388 lacrimas
675 1322 810 1386 excivit.
843 1320 975 1399 Quibus
1003 1318 1181 1384 abluendis
1217 1319 1372 1385 cubiculo
1391 1323 1573 1408 egrediens

327 1440 442 1497 monet
467 1431 537 1518 (L.)
553 1429 740 1498 l'itellium.
757 1453 797 1492 ne
811 1427 898 1492 elabi
913 1450 1007 1492 reum
1027 1427 1244 1492 sineret...-·-
1259 1451 1310 1502 ιι,
1326 1451 1377 1492 ιι.
1397 1429 1501 1494 Matri
1517 1433 1571 1514 pL.

328 1540 483 1624 Domitii)
498 1539 707 1626 Agrippinae
721 1535 890 1600 miseratio
902 1534 1089 1620 augebatur
1099 1533 1142 1598 ob
1162 1535 1337 1599 saevitiam
1351 1534 1571 1610 Messalinae.

327 1671 412 1736 quae
442 1669 574 1733 semper
593 1645 756 1709 intesta...
784 1667 871 1706 novo
891 1652 924 1707 et
950 1641 1052 1706 furori
1073 1641 1228 1728 proximo
1248 1665 1361 1706 amore
1386 1642 1574 1710 distineba-

329 1762 421 1819 tur...
445 1791 486 1801 -
508 1777 556 1822 ιι,
577 1751 626 1814 26.
657 1750 724 1814 lam
747 1749 930 1814 Messalina
954 1748 1114 1813 facilitate
1143 1746 1387 1813 adulteriorum
1417 1751 1451 1814 in
1480 1751 1575 1819 lasti·

327 1861 420 1925 dium
436 1883 534 1923 reesa
556 1859 597 1924 ad
612 1859 803 1944 incognitas
818 1856 978 1921 libidines
993 1855 1223 1943 prollucbat...
1240 1856 1356 1945 (Apud
1370 1879 1445 1921 eam
1462 1858 1574 1926 disse-

328 1969 421 2033 rebat
448 1967 567 2046 Silius)
599 1989 791 2030 mamsuram
820 1965 973 2028 eaimlem
1005 1963 1209 2028 Messalinae
1226 1965 1425 2050 potentiam,
1456 1966 1574 2032 addita

328 2076 518 2151 securitate,
550 2076 576 2138 si
598 2073 830 2162 praevenirent
861 2071 1054 2136 Claudium.
1077 2109 1119 2119 —
1146 2095 1194 2138 ιι.
1232 2072 1285 2135 28.
1313 2071 1422 2158 Igitur
1449 2072 1576 2141 domus

327 2184 487 2271 principis
511 2183 763 2246 inhorruerat...
796 2179 940 2245 Subibat
966 2180 1037 2242 sine
1065 2178 1169 2243 dubio
1196 2187 1306 2243 metus
1330 2188 1572 2265 reputantes...

329 2290 494 2357 multas...
517 2299 642 2355 mortes
661 2289 753 2353 iussu
770 2286 973 2353 Messalinae
989 2294 1180 2374 patratas..
1198 2323 1241 2334 -
1263 2310 1377 2374 ¹¹‚29·
1395 2287 1448 2352 Ac
1463 2290 1575 2376 primo

328 2398 531 2464 Callistus..
555 2405 628 2464 et...
653 2397 830 2460 Narcissus
846 2399 917 2478 (etl.
942 2445 948 2458 .
973 2392 1087 2457 Pallas
1109 2395 1293 2479 agitavere.
1318 2418 1399 2458 num
1415 2395 1576 2461 Messali-

329 2530 406 2571 nam
423 2506 559 2571 sccretis
576 2505 675 2568 minis
692 2502 901 2590 depellerent
918 2525 1030 2565 amore
1043 2501 1129 2564 Silii.
1142 2537 1186 2550 -
1208 2525 1258 2572 ir.
1272 2501 1326 2568 30.
1344 2501 1573 2590 Calpurnia„

328 2614 470 2698 genibus
491 2613 646 2676 Caesaris
662 2610 840 2698 provoluta
863 2610 1017 2696 nupsisse
1044 2606 1261 2672 Messalinam
1281 2607 1366 2674 Silio
1389 2609 1573 2688 exclamat,

328 2763 369 2772 -
390 2745 439 2797 ιι,
459 2720 512 2785 3ι.
530 2722 575 2784 ,tt
591 2716 786 2798 Messalina,
810 2740 876 2780 non
893 2716 978 2780 alias
994 2714 1136 2779 solutior
1152 2714 1247 2794 luxu,
1269 2714 1385 2780 adulto
1409 2728 1576 2784 autumno

330 2828 549 2892 simulacrum
566 2825 754 2890 vindemiae
768 2847 827 2911 per
841 2823 980 2887 domum
995 2822 1245 2894 celebrabat...
1264 2825 1336 2910 ipsa
1360 2824 1453 2890 crine
1478 2827 1575 2892 lluxo

331 2937 485 3022 thyrsum
510 2934 709 3022 quatiens...
746 2969 781 2978 —
814 2956 863 3006 ιι,
898 2930 953 2995 32.
984 2929 1140 3017 l'ndique
1176 2931 1285 2994 nuntii
1318 2931 1491 3006 incedunt,
1513 2935 1574 3022 qui

329 3065 431 3126 gnara
447 3041 588 3106 Claudio
604 3050 722 3105 cuneta
739 3048 772 3105 ct
787 3040 901 3103 venire
917 3045 1111 3125 promptum
1126 3036 1248 3102 ultioni
1264 3037 1445 3104 adferrent.
1465 3037 1575 3128 lgitur

330 3149 508 3214 Messalina
548 3147 764 3213 Lucullianos
812 3147 845 3211 in
885 3146 1042 3210 hortos..
1089 3144 1343 3232 {digrediturtffl
1386 3145 1572 3214 Messalina

331 3267 454 3340 tamen,
496 3279 701 3345 quamquam
747 3279 800 3319 res
846 3254 1007 3318 adversae
1056 3251 1234 3316 consilinm
1277 3253 1476 3330 eximerent,
1524 3257 1571 3323 ire

328 3366 462 3430 obviam
496 3375 528 3430 et
562 3364 708 3451 aspicia
741 3363 874 3430 marito.
904 3360 994 3447 ‹puod
1031 3384 1130 3446 saepe
1165 3359 1355 3424 subsidium
1394 3361 1571 3434 habuerat.

330 3473 419 3538 band
448 3473 595 3559 segniter
619 3471 773 3536 intendit.
797 3470 968 3555 misitque..
996 3476 1032 3532 ut
1063 3468 1275 3531 Britannicus
1303 3476 1336 3531 et
1364 3469 1506 3534 Octavia
1539 3473 1573 3536 in

329 3581 542 3668 complexum
570 3579 675 3666 patris
696 3585 884 3665 pergerent.
907 3615 949 3623 —
976 3599 1024 3642 ιι.
1042 3575 1095 3650 itt.
1117 3575 1156 3638 tlt
1179 3575 1243 3638 iam
1268 3585 1340 3639 erat
1365 3577 1399 3640 in
1430 3587 1570 3665 aspectu

332 3688 512 3753 Messalina
528 3685 790 3771 clamitabatipie
814 3683 944 3747 audiret
961 3683 1120 3748 Octaviae
1143 3691 1175 3745 et
1199 3683 1384 3746 llritanniei
1414 3694 1571 3750 matrem·

329 3834 369 3844 -
387 3821 394 3858 ι
407 3819 435 3864 ι,
450 3795 502 3857 35».
515 3795 639 3858 'litium
653 3792 844 3858 l'rmulmn.
862 3790 1037 3854 custodem
1049 3813 1066 3854 a
1076 3789 1157 3852 Silio
1175 3789 1376 3854 Messalinae
1393 3791 1540 3858 datum..
1550 3846 1571 3864 ..

332 3903 416 3968 tradi
437 3901 478 3965 ad
493 3899 696 3986 supplieium
727 3899 818 3963 iubet
849 3898 1113 3983 {Claudiusl-
1133 3920 1183 3974 ιι,
1211 3896 1263 3961 36.
1293 3897 1395 3962 Solus
1421 3899 1574 3965 Mnester

331 4010 578 4074 cunctationem
599 4004 736 4072 attulit:
756 4005 916 4070 dilaniata
933 4014 1027 4068 veste
1042 4003 1231 4067 clamitans.
1255 4056 1277 4070 ..
1300 4005 1574 4071 reminisceretur

332 4114 640 4200 (Claudius)vecis,
663 4136 783 4199 quase
811 4112 995 4175 obnoxium
1019 4112 1119 4174 iussis
1147 4109 1348 4174 Messalinae
1378 4111 1571 4179 dedisset...

331 4222 487 4306 i'l'raulus
504 4222 698 4306 Montanus)
715 4219 865 4283 modesta
892 4220 1040 4291 iuventa,
1059 4218 1118 4280 sed
1133 4242 1271 4304 corpore
1287 4219 1424 4302 insigni,
1443 4223 1574 4287 accitus

331 4331 420 4395 ultro
437 4337 635 4414 noctemque
652 4328 738 4390 intra
756 4350 885 4391 unauna
906 4325 1086 4389 Messalina
1103 4325 1319 4410 proturbatus
1335 4336 1417 4396 erat.
1436 4328 1575 4414 paribus

332 4437 478 4502 lasciviis
495 4436 536 4498 ad
550 4435 741 4520 cupidinem
770 4445 802 4497 et
832 4433 978 4497 fastidia.
1005 4472 1047 4479 -
1074 4457 1121 4504 ιι,
1153 4433 1205 4518 37.
1231 4433 1367 4497 luterim
1389 4434 1574 4502 Messalina

334 4543 540 4609 Lucullianis
557 4543 588 4605 in
607 4543 711 4605 bortis
729 4541 895 4627 prolatare
927 4541 1029 4603 vitam
1053 4592 1073 4604 ..
1103 4579 1143 4589 -
1171 4564 1219 4608 ιι,
1248 4539 1301 4604 38.
1329 4540 1571 4610 Nuntiatum...

333 4650 475 4715 Claudio
495 4649 644 4734 epulanti
662 4650 787 4735 perisse
809 4646 1039 4716 Messalinam,
1058 4669 1123 4709 non
1144 4647 1304 4710 distincto
1324 4671 1383 4710 sua
1404 4671 1446 4711 an
1463 4648 1574 4714 aliena

334 4782 446 4823 manu.
470 4797 511 4806 —
543 4781 592 4824 ia.
626 4781 651 4819 1.
684 4755 793 4819 (laede
822 4754 1025 4819 Messalinae
1054 4753 1215 4816 emireilsa
1252 4754 1413 4841 principis
1437 4755 1571 4826 domus.

323 4989 328 5022 ¹
351 4985 454 5034 l'eleria
471 4987 622 5034 ,lle-salini.
644 4987 763 5034 Pansae.
787 4987 818 5042 Υ,
838 5003 889 5035 roi.
