3709 6234
376 897 430 953 750
908 901 942 953 A.
964 901 1127 955 virtutus

420 1044 514 1108 suit:
541 1041 673 1130 ...quod
702 1042 876 1108 discordes
904 1042 1143 1131 dispersasque
1177 1042 1303 1108 Vitellii
1336 1041 1486 1130 legiones
1510 1042 1667 1130 equestri

420 1149 580 1237 procella,
598 1173 677 1214 mox
694 1150 846 1237 peditum
856 1151 889 1214 vi
901 1174 960 1238 per
970 1150 1059 1216 diem
1071 1160 1272 1240 noctemque
1285 1150 1441 1226 fudisset,
1459 1150 1494 1215 id
1506 1149 1667 1239 pulcher-

419 1257 542 1321 rimum
564 1265 597 1323 et
610 1259 661 1322 sui
678 1260 828 1346 operis..,
842 1296 887 1308 -
904 1258 964 1340 ΙΙΙ,
981 1258 1035 1335 54.
1047 1259 1096 1324 At
1111 1258 1269 1324 Vitellius
1283 1259 1399 1324 fractis
1413 1257 1504 1346 apud
1520 1257 1666 1323 Cremo-

419 1388 496 1430 nam
512 1365 611 1431 rebus
627 1366 764 1429 nuntios
781 1365 887 1430 eladis
899 1366 1117 1431 occultans...
1133 1366 1314 1432 Necduces
1325 1366 1473 1432 hostium
1485 1365 1664 1452 augendae

419 1472 526 1538 famae
551 1473 702 1550 deerant,
721 1480 838 1560 captos
859 1472 988 1538 Vitellii
1012 1473 1241 1563 exploratores
1267 1473 1597 1562 circumductosque,
1622 1480 1664 1538 ut

418 1580 537 1645 robora
548 1581 686 1646 victoris
699 1581 866 1645 exercitus
882 1588 1071 1662 noscerent,
1093 1582 1295 1647 remittendo
1306 1603 1313 1661 ;
1326 1605 1411 1670 quos
1424 1604 1541 1646 omnes
1553 1580 1664 1645 Vitel-

416 1688 483 1753 lius
497 1696 626 1754 secreto
642 1696 859 1777 percontatus
875 1689 1019 1754 interfici
1033 1689 1172 1755 iussit...
1192 1688 1353 1755 Centurio
1371 1689 1477 1755 lulius
1499 1688 1662 1775 Agrestis

418 1805 495 1884 post
522 1795 645 1862 multos
678 1819 862 1875 sermones,
898 1796 1023 1884 quibus
1053 1796 1228 1862 Vitellium
1261 1796 1304 1862 ad
1341 1798 1502 1862 virtutem
1532 1795 1662 1861 frustra

418 1903 662 1970 accendebat...
682 1904 836 1991 Agrestis
869 1902 912 1968 ad
928 1902 1104 1968 Vitellium
1135 1905 1297 1969 remeavit
1321 1903 1550 1991 abnuentique
1578 1927 1661 1969 vera

418 2036 502 2095 esse,
524 2034 610 2101 quae
630 2011 787 2088 adferret,
816 2019 916 2099 atque
952 2010 1041 2077 ultro
1071 2020 1267 2101 corruptum
1297 2012 1506 2100 arguenti...,
1534 2010 1661 2076 volun-

419 2120 502 2186 taria
524 2127 630 2184 morte
647 2119 736 2184 dieta
752 2119 910 2184 firmavit.
934 2118 1079 2196 Quidam
1099 2120 1193 2184 iussu
1215 2119 1343 2185 Vitellii
1368 2118 1595 2198 interiectum,
1617 2118 1661 2184 de

418 2227 483 2292 tide
513 2227 770 2315 constantiaque
806 2225 923 2291 eadem
963 2226 1142 2292 tradidere.
1171 2264 1216 2278 -
1249 2227 1310 2306 lll,
1335 2228 1389 2292 55.
1407 2225 1565 2292 Vitellius
1587 2234 1659 2292 ute

418 2358 538 2400 somno
554 2335 683 2400 excitus
705 2333 827 2398 lulium
845 2334 998 2398 Priscum
1020 2342 1052 2399 et
1068 2334 1229 2399 Alfenum
1244 2335 1370 2400 Varum
1387 2357 1463 2399 eum
1474 2340 1659 2423 quattuor-

417 2442 525 2508 deeiru
558 2442 735 2530 praetoriis
766 2440 961 2506 cohortibus
998 2450 1031 2506 et
1062 2441 1220 2507 omnibus
1249 2442 1400 2531 equitum
1420 2441 1482 2505 alis
1502 2440 1657 2506 obsidere

418 2540 659 2638 Appenninum
684 2548 817 2615 iubet„
848 2588 891 2596 —
916 2547 976 2620 ΙΙΙ,
999 2547 1052 2613 56.
1071 2549 1139 2615 Scd
1158 2549 1373 2638 praecipuum
1396 2549 1468 2636 ipse
1497 2547 1658 2613 Vitellius

417 2665 588 2723 ostentum
609 2663 692 2734 erat,
711 2657 849 2744 ignarus
869 2656 1021 2734 militiae,
1039 2656 1249 2744 improvidus
1261 2656 1450 2736 consilii„..
1473 2654 1516 2720 ad
1537 2678 1658 2721 omnes

418 2766 596 2830 nuntios..
634 2762 796 2851 trepidus,
834 2763 911 2828 dein
953 2763 1201 2830 temulentus...
1231 2763 1449 2829 Peritissimis
1486 2763 1658 2827 centurio·

419 2895 555 2947 num...,
587 2870 615 2934 si
643 2870 911 2942 consulerentur,
961 2893 1039 2935 vera
1077 2870 1229 2936 dicturis.
1262 2871 1411 2936 Arcuere
1440 2893 1497 2935 eos
1544 2869 1656 2935 intimi

417 2980 601 3044 amicorum
621 2977 758 3055 Vitellii,
776 2976 823 3042 ita
841 2976 994 3042 formatis
1010 2977 1171 3066 principis
1185 2977 1334 3056 auribus,
1362 2985 1399 3044 ut
1414 3000 1543 3066 aspere,
1569 3000 1657 3065 quae

418 3087 537 3153 utilia..
558 3138 565 3165 ,
600 3086 777 3173 acciperet.
800 3122 844 3135 —
864 3084 925 3164 ΙΙΙ,
949 3083 1003 3173 57.
1028 3085 1212 3173 Praecipue
1239 3084 1502 3150 Puteolanorum
1515 3084 1549 3149 in
1573 3084 1657 3148 Ves-

417 3195 592 3284 pasianum
609 3193 734 3269 studio,
752 3200 868 3257 contra
880 3193 997 3279 Capua
1009 3191 1145 3257 Vitellio
1167 3192 1275 3259 fida...
1294 3192 1451 3258 Vitellius
1472 3190 1654 3258 Claudium

416 3301 595 3379 lulianum,
618 3301 646 3364 is
662 3323 769 3387 nuper
795 3299 938 3363 classem
973 3299 1201 3364 Misenensem
1227 3300 1322 3364 molli
1351 3300 1490 3388 imperio
1507 3307 1653 3367 rexerat.

414 3408 664 3498 permulcendis
684 3407 831 3471 militum
847 3407 1120 3493 animis'delegit.
1138 3446 1178 3458 ·-
1195 3407 1255 3476 ΙΙΙ,
1271 3406 1324 3472 58.
1338 3407 1430 3486 Quae
1445 3407 1503 3471 ubi
1514 3407 1653 3472 Vitellio

414 3517 590 3599 cognita...
611 3517 647 3580 L.
666 3515 840 3579 l'itellium
865 3515 1040 3579 tratrem...
1060 3516 1231 3602 ingruenti
1254 3538 1312 3602 per
1328 3515 1548 3603 Campaniam
1563 3513 1653 3578 bello

414 3625 615 3712 opposuit...
635 3621 791 3710 Plerique
809 3622 897 3685 baud
914 3621 1052 3708 perinde
1074 3622 1262 3703 t‘itellium,
1280 3646 1381 3711 quani
1396 3646 1511 3686 casum
1526 3621 1654 3685 locuni-

413 3756 478 3820 que
499 3732 707 3819 principatus
732 3728 1020 3794 miserabantur...
1046 3730 1134 3806 Quin
1151 3738 1183 3793 et
1205 3729 1382 3794 Caesarem
1400 3754 1434 3794 se
1448 3730 1514 3793 diei
1531 3728 1652 3796 voluit.

414 3848 613 3926 aspernatus
650 3845 759 3918 autea,
803 3836 860 3900 sed
899 3845 978 3900 lune
1019 3838 1258 3923 superstitione
1294 3838 1482 3904 nominis..
1538 3837 1652 3901 Donec

414 3947 571 4011 l'itellius
606 3945 732 4033 pudore
766 3944 858 4008 inriti
881 3955 1035 4025 eonatuS,
1061 3968 1145 4031 quae
1161 3969 1227 4008 non
1249 3944 1427 4021 dabantur,
1451 3944 1593 4009 remisit.
1612 3982 1654 3993 -

415 4055 474 4126 lll,
494 4054 547 4140 ἧς).
573 4053 670 4116 llaud
687 4052 826 4115 dubium
843 4075 921 4135 erga
940 4051 1119 4115 Flavianas
1136 4060 1249 4139 partes
1263 4051 1413 4115 studium
1430 4050 1654 4138 tampauidus

414 4161 718 4226 l'itelliidiscessus
735 4159 907 4223 addidit...
924 4158 1049 4231 l'atuit,
1064 4168 1227 4247 quantum
1246 4160 1449 4223 discriminis
1459 4158 1652 4223 adeundum

413 4271 509 4342 soret,
523 4270 554 4332 ni
570 4267 741 4332 l'itellium
758 4275 846 4331 retro
868 4267 1002 4330 lortuna
1018 4267 1217 4332 ve1·tissct..,
1238 4266 1383 4330 Obviam
1401 4266 1469 4330 illic
1490 4266 1649 4331 Petilium

412 4379 576 4442 Cerialem
607 4379 763 4455 habuere,
796 4376 921 4462 agresti
956 4377 1050 4441 cultu
1082 4384 1114 4441 et
1144 4378 1262 4441 notitia
1302 4376 1451 4440 lucorum
1479 4377 1652 4441 custodias

412 4486 539 4551 t'itellii
565 4486 759 4572 clapsum...
798 4483 990 4547 llomitianu
1022 4484 1138 4548 aderat
1167 4485 1313 4562 animus„
1345 4484 1403 4548 sed
1446 4483 1606 4548 custodes
1634 4509 1651 4548 a

412 4595 547 4659 l'itelliu
569 4594 715 4659 additi...
744 4591 960 4657 timebantur.
988 4592 1101 4680 Atque
1117 4593 1189 4678 ipse
1205 4592 1374 4672 Vitellius,
1394 4600 1548 4679 respectu
1568 4616 1634 4657 sua

413 4728 485 4767 rum
522 4700 820 4767 iieeessitudinum,
850 4699 932 4762 nihil
960 4699 993 4761 in
1027 4700 1259 4764 llomitianum
1288 4708 1383 4764 atrox
1412 4698 1565 4787 parabat.
1607 4736 1651 4749 -

414 4811 472 4877 lll,
503 4808 555 4878 tio,
580 4810 725 4872 l'ueatos
761 4807 803 4870 ad
837 4807 1030 4870 contionem
1065 4808 1235 4872 Antonius
1273 4808 1388 4872 docuit
1430 4830 1504 4872 esse
1540 4807 1652 4873 adhue

414 4919 549 4982 l'itelliu
561 4917 660 4991 rii-rs,
677 4913 865 5000 ambiguas,
884 4915 910 4976 si
928 4913 1166 4994 deliberarent,
1186 4940 1290 4994 acres,
1313 4917 1340 4979 si
1352 4915 1650 5003 desperassent...,

414 5051 473 5090 nec
488 5025 564 5111 plns
576 5050 592 5086 r
611 5032 679 5086 toto
704 5032 869 5085 terrarum
894 5020 973 5085 orbe
990 5022 1157 5110 reliquum
1174 5023 1311 5088 Vitellio
1331 5046 1434 5112 quam
1452 5022 1544 5111 quod
1563 5024 1653 5091 inter
