3709 6234
753 850 961 902 funuernum
1443 843 1497 899 399

219 989 352 1071 LACQ
368 1015 401 1056 v.
425 989 680 1057 CORNELIVS
697 990 829 1056 LACO.
1011 1021 1014 1028 ⁴

218 1097 504 1173 LAECANIVSa
522 1138 565 1147 —
587 1099 612 1178 l,
629 1101 682 1175 (r.
703 1099 750 1164 Dc
766 1121 962 1186 percussore
984 1096 1138 1183 (Galbae)
1157 1120 1223 1161 non
1244 1097 1327 1161 satis
1342 1104 1495 1162 constat:

218 1285 222 1292 Ι
261 1205 456 1294 quidam...,
474 1206 530 1271 alii
548 1206 792 1272 Laecanium...
809 1204 1007 1293 (tradidere)
1028 1205 1193 1291 impresso
1210 1203 1323 1290 gladio
1345 1203 1499 1290 iugulum

263 1314 333 1378 eius
349 1313 514 1379 hausisse.

218 1419 257 1486 C.
276 1420 566 1487 l..lllCrthl'S'².
585 1460 627 1470 -
658 1424 706 1499 15,
726 1421 779 1486 33.
798 1420 834 1486 C.
854 1420 1019 1486 Laecanio
1035 1419 1082 1486 M.
1103 1419 1229 1484 Licinio
1244 1418 1451 1484 oonsulibus

219 1527 624 1609 l.nl‹]1.1.t³.-15‚22.
657 1528 863 1595 llefuncta...
890 1529 986 1616 virgo
1021 1526 1168 1593 Vestalis
1196 1526 1320 1607 Laelia,
1350 1527 1384 1590 in
1404 1527 1499 1592 ouius

262 1634 373 1700 locum
388 1635 545 1702 Cornelia
565 1660 607 1701 ex
623 1635 749 1700 familia
775 1636 958 1701 Cossorum
973 1644 1070 1724 capta
1088 1643 1149 1701 est.

218 1741 564 1809 C.1..-tu1.1vst.-
588 1745 625 1810 0.
658 1746 707 1820 18,
739 1743 920 1831 (Loquitur
959 1742 1064 1831 Aper)
1098 1770 1114 1798 u
1141 1743 1258 1809 Servio
1289 1741 1417 1807 Galbae
1443 1748 1501 1807 aut

265 1851 303 1916 C.
320 1851 444 1916 Laelio
463 1860 522 1915 aut
539 1852 566 1914 C
587 1852 599 1890 '³’
619 1850 778 1933 Carboni,
800 1874 953 1940 quosque
972 1850 1057 1915 alios
1075 1850 1194 1915 merito
1223 1850 1380 1939 antiquos
1402 1872 1500 1915 voca-

264 1958 425 2023 verimus.
454 1959 541 2023 Sunt
557 1960 645 2023 enirn
670 1957 798 2023 horridi
819 1968 852 2024 et
867 1959 1013 2048 impoliti
1029 1966 1063 2023 et
1091 1957 1191 2023 rudes
1207 1965 1240 2023 et
1260 1958 1497 2024 informes...»

263 2103 305 2114 —
337 2067 392 2131 25.
426 2066 606 2155 (Loquitur
633 2065 808 2152 Messalla)
851 2091 867 2130 a
900 2066 998 2144 Quod
1031 2065 1073 2130 ad
1106 2066 1261 2131 Servium
1296 2064 1439 2131 Galbam
1467 2072 1502 2131 et

265 2173 302 2238 G.
331 2172 482 2238 Laelium
510 2174 643 2253 attinet,
673 2182 707 2239 et
731 2174 757 2238 si
779 2198 864 2262 quos
885 2173 969 2238 alios
1001 2173 1229 2262 antiquiorum
1252 2172 1345 2260 Aper
1374 2174 1501 2260 agitare

265 2303 331 2343 non
344 2280 486 2354 destitit,
505 2304 571 2345 non
587 2282 693 2368 exigit
708 2281 931 2360 defensorem,
945 2304 1022 2345 eum
1040 2280 1144 2346 fatear
1159 2281 1325 2369 quaedam
1341 2280 1501 2368 cloquen-

221 2375 226 2386 ’
266 2386 332 2451 tiae
353 2411 469 2452 eorum
484 2397 522 2453 ut
536 2389 687 2453 nascenti
703 2388 811 2453 adhuc
827 2412 887 2453 neo
903 2388 986 2453 satis
1002 2387 1137 2453 adultae
1157 2387 1317 2455 defuisse.
1337 2416 1352 2448 »

223 2493 416 2559 LAELIt's
437 2495 624 2576 BALBVS,
649 2495 852 2561 unhul-'sa
875 2535 918 2545 -
941 2495 973 2576 6,
995 2498 1050 2585 (7.
1083 2495 1217 2561 Laelius
1255 2494 1381 2559 Balbus
1411 2495 1501 2560 Acu-

265 2602 358 2676 tiam,
380 2602 416 2667 Ρ.
436 2602 563 2667 Vitellii
585 2603 756 2691 quondam
779 2627 932 2681 uxorem,
951 2604 1137 2668 maiestatis
1162 2602 1414 2690 postulaverat;
1436 2626 1501 2691 qua

265 2708 465 2773 damnata...
483 2748 526 2758 -
542 2708 574 2789 6,
596 2710 651 2786 (8.
678 2710 824 2775 liaedem
848 2733 976 2798 poenae
998 2709 1048 2798 (in
1071 2708 1219 2773 insulam
1242 2708 1445 2797 deportatio)
1465 2709 1500 2772 in

265 2815 416 2882 Laelium
432 2815 575 2881 Balbum
595 2816 833 2895 decernuntur,
852 2817 885 2882 id
895 2816 1031 2906 quidem
1052 2842 1071 2881 a
1086 2816 1291 2882 laetantibus
1304 2816 1499 2905 (patribus),

265 2925 342 3012 quia
376 2924 502 2989 Balbus
542 2925 627 2990 truci
656 2925 848 3013 eloquentia
876 2924 1075 3002 habebatur,
1110 2932 1287 3014 promptus
1322 2925 1501 2990 adversum

268 3032 431 3096 insontes.

222 3136 438 3204 LAERTES.
455 3177 500 3188 -
516 3140 554 3205 G.
574 3138 605 3206 3.
625 3139 756 3204 Vlixem
774 3140 913 3228 quidam
930 3140 1151 3228 opinantur...
1176 3140 1286 3204 adisse
1301 3139 1502 3204 Germaniae

266 3254 372 3311 terras
387 3245 736 3336 Asciburgiumque...
757 3247 799 3312 ab
822 3247 880 3311 illo
896 3247 1175 3326 constitutum...‚
1198 3270 1289 3311 aram
1306 3247 1500 3334 quinetiam

267 3353 357 3418 l'lixi
382 3363 624 3430 consecratam,
653 3354 784 3420 adiecto
814 3355 953 3420 Laertae
977 3355 1081 3443 patris
1112 3355 1260 3434 nomine,
1291 3354 1408 3418 eodem
1428 3353 1502 3418 loeo

267 3461 348 3525 olim
364 3470 542 3549 repertam.

225 3568 538 3635 LANGOBrtltbl.
563 3608 602 3617 -
626 3594 656 3637 2.
675 3569 729 3646 45.
758 3570 783 3634 F.
814 3592 958 3655 regno...
982 3568 1182 3633 hiarobodui
1211 3568 1341 3634 Suebae
1369 3577 1499 3655 gentes,

268 3677 454 3742 Semnones
478 3700 514 3740 ac
540 3677 766 3763 Langobardi.
786 3714 826 3724 —
848 3701 879 3754 2,
909 3676 960 3752 (fr.
991 3676 1168 3741 Exercitus
1188 3676 1343 3763 propriae
1368 3699 1502 3764 quoquc

266 3808 387 3848 causae
401 3783 633 3863 stimulabant,
652 3808 728 3848 cum
744 3809 761 3848 a
779 3783 959 3848 Cheruscis
976 3782 1274 3871 Langobardisque
1289 3806 1347 3871 pro
1362 3783 1502 3870 antiquo

267 3891 385 3956 decore
415 3899 473 3956 aut
501 3892 625 3956 recenti
654 3892 850 3957 libertate...
884 3898 1080 3956 certaretur.
1101 3929 1144 3938 —
1182 3915 1230 3968 rr,
1253 3915 1302 3978 ¹7·
1336 3890 1500 3956 Pulsus..

265 4002 338 4086 (rex
359 3997 506 4072 Italicus)
521 4023 559 4064 ae
579 4022 695 4064 rursus
713 3997 1011 4086 Langobardorum
1027 3998 1148 4086 opibus
1162 3996 1319 4074 refectus,
1341 3997 1502 4086 perlaeta

268 4130 326 4194 per
352 4106 493 4172 adversa
522 4131 574 4171 res
593 4107 781 4173 Cheruscas
807 4104 1015 4171 adflictabat.
1035 4145 1073 4156 -
1091 4107 1130 4173 G.
1162 4108 1215 4182 (0.
1244 4104 1501 4193 Langobardos⁷

258 4398 263 4432 ¹
283 4399 405 4454 Prummu,
424 4409 459 4457 ¹4·
479 4428 507 4436 -
524 4400 550 4453 Μ
563 4404 590 4447 et
607 4401 677 4458 vulg.
692 4415 697 4448 τ
713 4399 866 4451 1,(»ι-ηιιῐηηι,
883 4400 958 4446 Corr.
976 4400 1047 4452 coll..
1063 4398 1098 4456 15,
1110 4397 1139 4444 33
1155 4401 1182 4446 ct
1194 4397 1290 4447 filulis.

256 4480 267 4513 ²
283 4479 430 4528 Laecanius
449 4482 556 4529 Bassus.
577 4481 700 4536 Pansae..
720 4481 756 4529 ro.

255 4559 266 4594 ³
283 4560 404 4612 l'nosor..
417 4562 457 4623 37.
475 4562 600 4609 Fortasse.
618 4562 671 4609 filiu
689 4561 743 4624 (D.)
758 4562 839 4609 Laelii
855 4561 941 4609 Balbi.

255 4641 266 4676 ⁴
281 4641 309 4687 C.
328 4643 433 4690 Laelius
449 4642 572 4704 Sapiens,
588 4644 691 4690 amicus
708 4642 843 4705 Scipionis
858 4643 979 4690 Africani
996 4642 1120 4690 minoris.

253 4719 368 4769 ⁵Laelr'o
382 4724 429 4768 ant
446 4725 473 4769 (Ι.
491 4722 583 4784 suppl.
609 4723 699 4770 {litter
711 4725 784 4771 certa
800 4723 990 4771 emendatione
1008 4737 1040 4770 ex
1056 4723 1103 4770 eis.
1121 4737 1190 4784 quae
1206 4720 1332 4769 Messalla
1346 4721 1503 4784 respondet,

224 4802 298 4851 ωδ.
313 4802 352 4849 Cf.
368 4808 458 4850 tamen
474 4804 508 4850 ml
521 4803 550 4851 C.
565 4804 720 4854 (lannosnu.

255 4882 267 4916 ‘³
280 4881 312 4930 l).
331 4882 436 4931 Laelius
449 4883 557 4932 Balbus.
578 4884 703 4942 l‘nosor.)
716 4884 754 4933 νδ.

256 4961 265 4995 ³
284 4962 355 5015 BG:
376 4963 575 5028 longobardor:
593 4964 634 5014 n:
654 4963 843 5028 largobardos.
