3709 6234
709 890 850 944 Annum
872 890 990 944 iterun
1463 889 1495 943 21

259 1021 312 1079 tur
327 1014 475 1079 accusati
490 1014 662 1080 societatis
675 1037 752 1079 cum
777 1015 912 1093 Seiano,
930 1016 1042 1080 necari
1068 1014 1172 1081 iubet.
1199 1015 1305 1081 lacuit
1332 1014 1496 1082 immensa

259 1128 485 1208 strages...—
499 1121 531 1198 6,
543 1123 596 1187 23.
609 1121 791 1187 Tradidere
804 1123 941 1211 quidam
952 1124 1197 1210 praescriptum
1212 1123 1315 1188 luisse
1331 1124 1494 1196 Macroni.

258 1229 287 1293 si
310 1252 402 1293 arma
417 1228 458 1294 ab
485 1230 608 1295 Seiano
636 1237 900 1317 temptarentur,
919 1239 1108 1296 extractum
1145 1230 1318 1296 custodiae
1334 1231 1496 1318 (Drusum

259 1337 451 1402 Germanici
466 1337 629 1425 fllium)...
647 1337 767 1404 ducem
789 1338 913 1426 populo
943 1338 1127 1426 imponere.
1145 1376 1188 1386 —
1214 1338 1246 1415 6,
1268 1341 1320 1405 25.
1338 1338 1497 1403 Nondum

259 1445 288 1507 is
303 1443 400 1508 dolor
421 1443 628 1517 exoleverat.
645 1469 722 1510 cum
742 1445 783 1510 de
799 1445 988 1534 Agrippina
1004 1445 1168 1526 auditum,
1188 1470 1290 1534 quam
1320 1445 1496 1511 interfecto

258 1552 380 1618 Seiano
395 1576 454 1641 spe
468 1560 694 1618 sustentatam
729 1554 917 1641 provixisse
934 1577 1017 1617 reor.
1029 1604 1050 1619 ..
1071 1554 1197 1618 Eodem
1219 1553 1272 1619 die
1287 1553 1494 1633 defunctam,

259 1684 325 1748 quo
345 1659 482 1725 biennio
505 1667 584 1726 aute
604 1661 747 1727 Seianus
770 1684 897 1749 poenas
921 1660 1055 1740 luisset,
1086 1662 1336 1749 memoriaeque
1357 1662 1389 1725 id
1419 1685 1495 1749 pro-

257 1767 407 1833 dendum
435 1767 566 1833 addidit
596 1768 731 1835 Caesar.
755 1820 776 1844 .‚
805 1768 1046 1857 decretumque
1070 1777 1104 1833 ut
1136 1769 1292 1857 quintum
1313 1768 1494 1833 decumum

259 1875 326 1941 kal.
346 1876 567 1956 Novembres,
586 1877 761 1966 utriusque
777 1878 868 1942 necis
886 1876 951 1952 die,
965 1900 1025 1964 per
1035 1899 1153 1941 omues
1166 1900 1273 1941 annos
1285 1877 1412 1941 donum
1426 1878 1496 1942 lovi

258 1992 458 2051 sacraretur.
476 2024 519 2034 —
535 1985 568 2055 6,
583 2010 635 2072 29·
653 1984 743 2049 Nihil
759 1986 983 2071 (Mamercum
1003 1984 1180 2073 Scaurum)
1197 1985 1343 2050 amicitia
1368 1985 1493 2064 Seiani,

258 2092 316 2157 sed
350 2091 547 2158 labefecit...
574 2093 744 2157 Macronis
761 2091 887 2159 odium.
904 2130 947 2142 -
961 2091 993 2166 6,
1012 2094 1066 2157 30.
1083 2091 1239 2156 Abudius
1254 2092 1401 2169 lluso...,
1414 2093 1494 2157 dum

261 2200 403 2266 Lentulo
423 2199 643 2267 Gaetulico...
679 2199 866 2287 periculum
901 2199 1049 2269 lacessit.
1079 2198 1168 2287 quod
1192 2200 1219 2263 is
1249 2200 1362 2265 Seiani
1387 2199 1493 2265 lilium

258 2332 419 2394 generum
432 2307 648 2376 destinasset.
661 2307 750 2372 ultro
761 2307 983 2374 damnatur...
999 2307 1101 2372 Fama
1122 2315 1283 2371 constans
1295 2307 1493 2393 (lentulum

258 2414 487 2502 Gaetulicum)
503 2438 622 2479 ausum
639 2416 773 2479 mittere
788 2414 830 2479 ad
846 2413 1026 2479 Caesarem
1042 2413 1185 2492 litteras,
1198 2413 1410 2479 adlinitatem
1429 2414 1493 2480 sibi

257 2547 333 2588 cum
369 2523 491 2587 Seiano
509 2522 601 2588 haud
626 2530 760 2610 sponte.
783 2522 843 2587 scd
873 2521 1015 2587 consilio
1031 2521 1154 2586 'llberii
1171 2530 1367 2609 coeptam...
1387 2523 1490 2602 llaec,

257 2632 339 2695 mira
372 2653 591 2719 quamquam,
618 2628 719 2694 sidem
741 2652 780 2693 cx
812 2652 851 2694 eo
887 2628 1078 2705 trahebant,
1109 2628 1198 2718 quod
1225 2652 1312 2694 unus
1341 2630 1492 2695 omnium

255 2737 366 2802 Seiani
383 2736 545 2801 adfinium
565 2735 744 2801 incolumis
757 2735 931 2825 multaque
947 2737 1054 2823 gratia
1081 2737 1215 2800 mansit.
1232 2776 1276 2785 —
1291 2736 1324 2812 6,
1343 2737 1395 2802 38.
1416 2738 1490 2803 Non

255 2846 345 2910 enim
360 2843 543 2922 Tiberium,
562 2867 767 2933 quamquam
783 2845 928 2909 triennio
945 2853 1023 2931 post
1053 2843 1190 2908 caedem
1217 2844 1386 2920 Seiani...
1404 2854 1492 2910 tem-

256 2976 329 3040 pus.
374 2973 504 3039 preces,
542 2952 646 3017 satias
685 2950 931 3039 mitigabant...
951 2951 1150 3039 (Supremas
1177 2951 1318 3015 Fulcinii
1357 2952 1490 3017 'l'riouis

257 3058 404 3144 tabulas)
413 3059 545 3124 recitari
562 3057 715 3124 'liberius
732 3060 843 3132 iussit,
863 3066 1120 3146 ...contemptor
1145 3081 1226 3123 suae
1247 3059 1415 3129 infamiae.
1448 3085 1488 3125 air

256 3166 420 3232 scelerum
447 3166 559 3232 Seiani
571 3167 629 3232 diu
644 3167 779 3232 nescius
795 3190 873 3231 mox
890 3189 1026 3255 quoquo
1047 3166 1148 3230 modo
1166 3165 1254 3231 dicta
1274 3166 1405 3253 vulgari
1422 3192 1491 3232 nra-

254 3273 346 3339 lebat
369 3274 630 3363 veritatisque...
660 3297 719 3362 per
747 3273 868 3361 probra
897 3273 1019 3338 saltem
1049 3297 1176 3359 gnarus
1207 3274 1289 3340 lieri.
1318 3313 1362 3325 -
1383 3274 1414 3352 6,
1435 3277 1487 3351 48.

255 3382 480 3447 Arruntius...
511 3381 671 3446 amicis..
696 3380 880 3468 respondit.
901 3379 963 3443 silvi
997 3381 1078 3445 satis
1108 3382 1240 3450 aetatis.
1263 3404 1370 3469 neque
1398 3382 1487 3447 aliud

255 3488 509 3576 paenitendum.
539 3511 641 3578 quam
666 3488 798 3577 quod...
819 3489 954 3553 anxiam
984 3497 1154 3555 senectam
1186 3490 1408 3560 toleravisset.
1432 3491 1489 3555 ‹lin

254 3597 388 3673 Seiano,
407 3619 497 3661 nnuc
513 3596 676 3666 Macroni.
695 3619 827 3685 semper
846 3595 946 3660 alicui
969 3597 1157 3683 potentium
1184 3598 1354 3663 invisus...
1374 3601 1485 3667 ,ln....

253 3704 375 3770 (laium
395 3705 617 3771 Caesarem...
635 3704 772 3770 meliora
799 3705 1044 3792 capessiturum
1060 3705 1218 3770 llacroue
1243 3705 1339 3773 duce.
1363 3707 1419 3794 qui
1452 3715 1504 3777 ut,

252 3811 399 3877 deterior
418 3812 461 3877 ad
480 3812 739 3901 opprimendum
761 3813 919 3877 Seianum
949 3812 1165 3879 delectus...‘l
1179 3850 1221 3862 -
1238 3812 1335 3884 am.
1353 3814 1486 3877 ,llorum

251 3943 386 4009 quoque
409 3928 560 4008 tempora
587 3919 747 4009 (Tiberio)
779 3919 969 3996 diversa...‚
988 3920 1191 3986 intestabilis
1232 3922 1385 3996 saevitia,
1427 3923 1486 3986 sed

251 4026 396 4093 obtectis
411 4026 706 4105 libidinibusdum
722 4027 882 4092 Seianum
899 4026 1018 4092 dilexit
1033 4029 1200 4095 timuitve.
1214 4065 1256 4077 -
1281 4028 1329 4107 13,
1342 4029 1396 4106 45.
1414 4029 1485 4114 (Τ.)

251 4135 379 4200 (lllium
407 4135 598 4224 (Poppaeae
626 4133 786 4204 Sabinae.
813 4135 957 4200 Neronis
988 4137 1105 4200 uxoris
1129 4137 1273 4223 patreml
1301 4135 1484 4201 honoribus

252 4242 403 4308 nondum
422 4242 575 4309 iunctum
591 4244 738 4308 amicitia
753 4243 865 4309 Seiani
884 4244 1044 4331 pervertit
1063 4244 1083 4309 ¹.

201 4351 260 4438 (1,.
275 4349 439 4415 ΛΕΗΥΞ
458 4349 613 4437 Stilo).
627 4374 659 4416 v.
679 4350 857 4416 (lnln't's
877 4351 945 4439 ist..
961 4352 1028 4416 23³.

202 4456 434 4545 <Attulit-t)
451 4456 619 4522 {alvum
631 4456 654 4536 ²,
667 4482 700 4523 v.
721 4457 888 4521 llil'lllA
903 4460 966 4544 (A)

202 4564 400 4631 AEMILIA
428 4564 626 4629 LEPHtlt.
653 4604 696 4614 —
718 4565 749 4636 6,
782 4567 835 4641 lo.
875 4565 1018 4629 ‚lemilia
1056 4566 1193 4654 Lepida.
1234 4590 1334 4655 (piam
1370 4568 1484 4633 iuveni

241 4841 247 4873 ¹
266 4840 297 4889 t‘.
315 4840 409 4899 eliam,
421 4849 445 4898 4,
462 4855 493 4901 2;
507 4843 531 4900 6,
543 4851 581 4905 47.

237 4919 345 4967 ²Soror
359 4920 397 4967 u·
412 4921 520 4969 Aemilii
540 4922 644 4984 Lepidi.

236 5001 384 5060 wamia,
400 5009 456 5064 294.
469 5030 498 5039 -
512 5003 577 5051 Filia
596 5004 632 5053 nl.
647 5004 755 5052 Aeriiilii
776 5005 868 5067 Lepidi
887 5006 1021 5068 (l’rmson.
1033 5006 1100 5064 258².
