3709 6234
682 851 786 903 IVLIVS
805 851 970 904 CLASSICVS
1419 849 1470 904 ³81

237 991 358 1057 diebus
385 992 511 1057 deditio
536 993 687 1058 insecuta
708 999 770 1058 est.
802 991 888 1056 Nam
917 990 1059 1056 Cerialis
1078 1014 1137 1078 per
1161 992 1311 1057 occultos
1339 992 1477 1056 nuntios

241 1098 378 1162 batavis
393 1122 522 1187 pacem,
551 1097 652 1162 Civili
680 1098 812 1162 veniam
833 1104 1052 1163 ostentans...
1072 1125 1087 1156 «
1111 1096 1228 1185 Neque
1251 1096 1344 1161 aliud
1357 1095 1477 1161 Civilis

238 1205 384 1271 amicitia
402 1215 534 1293 partum
551 1228 652 1292 quam
673 1204 825 1283 vulnera,
859 1204 966 1290 fugae,
986 1203 1111 1269 luctus.
1137 1231 1151 1265 n
1173 1243 1217 1253 -
1247 1205 1287 1280 V,
1308 1205 1360 1269 25,
1385 1204 1476 1270 Haec

236 1311 360 1397 vulgus
376 1313 622 1400 (Batavorum),
651 1334 806 1400 proceres
831 1310 1016 1376 atrociora:
1041 1310 1160 1376 Civilis
1189 1311 1281 1377 rabie
1314 1320 1422 1377 semet
1442 1313 1475 1376 in

238 1442 329 1483 arma
358 1428 510 1487 trusos...
529 1459 572 1469 -
593 1420 634 1498 V,
666 1419 719 1484 26.
743 1419 819 1483 Non
848 1417 967 1482 fefellit
998 1417 1142 1487 Civilem
1172 1442 1209 1484 ea
1243 1418 1416 1485 inclinatio
1444 1426 1478 1485 et

238 1527 433 1613 praevenire
459 1528 619 1593 statuit...
645 1525 755 1592 Petito
780 1524 1004 1613 conloquio...
1027 1525 1146 1591 Civilis
1169 1526 1270 1614 (apud
1296 1525 1476 1614 Cerialem)

239 1633 284 1697 ita
306 1635 457 1722 coepit...

196 1738 344 1808 lVLlVS
356 1741 715 1808 CLASSlClANVffl.
733 1782 777 1791 —
797 1740 913 1823 1438.
928 1742 1032 1809 lulius
1045 1741 1285 1812 Classieianus.
1304 1764 1478 1807 successor

239 1846 323 1912 Cato
338 1850 503 1934 (Deciano
518 1850 711 1914 Britanniae
725 1853 949 1937 procuratori)
967 1852 1090 1915 missus
1105 1858 1139 1914 ct
1158 1849 1319 1915 Suetonio
1336 1847 1478 1937 (legato)

238 1954 367 2019 discors
384 1955 511 2021 bonum
534 1955 708 2045 publicum
725 1957 866 2045 privatis
882 1957 1115 2024 simultatibus
1129 1955 1393 2044 impediebat...⁹

198 2061 346 2127 IVLIVS
362 2064 618 2133 CLASSlCVS.
642 2063 861 2129 CLASSICV
864 2066 887 2130 S
897 2066 922 2131 ³.
945 2103 988 2116 -
1005 2064 1048 2142 ll,
1076 2068 1125 2141 nt.
1145 2063 1343 2129 Vniversam
1365 2063 1478 2129 Trevi-

240 2193 352 2233 rorum
370 2170 459 2234 alam
479 2194 554 2234 cum
572 2170 657 2236 lulio
677 2171 829 2237 Classico
845 2171 1014 2260 praesecto
1032 2171 1125 2236 misit
1139 2170 1280 2254 (Fabius
1299 2171 1424 2236 Valens
1443 2170 1478 2235 in

240 2276 429 2341 subsidium
445 2278 637 2365 provinciae
653 2278 892 2366 Narbonensi).
915 2319 949 2329 —
971 2279 1029 2353 IV,
1053 2279 1107 2343 55.
1126 2278 1307 2344 Interfecto
1328 2278 1478 2343 Hordeo-

241 2385 296 2447 nio
320 2408 550 2451 connneaverc
573 2386 680 2450 nuntii
708 2386 796 2451 inter
815 2386 959 2451 Civilem
987 2386 1244 2475 Classicumque
1270 2386 1478 2473 praelectum

241 2490 313 2556 alae
343 2492 571 2559 Trevirorum.
608 2492 781 2561 Classicus
809 2492 986 2558 nobilitate
1027 2493 1216 2583 opibusque
1254 2501 1331 2559 ante
1370 2493 1475 2572 alios;

244 2599 373 2684 regium
395 2599 444 2662 illi
459 2624 568 2687 genus
583 2608 617 2665 ct
645 2624 725 2688 pace
750 2599 906 2688 belloque
926 2600 1016 2666 clara
1032 2602 1144 2689 origo:
1168 2601 1275 2689 ipsae
1295 2600 1479 2665 maioribus

242 2707 311 2770 suis
325 2707 439 2771 hostes
455 2706 571 2795 populi
589 2708 732 2771 Itomani
749 2731 849 2796 quam
868 2709 977 2773 socios
993 2707 1150 2773 iactabat.
1178 2747 1218 2757 —
1245 2707 1301 2784 lV,
1329 2707 1383 2796 57.
1409 2706 1479 2772 Nec

241 2812 358 2902 procul
376 2813 554 2878 Veteribus
568 2814 684 2879 aberat
700 2815 834 2897 (Dillius
856 2815 1010 2901 Vocula),
1032 2839 1108 2880 cum
1130 2814 1302 2880 Classicus
1321 2838 1358 2879 ac
1375 2814 1479 2880 Tutor

243 2946 301 3011 per
332 2922 479 3009 speciem
508 2922 706 3009 explorandi
734 2924 922 3010 praegressi
956 2947 1033 2987 eum
1058 2922 1202 2987 ducibus
1232 2923 1478 2988 Germanorum

242 3038 340 3117 pacta
353 3031 540 3094 tirmavere.
563 3079 569 3093 .
589 3029 774 3118 Postquam
790 3036 941 3117 perstare
958 3031 992 3095 in
1007 3029 1147 3118 pertidia
1162 3028 1352 3095 Classicum
1369 3030 1478 3095 Tuto-

242 3160 379 3225 remque
413 3136 515 3206 ridet.
549 3159 643 3200 verso
672 3137 791 3201 itinere
827 3136 1031 3201 Novaesium
1066 3137 1232 3202 concedit.
1259 3175 1304 3188 -
1333 3137 1389 3218 lV,
1421 3136 1476 3205 58.

242 3243 480 3330 (Contionatur
495 3244 583 3330 apud
610 3243 733 3308 milites
745 3243 886 3329 Vocula)
915 3273 930 3304 a
947 3243 1079 3308 Bellum
1092 3268 1168 3309 cum
1185 3243 1309 3332 populo
1326 3244 1479 3309 llomano

243 3351 364 3415 vestris
391 3375 426 3414 se
457 3349 613 3414 manibus
630 3360 806 3437 gesturum
834 3351 1005 3416 Classicus
1032 3360 1145 3439 sperat
1172 3352 1418 3439 imperiumque
1446 3358 1481 3416 ct

243 3466 491 3522 sac-ramentum
525 3457 713 3522 Galliarum
756 3467 946 3525 ostentat...
990 3458 1038 3523 Ne
1080 3459 1141 3522 boc
1178 3457 1371 3545 prodigium
1409 3464 1479 3522 toto

242 3573 405 3630 terrarum
435 3563 514 3628 orbe
541 3564 709 3652 vulgetur,
749 3564 846 3630 vobis
883 3564 1088 3630 satellitibus
1122 3565 1264 3630 Civilem
1291 3574 1323 3630 et
1358 3564 1481 3630 Classi-

240 3695 316 3737 cum
338 3671 469 3736 ltaliam
495 3672 713 3742 invasuros...
740 3673 798 3743 Te.
836 3672 1040 3761 luppiter...,
1073 3681 1117 3742 tc.
1145 3673 1342 3750 Quirine...‚
1359 3695 1479 3759 precor

244 3801 464 3866 venerorque,
498 3788 577 3844 ut...
607 3779 688 3843 haec
726 3788 877 3845 eastra...
924 3779 1029 3866 pollui
1077 3779 1270 3868 foedarique
1304 3803 1323 3843 a
1357 3779 1480 3844 Tutore

243 3893 277 3950 et
297 3886 447 3950 Classico
468 3909 508 3950 ne
529 3887 647 3952 sinatis
684 3915 711 3952 n.
743 3924 788 3937 -
815 3886 872 3965 lV,
910 3888 964 3973 59.
1001 3885 1172 3951 Classicus
1203 3886 1306 3950 misso
1333 3885 1481 3951 Aemilio

244 3993 439 4080 Longino...
474 3994 611 4058 caedem
650 3992 760 4070 tllillii
794 3993 955 4081 Voculae)
987 3994 1209 4058 maturavit...
1243 3993 1381 4058 Divisae
1401 3992 1480 4058 inde

244 4100 331 4165 inter
360 4100 518 4165 'luterem
542 4111 575 4165 et
599 4101 788 4165 Classicum
818 4124 959 4167 curae...
991 4100 1163 4166 Classicus
1187 4102 1481 4190 corruptissimum

243 4230 410 4295 quemque
426 4232 443 4271 c
458 4207 580 4272 deditis
597 4232 733 4294 pergere
747 4208 790 4272 ad
805 4208 964 4271 obsessos
980 4207 1083 4281 iubet,
1105 4209 1239 4272 veniam
1254 4215 1478 4290 ostentantes,

244 4315 313 4379 si...
333 4353 374 4362 —
393 4313 521 4381 lusa.
549 4316 668 4378 Civilis
701 4324 734 4379 et
758 4314 931 4379 Classicus
960 4314 1061 4379 rebus
1088 4315 1246 4380 secundis
1271 4315 1407 4396 sublati,
1438 4340 1480 4381 an

243 4421 410 4486 coloniam
435 4423 720 4508 Agrippinensem
743 4422 968 4509 diripiendam
985 4421 1189 4488 exercitibus
1214 4422 1284 4486 suis
1306 4423 1482 4510 permitte·

243 4537 329 4610 rent,
357 4528 566 4593 dubitavere.
601 4569 643 4577 -
671 4529 728 4610 IV,
753 4554 806 4617 70.
838 4529 1009 4602 Classicus
1029 4553 1132 4617 segne
1154 4528 1353 4617 plerumque
1374 4530 1480 4595 otium

233 4798 241 4832 ¹
258 4798 380 4854 l'nosor·.,
399 4805 449 4850 rar.

230 4877 241 4911 ²
257 4878 289 4926 V.
304 4879 384 4927 etiam
404 4886 439 4936 14.
457 4880 496 4941 39.

232 4957 243 4990 ³
260 4956 383 5016 l‘nosor·.,
398 4959 448 5007 182.

100 5161 775 5525 ΓΧ,
