3709 6234
282 866 335 921 434
779 867 900 921 MAlthS
921 867 1073 922 llA'l‘l'ltt'S

328 1010 522 1098 Mansitque
543 1009 643 1074 Celso
671 1008 763 1073 velut
788 1008 936 1074 fataliter
955 1010 1057 1074 etiam
1086 1032 1146 1096 pro
1168 1009 1301 1076 Othone
1330 1010 1414 1076 fides
1434 1012 1568 1100 integra

328 1125 361 1182 et
387 1117 517 1183 infelix.
544 1117 647 1182 Laeta
673 1115 876 1203 primoribus
900 1116 1059 1198 civitatiS,
1086 1115 1255 1183 celebrata
1279 1118 1314 1183 in
1332 1118 1456 1206 vulgus
1477 1119 1569 1184 Celsi

329 1224 422 1289 salus
438 1248 478 1289 ne
495 1224 661 1289 militibus
684 1224 821 1311 quidem
837 1223 971 1310 ingrata
987 1224 1060 1302 luit,
1084 1225 1238 1290 eamdem
1268 1226 1428 1291 virtutem
1459 1226 1570 1291 admi·

329 1333 494 1410 rantibus,
516 1333 570 1396 cui
588 1330 829 1396 irascebantur.
856 1370 891 1379 -
908 1330 997 1420 l.77.
1018 1331 1129 1397 Ceteri
1145 1333 1341 1398 consulatus
1358 1357 1399 1398 cx
1415 1332 1569 1399 destina-

330 1442 421 1505 tione
443 1441 586 1506 Neronis
612 1448 669 1504 aut
682 1437 810 1502 Galbae
841 1461 1052 1519 niansere...,
1074 1440 1175 1504 Arrio
1203 1441 1378 1505 Antonino
1398 1448 1432 1506 et
1460 1440 1570 1507 Mario

331 1547 430 1612 Celso
460 1548 494 1613 in
524 1546 714 1632 (kalendas)
745 1547 974 1635 Septembres.
1007 1569 1150 1635 quorum
1179 1547 1299 1612 honori
1332 1570 1374 1612 ne
1405 1547 1568 1614 Vitellius

330 1655 466 1743 quidem
483 1655 591 1719 victor
611 1655 814 1719 intercessit.
839 1692 880 1700 -
906 1652 931 1727 Ι,
956 1654 1010 1741 87.
1033 1652 1190 1718 Peditum
1213 1654 1434 1742 equitumque
1462 1656 1570 1742 copiis

329 1763 512 1828 Suetonius
547 1760 723 1839 Paulinus,
765 1759 893 1824 ilarius
929 1760 1063 1840 Celsus,
1093 1760 1230 1824 Annius
1260 1759 1381 1826 Gallus
1416 1769 1566 1828 rectores

329 1869 489 1934 destinati
504 1869 561 1954 (ab
583 1868 742 1954 Othone),
761 1867 821 1931 scd
836 1867 981 1955 plurima
999 1868 1082 1932 tides
1098 1868 1226 1932 Licinio
1243 1866 1387 1933 Proculo
1407 1871 1570 1956 praetorii

329 1976 509 2063 praelecto,
534 1975 607 2041 ls..
626 1976 861 2040 auctoritatem
878 1974 1024 2055 Paulini,
1043 1976 1194 2062 vigorem
1211 1974 1313 2050 Celsi,
1336 1978 1568 2043 maturitatem

329 2083 461 2149 Galli...
492 2081 745 2147 criminando..
780 2122 820 2131 -
851 2081 874 2155 Ι,
904 2108 958 2171 90.
991 2083 1029 2146 ln
1056 2084 1208 2147 consiliis
1242 2082 1381 2148 militiae
1402 2084 1567 2150 Suetonio

330 2191 472 2255 Paulino
490 2200 523 2255 et
539 2191 645 2255 llario
662 2190 773 2257 Celso.
797 2241 803 2253 .
822 2190 925 2274 (Otho
940 2190 1125 2276 utebatur).
1143 2190 1246 2269 -ΙΙ,
1266 2190 1319 2255 23.
1333 2190 1512 2270 Certatim,
1533 2201 1569 2258 ut

329 2297 471 2385 quisque
489 2298 600 2362 animo
612 2299 766 2386 ignarus,
783 2323 908 2386 procax
921 2322 990 2371 ore,
1002 2299 1156 2364 Annium
1167 2298 1305 2365 Gallum
1321 2307 1354 2366 et
1365 2300 1568 2367 Suetonium

330 2404 509 2469 Paulinum
535 2415 568 2469 ct
588 2406 733 2470 hiarium
759 2407 908 2485 Celsum,
941 2406 1093 2494 aliosque
1112 2429 1199 2494 quos
1227 2407 1314 2472 Otho
1344 2408 1564 2495 praefecerat,

329 2512 432 2575 variis
465 2511 663 2577 criminibus
697 2512 923 2579 incessebant.
962 2553 1005 2561 —
1036 2514 1078 2592 ΙΙ,
1108 2517 1160 2592 24.
1203 2514 1333 2579 Interea
1365 2515 1501 2580 Paulini
1534 2524 1569 2582 et

331 2618 422 2682 Celsi
454 2619 558 2683 ductu
586 2643 639 2683 res
667 2620 801 2706 egregie
836 2627 993 2705 gestae...
1031 2621 1155 2685 Curam
1197 2621 1349 2708 peditum
1390 2622 1566 2698 Paulinus,

330 2727 479 2814 equitum
509 2725 629 2791 Celsus
656 2750 842 2814 sumpsere.
878 2726 991 2804 -ll,
1028 2727 1080 2793 25.
1118 2729 1311 2816 Antequam
1345 2730 1569 2796 miscerentur

332 2834 422 2898 acies
443 2841 535 2921 terga
563 2833 775 2899 vertentibus
799 2833 1004 2915 Vitellianis,
1022 2834 1143 2899 Celsus
1159 2834 1228 2899 doli
1242 2835 1391 2922 prudens
1407 2838 1570 2926 repressit

331 2965 422 3006 suos.
446 2940 619 3006 Vitelliani
640 2950 763 3006 temere
793 2951 1016 3029 exsurgentes
1038 2944 1093 3024 (ex
1115 2942 1261 3029 insidiis)
1282 2945 1420 3009 cedente
1441 2946 1569 3009 sensim

220 3047 223 3053 ’
330 3048 429 3114 Celso
454 3047 588 3134 longius
609 3049 715 3113 secuti
735 3047 825 3113 ultro
850 3049 883 3112 in
909 3049 1050 3112 insidias
1073 3049 1348 3136 praecipitantur.
1375 3086 1420 3100 —
1448 3050 1566 3124 11,33.

330 3154 525 3220 Accedebat
558 3156 744 3220 sententiae
783 3156 965 3244 (Suetonii)
1015 3155 1146 3219 l'aulini
1181 3156 1398 3244 (trahendum
1419 3157 1567 3223 ¹bellurn

330 3262 455 3328 Othoni
484 3263 670 3348 suadentis)
697 3263 824 3326 Marius
849 3262 988 3341 Celsus;
1020 3262 1108 3325 idem
1137 3262 1268 3350 placere
1290 3265 1405 3328 Annio
1421 3264 1564 3333 Gallo...

330 3370 571 3436 rettulerant...
606 3371 789 3458 Postquam
819 3371 961 3457 pugnari
999 3369 1173 3455 placitum,
1224 3372 1388 3436 interesse
1432 3397 1568 3459 pugnae

331 3479 566 3563 imperatorem
601 3501 643 3542 an
677 3480 793 3564 seponi
830 3478 950 3541 melius
983 3477 1068 3540 soret
1103 3476 1316 3558 dubitavere,
1356 3478 1499 3544 Paulino
1534 3489 1568 3545 et

330 3585 429 3648 Celso
445 3586 510 3647 iam
528 3607 593 3647 non
611 3584 881 3661 adversantibus,
906 3608 989 3648 ue...
1006 3624 1047 3630 -
1069 3582 1111 3656 ΙΙ,
1131 3583 1183 3672 39.
1205 3586 1359 3650 Proiecto
1381 3586 1568 3652 Brixellum

330 3693 462 3756 Othone
483 3746 518 3772 ..,
538 3691 658 3755 Celsus
674 3700 707 3756 et
723 3692 897 3768 Paulinus,
914 3716 990 3755 cum
1011 3691 1189 3777 prudentia
1205 3717 1319 3756 eornm
1336 3716 1435 3757 nemo
1457 3701 1569 3760 utere·

331 3807 394 3875 tur,
423 3801 514 3865 inani
542 3801 676 3864 nornine
696 3800 818 3863 ducum
838 3799 967 3862 alienae
981 3799 1099 3885 culpae
1120 3799 1437 3885 praetendebantur.
1460 3802 1565 3877 -ll,

334 3912 383 3984 lo.
403 3908 502 3972 Celso
519 3916 552 3971 et
569 3905 950 3971 Paulinoabnuentibus
973 3906 1113 3969 militem
1134 3906 1252 3970 itinere
1271 3908 1407 3984 l'essurn,
1426 3909 1569 3973 sarcinis

330 4038 480 4099 gravem,
513 4014 645 4078 obicere
671 4014 817 4080 hosti...
849 4013 1002 4076 'l'itianus
1043 4020 1076 4076 et
1111 4012 1287 4090 Proculus
1321 4013 1376 4077 uhi
1414 4013 1568 4079 consiliis

331 4123 555 4194 vincerentur,
588 4120 629 4183 nd
654 4121 706 4184 ius
731 4121 861 4206 imperii
883 4118 1084 4183 transibant.
1108 4159 1149 4168 -
1185 4120 1225 4199 ΙΙ,
1258 4123 1310 4196 sn).
1339 4121 1510 4185 Titianum
1535 4130 1568 4186 et

330 4228 467 4292 Celsum
496 4252 564 4291 nox
591 4228 686 4303 iuvit,
716 4226 890 4313 dispositis
911 4228 975 4290 iarn
993 4226 1144 4289 excubiis
1163 4228 1432 4315 compressisque
1455 4228 1569 4293 militi-

330 4334 433 4401 bus..
461 4374 504 4384 -
538 4335 580 4410 ΙΙ,
606 4334 659 4397 6ο.
689 4334 795 4397 llario
821 4333 919 4396 Celso
947 4332 1143 4396 consulatus
1163 4348 1319 4397 servatur
1344 4340 1377 4417 (a
1400 4335 1565 4423 l'itellio).

329 4443 395 4507 Sed
413 4442 575 4506 creditum
592 4441 679 4503 larua
695 4439 930 4526 obiectumque
946 4463 1023 4504 mox
1045 4440 1078 4503 in
1100 4448 1220 4505 senatu
1235 4439 1382 4505 Caecilio
1398 4442 1565 4529 Simplici,

329 4550 418 4637 quod
453 4572 529 4612 eum
560 4549 722 4611 honorem
762 4548 900 4634 pecunia
948 4548 1100 4617 mereari,
1138 4569 1197 4610 nec
1228 4548 1299 4610 sine
1326 4548 1429 4612 exitio
1461 4548 1565 4626 Celsi,

330 4657 530 4721 voluisset¹.

286 4764 461 4829 hlAltll'S
494 4761 721 4837 tlrt'lvltt's,
754 4761 982 4826 hlATVllVS.
1027 4799 1066 4808 —
1103 4761 1143 4835 ll,
1184 4784 1232 4824 ια.
1270 4760 1459 4827 hlaritinras
1494 4771 1568 4829 turn

321 4981 329 5013 ¹
351 4978 382 5025 V.
403 4981 484 5025 etium
504 4978 536 5036 ll,
552 4986 590 5033 tr,
610 4979 646 5033 43.
664 4980 703 5038 59.
