3709 6234
722 840 936 895 ninsnrsrvs
1444 838 1498 893 507
1619 827 1629 846 ’

219 980 258 1049 P.
281 980 531 1061 QVlRlNlVS,
553 1006 587 1049 v.
604 981 840 1049 SVLPICIVS
861 980 1104 1060 QVlRlNlVS.

219 1088 556 1171 Qt⁷1R1st.-l,
575 1091 627 1158 38.
652 1089 844 1178 Optimos..
871 1090 1066 1156 mortalium
1094 1088 1260 1155 altissima
1295 1113 1428 1178 cupere,
1449 1091 1497 1157 sio

264 1197 445 1264 Herculem
459 1205 492 1264 et
511 1197 670 1265 Liberum
692 1197 780 1286 apud
801 1197 961 1280 Graecos,
988 1195 1166 1275 Quirinum
1193 1197 1282 1285 apud
1309 1220 1371 1262 nos
1394 1199 1496 1265 deum

263 1328 404 1370 numero
416 1305 561 1372 additos.
583 1333 644 1366 0-
656 1305 714 1382 IV,
725 1305 778 1372 58.
794 1333 809 1365 «
821 1305 878 1378 Te.
897 1304 1048 1388 Quirine,
1063 1305 1235 1369 Romanae
1253 1327 1374 1392 parens
1389 1305 1495 1390 urbis,

263 1435 381 1500 precor
396 1436 618 1502 venerorque,
635 1421 714 1480 ut...
736 1441 751 1473 »

219 1518 442 1598 QVIRITES.
464 1558 508 1571 -
528 1545 556 1602 r,
573 1522 629 1598 40.
647 1549 662 1580 «
682 1521 790 1586 Divus
801 1519 908 1585 lulius
923 1520 1122 1586 seditionem
1134 1520 1302 1586 exereitus
1315 1543 1383 1585 uno
1394 1520 1497 1588 verbo

261 1628 482 1717 compescuit,
510 1627 658 1708 Quirites
678 1627 845 1705 vocando,
872 1628 929 1717 qui
959 1633 1208 1693 sacramentum
1234 1626 1305 1692 eius
1332 1626 1498 1695 detrecta-

262 1736 355 1802 bant.
376 1765 391 1796 »

219 1843 546 1911 BADAMISTVS¹.
568 1882 611 1892 --
635 1867 686 1923 ra,
709 1845 762 1921 44.
780 1842 862 1909 Erat
877 1842 1116 1908 Pharasmanis
1131 1843 1222 1909 lilius
1237 1843 1372 1909 nomine
1388 1843 1499 1911 Rada-

263 1951 396 2030 mistus,
421 1951 540 2016 decora
565 1951 778 2039 proceritate,
804 1950 838 2013 vi
861 1950 1011 2037 corporis
1036 1949 1179 2037 insignis
1203 1958 1237 2016 et
1259 1952 1385 2040 patrias
1409 1960 1499 2019 artes

263 2058 413 2140 edoctuS,
429 2057 586 2146 claraque
599 2058 686 2122 inter
696 2055 827 2122 accolas
840 2056 941 2123 lama.
958 2056 991 2121 ls
1002 2056 1171 2122 modicum
1183 2057 1340 2123 Hiberiae
1356 2081 1497 2147 regnum

263 2174 396 2232 senecta
423 2166 529 2254 patris
556 2163 698 2230 detineri
728 2162 873 2229 leroeius
898 2163 1115 2253 crebriusque
1142 2163 1300 2245 iactabat,
1330 2189 1432 2254 quam
1462 2173 1499 2233 ut

262 2273 453 2363 cupidinem
484 2272 710 2339 occultaret...
740 2270 971 2348 Radamistus,
996 2270 1154 2338 simulata
1179 2272 1342 2337 adversus
1368 2281 1497 2362 patrem

262 2381 429 2447 discordia
442 2388 613 2468 tamquam
627 2402 792 2445 novercae
805 2379 891 2443 odiis
906 2379 1027 2466 impar,
1045 2379 1155 2467 pergit
1170 2379 1212 2445 ad
1225 2387 1395 2468 patruum,
1414 2381 1499 2446 mul-

264 2498 363 2577 taque
385 2488 426 2552 ab
447 2512 485 2553 eo
506 2488 664 2553 comitate
684 2487 718 2551 in
738 2487 884 2575 speciem
901 2484 1044 2552 libernm
1065 2486 1177 2552 cultus
1196 2488 1360 2575 primores
1379 2489 1499 2554 Arme-

264 2598 395 2661 niorum
410 2595 453 2660 ad
469 2619 522 2660 res
537 2618 642 2660 novas
661 2594 781 2674 inlicit,
796 2594 914 2682 ignaro
929 2600 964 2659 et
975 2601 1116 2659 ornante
1135 2595 1274 2683 insuper
1289 2595 1496 2663 Mithridate.

264 2741 305 2753 —
331 2728 380 2784 ια,
398 2703 453 2781 45.
472 2703 693 2768 Radamistus
716 2702 840 2766 frustra
864 2700 919 2766 vel
939 2723 1015 2765 cum
1041 2700 1165 2766 damno
1186 2703 1360 2789 temptatis
1381 2704 1499 2769 muni-

262 2811 411 2877 tionibus
431 2809 576 2896 (castelli
592 2809 815 2897 Gornearum)
832 2808 1003 2874 obsidium
1016 2809 1145 2896 incipit,
1163 2816 1208 2890 et,
1224 2832 1301 2875 cum
1316 2811 1368 2876 vis
1385 2811 1498 2900 negle-

262 2927 409 3007 geretur,
436 2918 613 2983 avaritiam
631 2916 791 3005 praelecti
816 2916 935 3004 (Caelii
959 2915 1139 3004 Pollionis)
1159 2924 1388 2984 emereatur...
1414 2918 1496 2984 Pos-

262 3034 382 3101 tremo,
396 3026 474 3113 quia
485 3024 738 3090 multitudinem
755 3025 902 3090 hostium
919 3022 1041 3103 Pollio,
1054 3024 1143 3089 iussa
1158 3025 1263 3112 patris
1279 3024 1497 3092 Radamistus

262 3132 503 3210 obtendebant,
534 3138 653 3220 paetus
675 3130 824 3197 indutias
851 3130 1002 3196 abscedit
1027 3131 1194 3217 (centurio
1221 3132 1428 3220 Casperius).
1454 3173 1497 3183 —

266 3265 316 3316 12,
334 3239 388 3317 46.
411 3238 605 3304 Praefectus
624 3237 750 3304 hortari
773 3236 995 3304 Mithridaten
1016 3237 1060 3302 ad
1080 3239 1300 3304 sanciendum
1320 3238 1495 3322 loedus‚...

262 3347 353 3437 quod
382 3347 486 3411 llliam
513 3346 779 3434 (Pharasmanis)
812 3346 847 3410 in
880 3345 1096 3410 matrimonio
1129 3344 1279 3418 haberet.
1307 3347 1397 3436 quod
1426 3349 1497 3437 ipse

263 3455 459 3521 Radamisto
486 3476 580 3518 socer
607 3462 722 3519 esset..
769 3452 1046 3540 (Pharasmanes)
1070 3454 1208 3518 secretis
1233 3455 1361 3518 nuntiis
1383 3464 1499 3521 monet

261 3562 496 3628 Radamistum
520 3561 808 3648 oppugnationem
830 3581 967 3647 quoquo
992 3557 1092 3623 modo
1117 3558 1273 3626 celerare.
1297 3599 1341 3611 —
1366 3586 1416 3639 rr,
1440 3565 1495 3652 47.

262 3672 312 3735 Ae
333 3670 441 3757 primo
461 3667 678 3732 Radamistus
694 3668 727 3731 in
743 3665 920 3754 amplexus
940 3666 1178 3754 (Mithridatis)
1195 3666 1322 3732 ellusus
1338 3668 1497 3735 simulare

263 3777 474 3865 obsequium,
502 3797 654 3839 socerum
679 3797 716 3838 ac
739 3780 913 3860 parentem
936 3772 1117 3862 appellare,
1141 3774 1244 3840 adicit
1263 3776 1496 3841 iusiurandum

261 3909 329 3951 non
352 3884 451 3956 serre,
478 3905 544 3947 non
570 3904 701 3946 veneno
724 3881 793 3944 vim
818 3880 1052 3946 adlaturum...
1078 3880 1121 3946 Et
1144 3881 1373 3965 Radamistus,
1400 3886 1497 3971 quasi

261 3990 476 4058 iurisiurandi
505 4012 645 4064 memor,
681 4011 748 4053 non
774 3988 911 4068 lerrum,
943 4011 1011 4053 non
1036 4011 1203 4054 venenum
1231 3990 1265 4053 in
1290 4013 1439 4056 sororem
1464 3998 1498 4057 et

262 4109 419 4190 patruum
438 4097 617 4184 expromit,
639 4095 698 4160 sed
720 4096 888 4183 proiectos
908 4095 942 4159 in
962 4094 1102 4160 humum
1124 4103 1157 4161 et
1178 4105 1272 4162 veste
1294 4097 1400 4163 multa
1420 4122 1497 4185 gra·

261 4209 362 4296 vique
388 4213 522 4293 opertos
548 4211 655 4270 necat.
682 4239 726 4252 -
753 4227 803 4276 ra,
829 4202 880 4280 48.
905 4202 958 4291 (10
983 4202 1124 4268 consilio
1152 4202 1311 4268 meidii
1334 4203 1496 4283 Quadrati

261 4315 363 4402 legati
376 4312 505 4399 Syriae)
520 4309 634 4398 plures
647 4317 720 4376 tuta
736 4310 906 4375 disserunt
991 4317 1163 4397 poteretur
1178 4311 1396 4377 Radamistus
1409 4314 1496 4379 male

262 4422 379 4511 partis,
402 4420 481 4483 dum
499 4419 641 4499 invisus,
657 4417 833 4483 infamis...
848 4453 892 4466 -
911 4441 962 4496 re,
979 4419 1033 4507 49.
1053 4416 1284 4506 Cappadociae
1299 4429 1496 4507 procurator

264 4529 368 4594 lulius
389 4526 611 4612 Paelignus...
638 4524 680 4589 ad
705 4524 939 4590 Radamistum
960 4524 1065 4600 venit,
1087 4524 1253 4614 donisque
1274 4526 1347 4592 eius
1365 4528 1495 4594 evictus

261 4637 351 4702 ultro
368 4635 495 4721 regium
513 4633 644 4718 insigne
665 4655 796 4697 sumere
817 4632 1013 4697 cohortatur
1034 4631 1245 4721 sumentique
1265 4632 1362 4700 adest
1379 4644 1496 4702 auctor

261 4753 295 4809 et
314 4742 461 4809 satelles.
483 4779 524 4789 -
552 4764 600 4814 ια,
619 4738 671 4804 50.
694 4740 909 4827 Vacuamque
929 4762 1045 4804 rursus
1065 4740 1261 4805 Armeniam
1278 4741 1495 4808 Radamistus

251 4994 258 5026 ¹
275 4992 397 5049 Pnosor.,
414 4992 437 5040 6,
454 5017 483 5027 -
500 4990 577 5049 l'ulg.
590 5003 596 5037 ε
610 4987 810 5037 Rhadamr'atna.

446 5269 867 5521 Γὶ
