3709 6234
754 900 962 955 afitrllavlcvs
1443 900 1496 957 323

262 1038 428 1107 Caesar...
454 1040 616 1106 Precante
633 1042 834 1106 Germanico
848 1066 975 1108 annum
1001 1042 1187 1108 esliciendis
1218 1045 1358 1132 coeptis,
1379 1043 1496 1133 (Tibe-

259 1147 344 1233 rius)
359 1149 469 1214 acrius
490 1149 691 1215 modestiam
707 1150 780 1216 eius
791 1150 986 1238 adgreditur
1002 1151 1145 1217 alterum
1169 1151 1384 1219 consulatum
1416 1154 1496 1218 ollc-

259 1256 406 1322 rendo...
426 1256 524 1322 llaud
546 1268 723 1324 cunctatus
751 1266 801 1324 est
822 1258 912 1325 ultra
934 1259 1167 1327 Germanicus.
1198 1285 1286 1342 -2,
1317 1264 1372 1338 ili.
1414 1260 1496 1327 ltine

259 1365 338 1429 unni
353 1388 490 1430 arcus...
513 1366 556 1430 ob
572 1375 705 1454 recepta
719 1367 815 1454 signa
835 1391 911 1432 cum
933 1368 1020 1433 Varo
1034 1369 1158 1434 amissa
1177 1368 1279 1435 ductu
1289 1370 1492 1446 Germanici,

259 1473 418 1561 auspiciis
430 1473 595 1540 Tiberii...
612 1473 836 1562 (dieanturl...
854 1475 892 1542 C.
909 1474 1024 1541 Caelio
1041 1475 1079 1542 L.
1099 1476 1284 1566 Pomponio
1299 1476 1496 1543 consulibus

259 1579 482 1647 Germanicus
507 1583 634 1648 Caesar
649 1606 678 1647 a.
697 1583 729 1647 d.
760 1583 820 1647 Vll
837 1582 906 1649 kal.
931 1583 1045 1650 lunias
1069 1584 1303 1673 triumphavit.
1320 1625 1363 1636 -
1384 1610 1415 1667 a,
1440 1589 1493 1663 Aa.

259 1687 413 1754 Tiberius
440 1690 574 1755 nomine
608 1691 800 1756 Germanici
844 1700 996 1757 trecenos
1037 1691 1127 1780 plebi
1162 1694 1336 1759 sestertios
1369 1694 1496 1759 viritim

258 1796 362 1862 dedit.
377 1822 458 1876 —2‚
476 1799 530 1875 43.
549 1798 651 1886 Apud
666 1810 779 1887 patres
794 1799 953 1866 disseruit
969 1799 1135 1889 (Tiberius
1151 1802 1233 1888 non)
1252 1824 1351 1889 posse
1367 1810 1496 1867 motum

259 1903 432 1971 Orientem
448 1906 513 1970 nisi
534 1906 725 1971 Germanici
758 1907 923 1996 sapientia
951 1909 1149 1996 componi...
1182 1910 1326 1975 Decreto
1361 1918 1495 1998 patrum

258 2013 441 2101 permissae
461 2014 662 2081 Germanico
673 2016 880 2103 provinciae,
898 2040 984 2105 quae
996 2016 1080 2081 mari
1088 2016 1329 2085 dividuntur...
1343 2018 1497 2084 Tiberius

256 2120 449 2188 demoverat
486 2123 584 2210 Syria
609 2122 779 2189 Creticum
818 2124 969 2189 Silanum
1002 2149 1060 2213 per
1080 2124 1292 2191 adfinitatem
1330 2150 1497 2192 conexum

263 2230 507 2298 Germanico...
544 2231 613 2296 Nec
638 2230 777 2296 dubium
810 2232 954 2298 habebat
973 2232 1051 2319 (Cn.
1076 2232 1169 2320 Piso)
1191 2257 1226 2299 se
1241 2233 1422 2316 delectum,
1441 2234 1498 2324 qui

261 2338 378 2425 Syriae
400 2339 630 2428 imponeretur
649 2340 690 2405 ad
705 2365 782 2429 spes
797 2340 988 2405 Germanici
1014 2340 1255 2407 coercendas...
1276 2342 1418 2408 Divisa..
1439 2392 1446 2409 .
1465 2351 1498 2408 et

260 2444 389 2511 discors
404 2446 480 2511 aula
495 2456 567 2512 erat
590 2448 702 2513 tacitis
725 2449 758 2511 in
791 2449 938 2513 Drusum
972 2457 1030 2513 aut
1057 2449 1295 2514 Germanicum
1334 2450 1495 2517 studiis...

263 2550 465 2619 Germanico
479 2553 636 2620 alienatio
652 2556 761 2643 patrui
782 2579 930 2620 amorem
946 2555 1035 2644 apud
1050 2565 1179 2622 ceteros
1195 2566 1335 2623 auxerat
1366 2567 1398 2624 et
1418 2560 1497 2648 quia

269 2659 471 2727 claritudine
491 2663 635 2727 materni
650 2663 782 2750 generis
800 2662 950 2729 anteibat
978 2664 1195 2750 (Drusum)...
1225 2665 1383 2732 Coniunx
1414 2666 1496 2732 Ger-

262 2769 384 2834 manici
399 2770 588 2858 Agrippina
608 2771 812 2837 fecunditate
826 2794 863 2835 ac
883 2771 972 2836 lama
994 2771 1123 2836 Liviam
1133 2796 1273 2837 uxorem
1289 2774 1388 2839 Drusi
1403 2798 1498 2862 prae-

258 2875 413 2944 cellebat.
430 2911 473 2926 -
490 2881 588 2967 adp.
612 2879 689 2967 Spei
708 2879 807 2944 aedes
829 2903 846 2943 a
873 2879 1075 2945 Germanico
1103 2889 1264 2947 sacratur.
1288 2917 1331 2931 -
1370 2907 1400 2959 2,
1437 2887 1489 2950 51.

262 2983 308 3050 De
323 2993 517 3073 praetore...
541 2986 756 3074 subrogando
772 2997 943 3052 certamen
960 2988 1108 3057 incessit.
1140 2988 1364 3054 Germanicus
1395 2997 1499 3079 atque

261 3091 433 3161 Drusus...
452 3094 627 3159 Haterium
644 3095 829 3182 Agrippam
851 3096 1078 3184 propinquum
1103 3096 1295 3162 Germanici
1325 3098 1495 3164 fovebant.

258 3237 302 3252 -
318 3226 348 3279 α,
370 3200 424 3267 53.
442 3203 595 3290 Sequens
609 3225 718 3266 annus
732 3201 902 3267 Tiberium
921 3204 1058 3268 tertium
1077 3257 1083 3280 ‚
1102 3204 1340 3270 Germanicum
1376 3206 1497 3271 iterum

260 3308 416 3374 consules
429 3308 556 3376 habuit.
574 3309 640 3375 Sed
653 3332 730 3374 eum
747 3310 908 3375 honorem
925 3307 1146 3375 Germanicus
1168 3311 1242 3376 iniit
1261 3312 1350 3399 apud
1382 3311 1500 3377 urbem

261 3414 408 3483 Achaiae
425 3415 626 3505 Nicopolim.
640 3456 684 3466 —
698 3443 729 3489 a.
753 3417 806 3494 54.
827 3417 1010 3483 Ferebatur
1030 3419 1231 3484 Germanico
1249 3442 1308 3507 per
1338 3419 1498 3506 ambages

260 3524 379 3612 (Clarii
412 3525 580 3613 Apollinis
619 3525 850 3612 oraculum)...
881 3533 1050 3590 maturum
1076 3526 1215 3591 exitium
1250 3526 1423 3592 cecinisse.
1456 3565 1499 3577 —

264 3659 293 3714 a,
317 3634 369 3697 55.
386 3633 448 3698 Cn.
468 3633 546 3697 Piso
568 3634 772 3699 ..civitatem
789 3634 1091 3701 Atheniensium...
1113 3635 1264 3699 oratione
1278 3658 1378 3700 saeva
1394 3635 1501 3701 inere⁴

262 3748 330 3829 pat,
343 3739 480 3829 oblique
495 3741 733 3806 Germanicum
749 3743 991 3830 perstringens,
1008 3742 1139 3830 quod...
1159 3741 1257 3807 Exim
1284 3743 1500 3829 navigatione

262 3847 361 3915 celeri
378 3872 436 3936 per
451 3848 659 3935 Cycladas...
675 3850 873 3939 adsequitur
893 3850 1132 3915 Germanicum
1144 3849 1233 3938 apud
1247 3850 1392 3916 insulam
1410 3850 1500 3916 Rho·

261 3955 382 4022 dum...
402 3957 524 4022 Pisa...
555 3958 612 4021 vix
639 3958 705 4022 diei
734 3982 863 4023 moram
899 3981 1080 4046 perpessus
1103 3958 1227 4047 linquit
1256 3957 1496 4024 Germanicum

262 4063 503 4152 praevenitque
584 4065 786 4133 Plancina...
806 4067 838 4130 in
855 4066 1093 4154 Agrippinam,
1112 4065 1146 4130 in
1167 4066 1405 4132 Germanicum
1423 4091 1501 4132 con·

260 4171 418 4237 tumelias
438 4174 585 4238 iacere...
604 4171 691 4238 Nota
708 4174 788 4239 haec
802 4172 1015 4240 Germanico.
1034 4211 1078 4224 -
1098 4197 1129 4252 a,
1147 4172 1199 4241 56.
1218 4174 1496 4258 Gennanicus...‚

262 4288 463 4354 circumfusa
507 4289 723 4355 multitudine
755 4290 1036 4378 (Armeniorum),
1077 4290 1208 4376 insigne
1242 4292 1371 4378 regium
1401 4292 1500 4380 capiti

262 4393 434 4484 (Zenonis)
450 4397 669 4484 imposuit·
685 4424 714 4474 a,
730 4401 782 4487 57.
802 4400 973 4465 Cuncta...
993 4397 1130 4463 socialia
1144 4421 1303 4486 prospere
1314 4401 1501 4487 composita

262 4528 329 4569 non
362 4505 435 4569 ideo
464 4504 588 4570 laetum
610 4503 848 4571 Germanicum
866 4505 1035 4570 habebant
1049 4506 1093 4570 ob
1108 4506 1300 4594 superbiam
1322 4505 1500 4573 Pisonis...

263 4611 365 4701 Apud
383 4612 521 4677 hiberna
538 4613 687 4678 decimae
710 4614 853 4701 legionis
883 4637 1083 4689 convenere,
1115 4615 1247 4679 lirmato
1276 4613 1387 4694 vultu,
1421 4615 1499 4680 Piso

262 4721 423 4786 adversus
434 4730 574 4793 metum,
597 4720 831 4799 Germanicus,
850 4746 890 4787 ne
904 4722 1025 4786 minari
1056 4720 1289 4787 crederetur...
1323 4721 1500 4787 Postremo

263 4829 377 4916 paucis
407 4829 622 4893 familiarium
658 4830 817 4895 adhibitis
842 4854 952 4895 sermo
971 4838 1144 4917 coeptusa
1179 4829 1334 4910 Caesare,
1367 4829 1502 4917 qualem

261 4937 308 5001 ira
321 4945 355 5002 et
370 4935 596 5001 dissimulatio
612 4938 763 5024 gignit...
784 4938 866 5003 Post
886 4960 1083 5026 aposicrarus
1107 4937 1140 5001 in
1170 4936 1330 5002 tribunali
1350 4935 1504 5002 Caesaris

262 5044 377 5114 Pisa...
393 5044 521 5111 Cum...
545 5069 688 5111 coronae
709 5069 828 5112 aureae
845 5069 968 5133 magno
985 5045 1133 5135 pondere
1157 5044 1294 5111 Caesari
1320 5051 1353 5109 ct
1380 5045 1504 5133 Agrip-
