3709 6234
350 854 404 912 744
879 860 914 912 A.
936 860 1106 912 vitemus

396 1001 559 1067 adversus
593 1001 812 1067 criminantes
829 1000 964 1066 Galeria
986 1025 1070 1066 uxor
1095 1000 1223 1067 Vitellii
1238 1001 1398 1089 protexit.
1427 1041 1470 1051 —
1500 1000 1544 1080 ll,
1577 999 1636 1067 61.

396 1108 625 1196 (Aeduorum)
639 1109 759 1175 civitas
778 1108 886 1174 electa
912 1109 1099 1191 iuventute,
1126 1107 1266 1175 adiectis
1289 1133 1307 1174 a
1328 1108 1465 1174 Vitellio
1486 1110 1639 1175 cohorti-

395 1215 471 1292 bus,
487 1217 667 1282 fanaticam
683 1215 935 1283 multitudinem
951 1215 1095 1282 disiecit.
1114 1216 1243 1304 Captus
1262 1217 1297 1281 in
1312 1240 1351 1281 eo
1366 1216 1493 1304 proelio
1509 1216 1638 1281 Maric-

395 1347 496 1402 cus..,
541 1330 716 1411 spectante
765 1323 902 1388 Vitellio
948 1322 1145 1389 interiectus
1200 1331 1263 1390 est.
1303 1364 1346 1373 -
1392 1324 1435 1402 ll,
1474 1323 1528 1390 63.
1567 1323 1674 1389 Sed'

397 1431 553 1497 Vitellius
581 1430 730 1496 adventu
754 1430 867 1496 fratris
893 1438 927 1496 et
951 1430 1217 1518 inrepetentibus
1236 1430 1476 1496 dominationis
1505 1432 1636 1518 magis·

398 1540 458 1605 tris
486 1537 721 1627 superbior'et
740 1538 884 1603 atrocior
911 1538 1017 1603 occidi
1036 1537 1248 1603 Dolabellam
1264 1539 1404 1605 iussit...
1440 1578 1482 1587 -
1507 1538 1550 1620 ll,
1577 1538 1635 1617 64.

397 1646 504 1733 Igitur
519 1645 674 1711 Vitellius
693 1652 784 1711 metu
799 1654 832 1711 et
856 1644 948 1724 odio,
978 1645 1070 1733 quod
1091 1646 1283 1711 Petroniam
1299 1669 1439 1711 uxorem
1460 1647 1532 1712 eius
1552 1670 1637 1712 mox

398 1752 574 1819 Dolabella
620 1753 654 1818 in
706 1753 958 1818 matrimonium
999 1754 1196 1841 accepisset,
1228 1761 1385 1819 vocatum
1414 1777 1473 1841 per
1497 1755 1637 1842 epistu-

400 1861 490 1929 las...
522 1861 666 1927 intersrci
697 1861 838 1929 iussit...
864 1862 1048 1930 Sextilia...
1081 1863 1249 1931 dixisse...
1279 1864 1321 1928 ad
1347 1864 1473 1951 primas
1496 1862 1557 1927 filii
1583 1864 1638 1928 sui

398 1968 560 2057 epistulas
578 1968 759 2051 ferebatur,
781 1969 1105 2035 nonGermanicum
1125 1994 1208 2053 ase,
1243 1970 1304 2035 sed
1333 1969 1509 2035 Vitellium
1537 1971 1638 2057 geni-

398 2085 482 2143 tum.
499 2077 601 2155 -ΙΙ,
624 2076 680 2142 65.
700 2077 899 2164 Digressum
915 2101 933 2142 a
949 2078 1139 2166 Luguduno
1163 2077 1338 2144 Vitellium
1363 2077 1503 2144 Cluvius
1524 2077 1637 2143 llulus

398 2183 596 2274 adsequitur
617 2184 743 2249 omissa
764 2183 969 2273 Hispania...
994 2184 1144 2251 llilarius
1160 2184 1314 2251 Caesaris
1334 2185 1475 2251 libertus
1504 2184 1637 2251 detule-

398 2300 449 2358 rat
463 2293 582 2380 (cum),
601 2299 762 2379 tanquam
774 2290 889 2356 audito
905 2291 1034 2357 Vitellii
1049 2300 1082 2357 et
1098 2292 1243 2358 Othonis
1258 2294 1448 2382 principatu
1462 2294 1635 2381 propriam

398 2400 470 2487 ipse
491 2399 717 2487 potentiam...
736 2405 977 2486 temptasset...
1004 2400 1291 2488 Interpretabatur
1311 2401 1477 2490 quaedam
1498 2424 1540 2465 ex
1556 2424 1632 2465 ora·

402 2506 551 2572 tionibus
567 2506 639 2572 eius
654 2505 899 2571 contumeliosa
915 2506 950 2572 in
963 2505 1181 2574 Vitellium...
1199 2509 1397 2574 Auctoritas
1414 2508 1525 2573 Cluvii
1541 2531 1638 2596 prae-

402 2614 521 2691 valuit,
536 2621 574 2679 ut
588 2614 700 2701 puniri
719 2612 810 2678 ultro
824 2613 983 2679 libertum
997 2638 1097 2680 suum
1111 2614 1269 2681 Vitellius
1288 2615 1460 2682 iuberet...
1474 2614 1636 2681 Vitellius

399 2721 557 2788 Cluvium
572 2719 665 2786 nulla
682 2719 860 2785 tormidine
881 2720 1048 2787 retinebat
1072 2722 1178 2810 (apud
1193 2746 1241 2803 se,
1255 2747 1322 2787 non
1343 2721 1498 2811 adempta
1519 2732 1637 2788 tamen

398 2828 588 2918 Hispania).
619 2867 662 2877 —
696 2827 740 2906 ll,
774 2826 828 2892 66.
869 2827 1029 2915 Angebat
1059 2829 1232 2895 Vitellium
1264 2831 1429 2895 victarum
1459 2829 1635 2917 legionum

399 2935 659 3025 haudquaquam
694 2935 820 3001 lractus
846 2936 1021 3003 animus...
1046 2937 1223 3025 (batavos)
1241 2937 1399 3003 Vitellius
1419 2938 1546 3024 agmini
1570 2962 1635 3004 suo

398 3044 493 3131 iungi
509 3051 546 3109 ut
561 3042 659 3121 lidos,
677 3039 845 3130 legionem
861 3045 1033 3131 (quartam
1046 3042 1226 3132 decimam)
1242 3045 1354 3109 Graiis
1382 3043 1530 3133 Alpibus
1558 3054 1636 3110 tra-

399 3150 576 3217 ductam...
594 3149 642 3215 ire
657 3148 762 3217 iubet.
787 3189 831 3199 -
863 3150 910 3231 ll,
947 3149 1001 3239 67.
1033 3152 1211 3217 Proximus
1240 3151 1378 3218 Vitellio
1409 3176 1426 3218 c
1459 3154 1641 3240 praetoriis

400 3256 595 3325 cohortibus
609 3264 720 3323 metus
740 3264 854 3324 erat...
871 3257 1064 3345 Numquam
1079 3258 1126 3323 ita
1146 3258 1188 3323 ad
1218 3283 1315 3325 curas
1330 3260 1461 3325 intento
1482 3259 1635 3335 Vitellio,

400 3373 437 3431 ut
453 3365 665 3453 voluptatum
683 3364 951 3431 oblivisceretur.
974 3367 1075 3446 -ll,
1095 3366 1149 3431 68.
1170 3367 1272 3454 Apud
1288 3367 1434 3434 victores
1453 3375 1524 3432 orta
1546 3368 1638 3432 sedi-

400 3475 459 3551 tio,
485 3472 615 3538 ludicro
636 3472 743 3552 initio,
763 3474 797 3535 ui
815 3496 975 3537 numerus
1003 3497 1176 3538 caesorum
1199 3474 1361 3538 invidiam
1385 3474 1484 3539 belli¹
1514 3477 1638 3539 traxis-

400 3589 461 3645 set.
481 3579 705 3644 Diseubuerat
740 3579 897 3644 Vitellius
913 3581 1020 3644 Ticini
1045 3581 1196 3646 adbibito
1218 3583 1258 3646 ad
1285 3582 1402 3669 epulas
1430 3583 1636 3668 Verginio...

400 3689 502 3777 Apud
519 3688 692 3752 Vitellium
710 3688 822 3752 omnia
839 3689 1053 3775 indisposita,
1073 3689 1269 3768 temulenta,
1293 3691 1479 3777 pervigiliis
1501 3713 1537 3754 ac
1559 3689 1638 3754 bac-

398 3795 596 3862 chanalibus
612 3820 712 3885 quam
724 3795 923 3883 disciplinae
937 3805 970 3861 et
986 3799 1106 3861 castris
1119 3798 1287 3884 propiora.
1297 3850 1318 3863 ..
1332 3798 1469 3862 Interim
1484 3798 1638 3881 Verginii

401 3928 519 3968 servus
534 3903 619 3967 sorte
635 3902 755 3967 obrius
770 3911 805 3967 ut
822 3927 999 3990 percussor
1015 3904 1143 3967 Vitellii
1174 3904 1432 3970 insimulatur...
1460 3906 1508 3969 Ne
1531 3903 1637 3968 Vitel-

401 4012 466 4075 lius
479 4011 627 4098 quidem,
646 4033 852 4097 quamquam
873 4011 915 4074 ad
932 4035 1048 4076 omnes
1068 4012 1277 4099 suspiciones
1293 4012 1448 4099 pariduS,
1478 4012 1519 4075 de
1541 4013 1638 4075 iuno-

399 4120 506 4184 centia
523 4118 701 4204 (Verginii)
728 4117 985 4184 dubitavit...-
1003 4119 1044 4195 ll,
1063 4120 1115 4208 (39.
1139 4121 1278 4184 l'ostero
1294 4119 1512 4184 dieVitellius
1530 4144 1611 4184 sena
1623 4160 1635 4168 -

401 4237 456 4291 tus
475 4226 655 4310 legatione,
673 4249 773 4312 quam
803 4225 847 4289 ibi
868 4227 1013 4314 opperiri
1035 4227 1191 4300 iusserat,
1224 4228 1337 4291 audita
1354 4235 1587 4313 transgressus
1603 4230 1637 4293 in

401 4342 510 4399 eastra
540 4332 627 4397 ultro
655 4333 814 4418 pictatem
844 4333 989 4397 militum
1021 4334 1279 4400 conlaudavit...
1307 4373 1351 4383 -
1381 4335 1426 4408 ll,
1464 4355 1515 4419 70.
1555 4334 1638 4401 lnde

402 4440 559 4506 Vitellius
574 4440 776 4504 Cremonam
802 4442 894 4505 flexit
909 4451 941 4506 et
956 4450 1106 4529 spectato
1124 4465 1261 4506 munere
1289 4442 1452 4506 Caecinae
1481 4443 1638 4509 insistere

404 4547 683 4613 Bedriacensibus
701 4549 828 4634 eampis
843 4572 880 4612 ac
897 4550 1040 4636 vestigia
1057 4550 1202 4613 recentis
1218 4549 1378 4613 victoriae
1394 4548 1539 4613 lustrare
1555 4574 1637 4616 ‹rcu-

402 4658 444 4720 lis
459 4655 694 4741 concupivit...
713 4655 758 4719 At
774 4679 840 4719 non
857 4657 1016 4721 Vitellius
1033 4658 1127 4721 llexit
1145 4656 1261 4721 oculos
1277 4681 1338 4721 nec
1370 4667 1419 4723 tot
1439 4657 1530 4721 milia
1549 4659 1639 4721 iusc-

402 4763 572 4852 pultorum
599 4762 724 4831 civium
743 4763 957 4830 exhorruit..
996 4804 1038 4814 -
1078 4766 1126 4833 ΙΙ.
1161 4789 1212 4853 7¹·
1250 4765 1402 4852 Namque
1418 4774 1450 4830 et
1469 4764 1636 4831 Neronem

392 4992 398 5023 ¹
421 4989 465 5044 Μῑ
484 4990 563 5041 bello.
583 4992 755 5055 (Doederlein
773 5008 777 5044 :
804 4993 931 5054 Vitellio).
