3709 6234
360 849 414 908 412
510 835 513 841 '
840 854 976 908 trcurvs
996 856 1163 909 urcisuvs

405 997 523 1085 cipuus
544 996 702 1060 Muciano
733 996 1007 1061 metusePrimo
1037 998 1184 1063 Antonio
1214 997 1370 1085 Varoque
1398 997 1541 1064 Arrio...
1567 997 1646 1063 Mu·

405 1107 534 1186 cianuS,
547 1105 625 1192 quia
636 1103 810 1191 propalam
820 1105 965 1191 opprimi
977 1105 1148 1169 Antonius
1161 1104 1334 1193 nequibat,
1349 1103 1466 1170 multis
1481 1105 1515 1169 in
1525 1112 1646 1170 senatu

405 1212 562 1276 laudibus
578 1210 788 1276 cumulatum
811 1212 949 1276 secretis
975 1212 1151 1299 promissis
1166 1219 1296 1293 onerat,
1314 1212 1503 1277 citeriorem
1520 1212 1646 1300 Hispa·

407 1321 497 1384 niam
512 1326 726 1384 ostentans...
744 1317 934 1396 -1V‚M·
953 1319 1112 1384 Proximo
1128 1326 1289 1385 senatu...
1308 1320 1441 1384 censuit
1464 1319 1645 1384 Mucianus

406 1426 536 1514 prolixe
551 1450 610 1515 pro
625 1426 919 1493 accusatoribus...
938 1426 1127 1502 Mucianus,
1143 1450 1184 1491 ne
1201 1427 1313 1514 sperni
1327 1434 1465 1492 senatus
1482 1426 1646 1492 iudicium

406 1541 440 1599 et
470 1535 600 1598 cunctis
621 1531 684 1597 sub
703 1532 835 1597 Nerone
851 1533 1010 1597 admissis
1030 1533 1109 1598 data
1134 1534 1320 1621 impunitas
1346 1533 1529 1613 videretur,
1545 1532 1647 1600 Octa·

407 1642 500 1705 vium
523 1642 689 1727 Sagittam
714 1648 747 1704 et
771 1640 961 1705 Antistium
985 1640 1206 1706 Sosianum...
1242 1664 1397 1727 egressos
1434 1642 1575 1706 exilium
1612 1643 1647 1707 in

407 1748 541 1813 easdem
556 1746 686 1812 insulas
698 1746 828 1834 redegit
846 1797 868 1813 ..
886 1747 955 1812 Nec
969 1747 1044 1812 ideo
1054 1748 1159 1813 lenita
1175 1771 1253 1836 erga
1266 1748 1462 1813 Mucianum
1475 1749 1644 1815 invidia...

407 1855 524 1933 -lt'‚
555 1856 607 1932 46.
630 1855 808 1940 Ingressus
843 1864 952 1920 castra
993 1856 1311 1943 (praetorianorum)
1344 1856 1536 1936 Mucianus,
1578 1879 1647 1945 quo

407 1964 531 2028 rectius
545 1961 713 2049 stipendia
725 1962 936 2048 singulorum
953 1970 1132 2051 spectaret,
1149 1964 1219 2027 suis
1231 1987 1306 2028 cum
1322 1963 1513 2051 insignibus
1528 1965 1649 2028 armis·

408 2094 472 2160 que
500 2071 645 2135 victores
672 2071 889 2136 constituit...
919 2070 1151 2158 (Vitellianos)
1172 2070 1353 2135 Mucianus
1377 2070 1491 2135 diduci
1514 2077 1547 2135 et
1562 2071 1649 2137 Ger·

409 2179 577 2242 mimicum
591 2178 890 2265 Britannicumque
911 2178 1097 2243 militem...
1121 2180 1302 2265 separatim
1330 2178 1494 2244 adsistere
1509 2177 1645 2246 iubet...

409 2285 488 2368 (llli)
509 2285 609 2349 modo
635 2285 842 2364 Mucianum,
869 2284 970 2349 modo
996 2284 1172 2350 absentem
1197 2286 1427 2373 principem...
1470 2284 1645 2362 obtestari,

409 2393 514 2458 donec
530 2392 709 2456 Mucianus
724 2400 908 2458 cunctos...
928 2392 1079 2457 eiusdem
1100 2394 1315 2479 imperatoris
1331 2392 1456 2458 milites
1471 2392 1649 2480 appellans

410 2499 493 2566 lalso
511 2501 622 2564 timori
644 2499 778 2564 obviam
800 2500 875 2565 iret.
894 2539 936 2548 -
950 2499 1006 2575 lV,
1028 2502 1082 2587 49.
1111 2500 1275 2566 Claudius
1295 2499 1467 2587 Sagitta...
1487 2522 1648 2588 prospera

410 2608 625 2694 navigatione
641 2608 816 2694 praevenit
841 2607 1012 2693 Papirium
1038 2609 1270 2672 centurionem
1292 2631 1309 2671 a
1331 2607 1488 2671 Muciano
1505 2608 1648 2673 missum

409 2714 687 2802 adseveravitque
703 2713 861 2778 mandata
873 2713 1097 2778 interliciendi
1113 2714 1249 2778 Pisonis
1262 2713 1486 2801 (proconsule
1498 2714 1647 2800 Africae)

409 2822 599 2887 centurioni
620 2821 739 2886 data...
758 2820 953 2886 Centurioa
978 2821 1136 2886 Muciano
1158 2822 1322 2885 missus...
1354 2860 1399 2870 -
1422 2820 1480 2899 lv,
1509 2819 1564 2888 68.
1600 2823 1649 2887 At

410 2929 537 2993 llomae
553 2936 674 2993 cuneta
694 2929 728 2992 in
745 2927 894 2993 deterius
911 2928 1026 2993 audita
1052 2929 1248 2993 Mucianum
1269 2927 1480 3015 angebant...
1497 2929 1648 3013 (Arrius)

409 3037 518 3099 Varus
534 3036 756 3122 praetorianis
780 3036 1038 3123 praepositus...
1056 3036 1142 3100 llum
1158 3035 1338 3101 Mucianus
1353 3035 1490 3122 pulsum
1505 3035 1592 3116 loeo,
1604 3058 1647 3101 ne

410 3144 482 3207 sine
501 3141 626 3207 solacio
643 3150 768 3229 ageret,
785 3166 939 3207 annonae
952 3144 1112 3230 praefecit
1133 3194 1154 3207 ..
1175 3143 1389 3207 Domitianus
1400 3142 1649 3231 Muciannsque

409 3250 671 3337 accingebantur
686 3249 811 3337 dispari
837 3251 949 3313 animo
963 3250 1022 3338 (ad
1038 3249 1164 3314 bellum
1180 3250 1343 3314 adversus
1359 3248 1482 3314 lulium
1501 3248 1647 3315 Civilem

410 3357 621 3444 gerendum).
636 3396 678 3405 -
690 3356 748 3432 lv,
763 3360 815 3444 75.
830 3356 992 3422 Civiliset
1004 3357 1175 3422 Classicus
1191 3358 1311 3421 misere
1327 3356 1370 3421 ad
1382 3357 1546 3421 Cerialem
1559 3358 1649 3445 epis-

412 3465 500 3529 tulas
520 3518 542 3530 ..
562 3495 574 3522 a
597 3465 885 3551 l'espasirumm...
902 3466 1088 3530 excessisse
1099 3465 1211 3529 vita...
1224 3484 1230 3541 ;
1243 3463 1393 3527 Muciani
1409 3488 1446 3527 ac
1464 3464 1650 3529 Domitiani

407 3596 492 3637 vana
510 3582 543 3637 et
558 3574 629 3636 sine
646 3572 961 3637 viribusnomina...
977 3600 991 3629 n
1011 3611 1052 3622 -
1071 3571 1127 3640 ll',
1146 3572 1200 3637 80.
1214 3570 1452 3636 lsdcmdiebus
1468 3571 1648 3635 Mucianus

409 3680 535 3744 Vitellii
549 3680 654 3742 tilium
675 3679 819 3743 interlici
836 3679 940 3748 iubet.
957 3701 1152 3742 mansuram
1167 3678 1370 3742 discordiam
1388 3678 1589 3756 obtendens,
1615 3679 1650 3743 ni

411 3789 538 3851 semina
568 3787 648 3850 belli
666 3787 922 3852 restinxisset...
949 3787 1210 3874 (Vespasianus)
1239 3786 1433 3849 trahebatur
1447 3787 1480 3849 iu
1496 3785 1644 3858 diversa,

412 3896 487 3958 bine
507 3895 634 3958 meritis
653 3894 792 3957 Antonii
816 3895 1009 3979 (Primit..,
1024 3892 1437 3980 indeMucianiepistulis·
1456 3931 1501 3943 —
1516 3893 1572 3973 lt,
1592 3896 1647 3969 85,

410 4004 457 4066 itt
474 4002 687 4065 Domitianus
710 4002 967 4088 Mucianusque.
988 4008 1170 4088 antequam
1197 4001 1344 4088 Alpibus
1365 4002 1648 4088 propinquarent.

411 4131 708 4197 prosperesrerum
725 4108 756 4170 in
769 4108 923 4172 'l'rereris
935 4117 1105 4193 gestarum
1122 4111 1259 4173 nuutios
1275 4132 1473 4195 accepere...
1490 4107 1556 4174 Sed
1573 4109 1651 4174 Mu-

411 4218 539 4289 cianus,
561 4216 651 4303 quod
666 4215 723 4279 ‹liu
740 4217 979 4294 occultaverat,
1002 4224 1039 4281 ut
1055 4240 1170 4281 recens
1187 4217 1437 4303 exprompsit...
1463 4257 1504 4266 -
1526 4217 1567 4288 V.
1587 4217 1645 4285 αδ.

411 4323 530 4387 Civilis
548 4324 594 4386 ita
615 4323 726 4409 coepit
744 4344 750 4387 :
771 4353 784 4378 u
803 4324 950 4388 ...Arma
964 4325 996 4387 in
1014 4325 1194 4388 Gerunania
1209 4324 1311 4396 meri,
1324 4347 1409 4409 quae
1427 4325 1605 4387 Mmiauus
1617 4326 1651 4388 in

410 4432 549 4517 Syria..
570 4454 585 4491 u
612 4469 654 4477 —
674 4430 719 4494 .·l.
746 4455 776 4516 7.
808 4431 905 4495 lnitia
929 4432 1138 4518 principatus
1160 4454 1197 4494 ac
1222 4439 1347 4495 statum
1365 4430 1457 4494 urbis
1474 4431 1653 4496 Mucianus

412 4536 589 4622 regebat...
614 4574 658 4587 -
674 4538 709 4602 0.
734 4536 788 4624 37.
811 4538 932 4602 Nescio
961 4561 1002 4601 an
1029 4539 1184 4602 venerint
1208 4540 1242 4602 in
1269 4562 1390 4602 manus
1415 4546 1547 4602 vestras
1570 4539 1653 4604 baec

412 4653 537 4713 vetera.
559 4668 644 4732 quac
677 4653 710 4709 et
738 4647 770 4708 iu
796 4646 1063 4733 antiquariorum
1089 4644 1304 4710 bibliothecis
1325 4646 1432 4709 adbuc
1463 4637 1600 4710 manent
1620 4655 1653 4712 et

412 4775 488 4817 cum
505 4752 649 4816 maxime
662 4776 678 4816 a
692 4752 848 4817 Muciano
864 4754 1120 4826 contrabuntur,
1134 4777 1172 4818 ac
1191 4754 1256 4817 iam
1271 4754 1441 4828 undecim,
1460 4760 1497 4817 ut
1517 4752 1652 4838 opinor,

412 4866 562 4924 actorum
580 4858 674 4923 libris
699 4867 732 4924 et
754 4858 860 4924 tribus
881 4859 1104 4946 epistularum
1119 4861 1305 4949 composita
1330 4868 1363 4925 et
1385 4859 1473 4925 edita
1500 4859 1609 4926 sunt¹.
1634 4885 1652 4924 n

401 4994 408 5027 ¹
427 4991 459 5040 V.
474 4992 555 5039 ctiam
577 4991 622 5042 tv,
640 4990 680 5043 86,
