3709 6234
376 862 430 917 658
871 861 1016 917 Ttthnstn
1039 865 1159 917 ratel'lt's

416 989 545 1080 aulicis,
563 1030 629 1071 uon
645 1006 874 1094 praesentium
889 1006 1045 1093 ignarum
1060 1006 1286 1095 respondebat
1303 1006 1373 1072 eius
1390 1006 1480 1071 modi
1501 1005 1665 1071 consulta

417 1114 597 1201 corrigere,
614 1113 673 1178 scd
689 1121 822 1201 patrum
834 1113 953 1178 honori
969 1113 1060 1195 dare,
1083 1122 1121 1179 ut
1148 1114 1367 1179 inanilestum
1394 1115 1487 1179 lieret
1519 1137 1665 1201 magna-

420 1245 492 1286 rum
507 1245 618 1286 rerum
634 1245 749 1286 curam
762 1244 830 1285 non
846 1220 1132 1301 dissimulaturos
1155 1222 1213 1309 qui
1225 1222 1376 1300 animuin
1394 1222 1497 1287 etiam
1524 1222 1664 1287 levissi-

420 1329 483 1393 mis
497 1329 722 1395 advertcrent.
741 1368 783 1378 -
808 1331 857 1407 il,
881 1353 930 1394 ια.
950 1329 1048 1414 (Post
1065 1329 1203 1394 caedem
1223 1330 1448 1418 Agrippinae)
1470 1329 1664 1395 decernun-

421 1443 475 1501 tur
493 1436 798 1525 supplicationes...
822 1436 970 1502 Thrasea
995 1437 1120 1502 Paetus
1133 1437 1153 1517 ¹,
1172 1436 1307 1502 silentio
1326 1437 1380 1502 vel
1401 1436 1493 1502 brevi
1510 1437 1663 1503 adsensu

418 1544 546 1631 priores
561 1543 772 1609 adulationes
787 1544 1017 1609 transmittere
1033 1544 1167 1620 solitus,
1184 1545 1267 1609 exiit
1291 1552 1362 1609 tum
1394 1554 1513 1610 senatu
1535 1569 1575 1609 ac
1596 1544 1664 1609 sibi

418 1675 554 1716 causam
577 1650 716 1739 periculi
737 1651 827 1731 lecit,
844 1652 966 1716 ceteris
985 1650 1152 1716 libertatis
1168 1652 1303 1717 initium
1337 1675 1403 1718 non
1426 1652 1595 1740 praebuit.
1616 1693 1664 1705 -

425 1761 475 1838 1),
493 1759 548 1836 48.
567 1759 773 1847 Censuitque
791 1758 908 1823 lunius
924 1757 1091 1823 Marullus
1124 1760 1243 1824 consul
1278 1760 1475 1847 designatus
1509 1760 1664 1825 adimen-

420 1865 498 1930 dam
519 1889 574 1930 rco
591 1874 782 1954 praeturam
805 1864 1061 1954 necandumque
1089 1890 1181 1932 more
1221 1867 1396 1933 maiorum.
1430 1867 1560 1933 Ceteris
1582 1867 1664 1932 inde

419 1972 691 2039 adsentientibus
711 1973 836 2038 Paetus
850 1972 1011 2054 Thrasea,
1045 1972 1152 2039 multo
1173 1998 1251 2039 cum
1281 1976 1407 2040 honore
1439 1974 1596 2040 Caesaris
1629 1984 1667 2039 et

419 2081 578 2145 acerrime
608 2080 771 2169 increpito
791 2080 953 2158 Antistio,
968 2104 1034 2146 non
1051 2081 1216 2170 quidquid
1233 2105 1358 2147 nocens
1384 2106 1460 2148 reus
1489 2083 1559 2170 pati
1593 2106 1664 2146 me-

421 2196 560 2266 reretur,
594 2187 626 2252 id
661 2188 796 2276 egregio
830 2186 894 2253 sub
916 2188 1110 2276 principe...
1145 2189 1361 2254 statuendum
1391 2189 1595 2255 disseruit...
1618 2227 1665 2238 —

427 2296 542 2385 imp.
561 2294 714 2361 Libertas
730 2294 895 2360 Thraseae
918 2296 1094 2361 servitium
1122 2296 1266 2362 aliorum
1292 2297 1380 2385 rupit
1414 2305 1489 2362 et...
1516 2295 1664 2383 pedibus

422 2402 454 2468 in
471 2404 674 2469 sententiam
689 2403 762 2467 eius
777 2403 855 2483 iere,
869 2403 985 2492 paucis
1004 2405 1196 2492 exceptis...
1224 2404 1375 2490 (Litteris
1407 2404 1550 2469 Neronis
1580 2404 1661 2469 reci·

421 2510 514 2600 tatis)
537 2535 604 2576 non
629 2510 704 2576 ideo
731 2518 790 2575 aut
812 2511 971 2576 consules
1001 2520 1174 2576 mutavere
1204 2510 1402 2576 relationem
1432 2519 1489 2576 aut
1513 2511 1664 2577 Thrasea

422 2618 567 2685 decessit
581 2618 749 2684 sententia
774 2618 931 2695 ceterive,
963 2642 1049 2707 quae
1076 2618 1313 2707 probaverant,
1347 2619 1536 2700 deseruere,
1568 2643 1661 2706 pars,

423 2748 521 2800 ne...,
538 2725 685 2791 Thrasea
700 2733 796 2792 sueta
812 2725 1020 2791 lirmitudine
1045 2726 1148 2791 animi
1169 2734 1202 2792 et
1229 2750 1270 2791 ne
1290 2726 1398 2812 gloria
1427 2726 1660 2795 intercideret.

424 2870 464 2883 -
486 2836 536 2911 15,
555 2859 607 2898 ao.
626 2834 751 2899 Paetus
766 2833 1211 2923 Thrasea...,postquamde
1222 2856 1278 2898 reo
1293 2832 1451 2920 (Claudio
1467 2833 1663 2920 Timarcho)

423 2949 656 3013 censuerat...
674 2939 1077 3029 addidit(prohibendum
1093 2964 1166 3007 esse
1180 2948 1318 3006 senatus
1337 2940 1506 3019 consulto,
1525 2964 1567 3006 ne
1584 2965 1663 3029 pro·

423 3048 585 3114 rinciales
610 3048 884 3137 propraetoribus
918 3072 1021 3135 prove
1055 3048 1252 3114 consulibus
1279 3057 1391 3135 grates
1419 3050 1586 3135 agerent).
1619 3088 1663 3099 —

429 3154 478 3232 15,
504 3156 557 3221 23.
593 3155 803 3221 Adnotatum
830 3163 893 3224 est.
932 3156 1025 3220 omni
1053 3165 1173 3221 senatu
1204 3156 1346 3221 Antium
1381 3155 1444 3221 sub
1486 3164 1664 3222 recentem

424 3263 631 3351 (l’oppaeae)
643 3270 777 3351 partum
790 3263 909 3341 effuso.
926 3263 1108 3328 Thraseam
1137 3263 1343 3351 prohibitum
1376 3264 1514 3327 inunoto
1547 3265 1664 3328 animo

424 3370 657 3457 praenuntiam
674 3370 884 3434 imminentis
901 3370 1013 3434 caedis
1029 3370 1269 3435 contumeliam
1287 3371 1470 3457 excepisse.
1503 3370 1663 3437 Scerrtam

423 3476 543 3542 dehinc
558 3502 673 3541 rocem
693 3478 847 3542 Caesaris
863 3478 986 3546 lerunt.
1001 3503 1066 3566 (pra
1083 3478 1334 3543 reconciliatum
1352 3502 1386 3543 sc
1397 3479 1561 3543 'Thraseae
1572 3480 1663 3566 {qiud

423 3588 584 3650 Senecam
610 3586 794 3655 iactaverit.
818 3610 854 3649 ac
871 3587 1033 3650 Senecam
1048 3587 1183 3650 (laesuri
1208 3586 1425 3671 gratulatum.
1457 3587 1553 3650 Vnde
1587 3588 1664 3670 glo-

424 3691 469 3756 ria
487 3693 630 3778 egregiis
647 3693 768 3757 ririsct
784 3693 932 3779 pericula
948 3692 1195 3777 gliscebant-
1215 3695 1264 3762 ili,
1288 3719 1340 3756 21.
1372 3693 1427 3756 nd
1451 3704 1663 3781 postremum

427 3801 514 3865 Nero
531 3801 689 3863 virtutem
707 3801 813 3886 ipsam
838 3800 1035 3865 exscindere
1067 3803 1272 3887 concupivit.
1307 3802 1482 3865 interiecto
1515 3801 1665 3867 'l'hrasea

426 3908 528 3971 l'aeto
545 3916 578 3971 ct
600 3908 703 3970 llarea
723 3910 862 3986 Sorano,
896 3908 976 3970 olim
998 3910 1148 3995 utrisque
1174 3908 1336 3978 infensus,
1367 3917 1400 3972 et
1424 3908 1666 3974 accedentibus

426 4015 534 4078 causis
551 4015 584 4077 in
599 4014 792 4083 Thraseam.
812 4015 901 4102 quod
919 4023 1037 4078 senatu
1053 4039 1209 4101 egressus
1226 4025 1287 4094 est,
1305 4039 1380 4079 cum
1411 4016 1451 4078 de
1472 4017 1663 4104 Agrippina

427 4122 659 4197 referretur...
693 4120 850 4208 quodque
887 4122 1095 4186 luvenalium
1132 4122 1260 4186 ludicro
1299 4146 1415 4208 parum
1441 4122 1663 4210 spectabilem

426 4252 561 4316 operam
581 4229 793 4314 praebuerat,
810 4253 915 4317 eaque
934 4230 1073 4293 oll'ensio
1099 4229 1201 4293 altius
1230 4230 1438 4316 penetrabat,
1472 4232 1549 4318 quia
1573 4233 1663 4297 idem

426 4337 572 4399 Thrasea
589 4336 718 4406 l'atari,
737 4335 826 4399 unde
846 4344 940 4399 ortus
963 4344 1046 4406 erat.
1070 4336 1158 4400 ludis
1184 4337 1316 4401 cetariis
1340 4363 1358 4399 a
1381 4337 1524 4401 'l'roiano
1554 4340 1665 4405 hute-

427 4467 505 4507 nore
531 4443 694 4506 institutis
711 4442 826 4507 habitu
841 4444 967 4527 tragico
988 4444 1196 4508 cecinerat...
1216 4449 1308 4521 Quae
1326 4444 1511 4509 oblitterari
1529 4468 1597 4510 non
1617 4449 1664 4511 si-

428 4550 524 4614 nebat
543 4549 662 4635 tlapito
683 4550 962 4617 Cossutianus...
987 4552 1121 4638 iniquus
1146 4551 1323 4628 'l'hraseae‚
1349 4552 1439 4638 (prod
1462 4554 1664 4620 auctoritate

428 4658 499 4721 cius
511 4655 724 4728 concidisset,
748 4655 894 4720 iurantis
909 4656 1052 4721 Cilicum
1070 4658 1212 4743 legatos,
1231 4658 1309 4721 dum
1344 4658 1542 4746 Capitonem
1566 4685 1665 4751 repe·

428 4764 608 4828 tundarum
624 4763 843 4847 interrogant.
862 4801 906 4813 -
927 4764 975 4843 16,
995 4789 1047 4829 22.
1062 4766 1148 4842 Quin
1165 4775 1195 4830 et
1210 4764 1266 4828 illa
1281 4765 1482 4834 oblectabat.
1496 4769 1665 4859 principio

416 4994 420 5030 l
443 4997 542 5045 ltittcr²
558 4998 693 5046 existimat
718 5012 867 5059 cognomen
887 4997 985 5044 laetas
1001 4996 1041 5044 hic
1058 5002 1083 5045 ct
1101 5000 1136 5053 itt,
1154 5013 1191 5058 rr,
1207 5014 1236 5046 cr
1256 4999 1345 5058 glossa
1359 5000 1461 5049 calesso.
