3709 6234
367 863 421 918 516
901 866 1104 919 Pannonicus

412 1007 512 1073 laeta
530 1008 664 1073 interim
691 1005 816 1073 Othoni
841 1007 1005 1095 principia
1034 1006 1127 1086 belli,
1142 1009 1244 1072 motis
1271 1008 1315 1072 ad
1343 1009 1521 1095 imperium
1539 1010 1616 1073 eius
1631 1032 1651 1073 e

412 1114 578 1181 llalmatia
599 1114 840 1203 Pannoniaque
855 1114 1119 1180 exercitibus—
1129 1113 1171 1184 ll.
1181 1115 1235 1180 32.
1249 1115 1343 1179 Tune
1353 1115 1539 1180 Suetonius
1550 1115 1649 1180 Pau-

410 1221 541 1287 linus...
564 1221 764 1288 disseruit...
786 1229 903 1287 contra
919 1223 1002 1310 ipsis
1017 1222 1128 1286 omnia
1158 1221 1318 1310 opulenta
1341 1229 1374 1287 et
1399 1221 1479 1288 lida.
1501 1221 1647 1286 Panno—

410 1329 511 1406 niam,
527 1328 702 1403 Moesiam,
717 1328 933 1409 Delmatiam,
944 1326 1129 1408 Orientem,
1143 1351 1218 1393 eum
1234 1329 1375 1416 integris
1394 1328 1645 1394 exercitibus...

409 1475 450 1484 -
463 1434 505 1514 ll,
518 1435 572 1501 86.
588 1436 676 1502 attin
688 1435 864 1501 Pannonia
879 1436 1115 1501 tertiadecima
1131 1436 1266 1523 legione
1277 1437 1420 1525 septima
1431 1435 1645 1502 Galbiana...

407 1543 497 1608 baud
529 1551 729 1609 cunctanter
766 1543 975 1631 Vespasiano
1010 1566 1222 1608 accessere...
1239 1543 1453 1632 Quamquam
1486 1542 1647 1608 consula·

406 1650 499 1715 ribus
520 1650 640 1737 legatis
669 1650 752 1715 nibil
783 1649 1009 1715 turbantibus.
1031 1650 1192 1738 Tampius
1207 1650 1389 1714 Flavianus
1415 1649 1643 1718 Pannoniam.

406 1757 588 1847 Pompeius
609 1757 769 1822 Silvanus
793 1757 995 1823 Dalmatiam
1012 1757 1184 1826 tenebant.
1208 1756 1331 1822 divites
1350 1781 1459 1823 senes.
1476 1758 1546 1823 Sed
1565 1783 1645 1846 pro·

404 1873 540 1930 curator
572 1864 688 1930 aderat
714 1864 891 1930 Cornelius
923 1865 1092 1929 Fuscus...
1110 1904 1155 1914 —
1178 1864 1237 1940 lll,
1266 1889 1291 1929 ι.
1312 1866 1440 1948 (Duces
1469 1864 1628 1930 Flaviani

404 1972 574 2058 agitavere
590 1972 782 2060 placeretne
797 1971 926 2036 obstrui
945 1973 1137 2036 Pannoniae
1157 1971 1306 2059 Alpes...
1325 2009 1369 2020 -
1384 1972 1446 2040 lll.
1463 1976 1495 2047 ά.
1524 1972 1644 2053 (Tam-

404 2080 510 2166 pium)
520 2079 719 2144 Flavianum
731 2080 854 2144 omissa
872 2080 1046 2144 Pannonia
1059 2079 1248 2164 ingressum
1263 2077 1395 2143 ltaliam
1406 2088 1440 2144 et
1449 2079 1642 2143 discrimini

403 2176 597 2275 exemptum
618 2181 729 2252 rerum
746 2210 908 2251 novarum
924 2186 1047 2274 cupido
1058 2186 1161 2272 legati
1177 2209 1299 2250 nomen
1316 2208 1487 2251 resumere
1507 2195 1542 2251 et
1556 2189 1643 2251 mis-

402 2295 469 2358 ceri
498 2293 655 2359 eirilibus
669 2296 772 2359 armis
801 2294 993 2382 impulerat.
1011 2292 1171 2364 -t'.26.
1186 2293 1365 2382 {Loquitur
1383 2292 1488 2358 lulius
1504 2294 1625 2358 Civilis

403 2431 417 2452 n
447 2402 552 2465 Arma
571 2402 603 2465 in
618 2402 799 2466 Germania
815 2402 919 2476 movi,
937 2424 1064 2489 quac...
1082 2398 1272 2488 (Tampius)
1288 2400 1470 2465 Flavianus
1492 2402 1526 2465 in
1547 2401 1640 2465 Pan·

402 2508 514 2572 nonia.
537 2535 552 2566 o
565 2547 594 2557 -
606 2508 708 2574 (1228.
724 2509 844 2573 l'trum
859 2507 1057 2572 Aravisciin
1065 2506 1274 2571 Pannoniam
1286 2506 1328 2572 ab
1338 2507 1457 2573 Osis...
1470 2531 1512 2570 an
1523 2508 1585 2572 ttsi
1595 2507 1639 2571 ab

400 2615 575 2679 Araviscis
594 2615 628 2679 in
640 2615 857 2681 Germaniam
868 2614 1207 2698 commigraverint...
1221 2615 1386 2680 incertum
1396 2622 1459 2679 est.
1470 2616 1553 2677 -A
1563 2665 1570 2678 .
1580 2618 1636 2690 41.

400 2721 446 2784 lla
463 2722 614 2787 insecuta
630 2729 709 2787 sunt
728 2723 776 2787 rei
791 2721 946 2810 publicae
957 2729 1122 2809 tempora,
1139 2744 1225 2810 quae
1241 2720 1332 2785 sileri
1348 2722 1544 2807 Agricolam
1567 2744 1637 2785 non

399 2830 571 2894 sinerent:
591 2836 640 2893 tot
655 2830 823 2894 exercitus
838 2830 872 2893 in
894 2829 1021 2893 Moesia
1038 2830 1208 2917 Daciaque
1235 2837 1270 2892 et
1291 2829 1473 2893 Germania
1493 2836 1527 2893 et
1549 2828 1638 2893 Pan·

397 2936 496 2999 nenia
514 2936 701 3001 temeritate
716 2945 774 3001 aut
787 2959 846 3023 per
864 2937 1036 3023 ignaviam
1050 2936 1173 3001 dueum
1189 2936 1347 3001 amissi...

356 3041 620 3108 PANNthlCl.
637 3082 678 3090 -
700 3042 760 3112 ΙΙΙ.
783 3067 832 3106 rr.
852 3044 999 3107 Moesiae
1014 3042 1166 3129 legiones
1178 3040 1328 3106 adiutam
1350 3065 1367 3105 a
1394 3065 1430 3106 se
1456 3041 1636 3106 Pannoni-

396 3173 510 3215 corum
527 3151 691 3216 ultionem
706 3151 756 3236 (in
772 3150 949 3237 'l'ampium
980 3150 1194 3232 Flavianum)
1222 3149 1416 3220 relerentes.
1438 3158 1472 3213 et
1498 3149 1634 3213 Panno-

398 3258 475 3328 nici.
501 3257 595 3321 velut
608 3255 863 3321 absolverentur
878 3256 1021 3321 aliorum
1043 3256 1220 3332 seditione,
1244 3258 1364 3321 iterare
1393 3254 1527 3342 culpam
1547 3280 1634 3342 gau-

396 3363 533 3428 debant.
1098 3375 1101 3380 ‘

352 3469 655 3540 PAb'N'thlCVS.
688 3475 730 3535 rt.
755 3509 793 3521 -
814 3497 840 3546 r,
868 3471 917 3535 rti.
943 3471 1004 3535 llic
1030 3495 1141 3535 rerum
1166 3470 1371 3534 urbanarum
1397 3480 1505 3535 status
1545 3482 1631 3542 erat.

394 3601 469 3640 eum
506 3578 718 3643 Pannonicas
752 3578 902 3660 legiones
937 3578 1058 3643 seditio
1089 3580 1297 3642 incessit—
1319 3603 1345 3652 r,
1365 3576 1419 3643 31.
1443 3577 1517 3641 Non
1544 3603 1631 3643 uuus

394 3685 485 3762 baec,
503 3693 538 3749 ut
556 3685 766 3749 Pannonicas
788 3686 875 3748 inter
895 3685 1046 3770 legiones
1062 3685 1277 3760 Percennius,
1305 3685 1404 3750 ...sed
1420 3685 1526 3749 multa
1541 3687 1631 3750 sedi·

395 3792 495 3854 tionis
510 3817 566 3855 ora
589 3815 766 3879 vocesque.
789 3831 831 3839 -
851 3817 877 3860 r.
896 3791 1140 3876 52.=''l'iberius)
1167 3802 1343 3859 cuncta...
1370 3815 1455 3878 quae
1481 3794 1628 3856 Germa·

394 3899 487 3961 nicus
513 3899 711 3975 indulserat,
740 3901 888 3963 servarit
908 3901 1010 3963 etiam
1036 3900 1123 3986 apud
1147 3898 1358 3961 Pannonicos
1381 3901 1561 3965 exercitus
1587 3939 1629 3948 —

394 4005 417 4073 l.
439 4006 491 4069 26.
513 4006 559 4069 Ne.
577 4030 635 4093 per
657 4006 824 4082 tenebras,
843 4007 1037 4093 utquisque
1054 4006 1236 4070 Pannonici
1257 4006 1309 4069 rel
1327 4007 1520 4070 Germanici
1535 4031 1627 4072 exer-

391 4113 477 4175 citus
499 4112 663 4177 militibus
678 4112 923 4184 oblatusesset.
943 4137 1044 4200 ...pro
1061 4114 1192 4177 tttlronc
1212 4113 1450 4177 destinaretur.
1467 4151 1511 4163 -
1528 4113 1554 4185 l.
1571 4115 1625 4203 67.

393 4218 549 4293 llelretii,
572 4221 767 4307 interceptis
787 4221 953 4307 epistulis.
968 4244 1052 4308 quae
1091 4222 1226 4283 nomine
1247 4221 1437 4283 Germanici
1459 4222 1627 4286 exercitus

389 4324 431 4388 ad
450 4327 661 4391 Pannonicas
690 4327 840 4412 legiones
857 4327 1093 4391 ferebantur...
1115 4367 1156 4374 —
1176 4327 1216 4394 ll.
1237 4328 1291 4395 85.
1312 4327 1360 4391 lta
1391 4336 1458 4390 tres
1479 4328 1627 4392 Moesiae

390 4433 540 4516 legiones
572 4457 630 4521 per
659 4433 822 4520 epistulas
860 4433 1064 4498 adliciebant
1103 4434 1333 4498 Pannonicum
1364 4435 1549 4498 exereitum
1575 4436 1624 4517 (in

390 4549 502 4626 partes
525 4542 738 4628 Vespasiani)
759 4550 817 4605 aut
832 4540 992 4606 abnuenti
1007 4542 1074 4603 rim
1096 4541 1271 4627 parabant.
1294 4579 1335 4587 -
1366 4539 1408 4609 ll.
1432 4540 1485 4606 86.
1516 4540 1623 4606 luneti

390 4647 465 4710 indo
489 4648 627 4711 lloesiei
649 4673 686 4711 ac
701 4649 884 4712 Pannonici
897 4650 1065 4712 exereitus
1077 4646 1303 4711 llelmaticum
1321 4647 1463 4711 militem
1477 4656 1620 4712 traxere.

388 4794 430 4802 -
453 4753 495 4824 tl.
513 4755 569 4842 98.
597 4756 808 4819 Pannonicae
824 4753 931 4841 Alpes
948 4753 1123 4841 praesidiis
1144 4754 1413 4841 (Flavianorum)
1430 4755 1619 4819 insessae...

388 4899 427 4907 —
449 4859 508 4936 lll,
528 4885 559 4925 2.
577 4863 747 4925 Antonius
765 4863 939 4927 Primus...
960 4861 1156 4927 disseruit...
1174 4863 1262 4937 Quin
1280 4863 1442 4948 potiuseo
1457 4861 1530 4947 ipso
1542 4869 1620 4926 ute—

386 4977 500 5031 rentur
529 4967 722 5054 (Flaviani).
764 4968 853 5054 quod
895 4968 1107 5032 Pannonicae
1148 4968 1298 5052 legiones
1319 4968 1485 5054 deceptae¹
