3709 6234
741 856 769 910 C.
788 857 922 910 CAELIVS
1423 853 1475 910 153

238 1000 347 1066 ricino
360 1000 461 1065 sitam
481 997 659 1063 conlucere
673 1021 732 1086 per
747 1006 880 1063 noctem
899 998 1027 1062 crebris
1054 997 1241 1064 luminibus
1261 997 1474 1064 animadver-

241 1108 288 1173 tit.
305 1105 501 1172 Sciscitanti
530 1127 667 1170 eausam
699 1105 789 1193 apud
818 1103 999 1170 Caecinam
1015 1104 1160 1169 'luscum
1190 1103 1318 1193 epulari
1334 1104 1472 1184 multos,

239 1215 453 1304 praecipuum
468 1214 594 1278 honore
612 1212 743 1277 lunium
758 1212 915 1277 Blaesum
932 1213 1149 1278 nuntiatur...
1176 1212 1244 1278 Nee
1265 1213 1400 1278 defuere
1416 1213 1476 1300 qui

239 1322 347 1410 ipsum
360 1321 508 1386 Tuscum
526 1328 559 1385 et
571 1319 667 1399 alioS,
684 1319 742 1384 scd
763 1320 977 1385 criminosius
994 1319 1150 1384 Blaesum
1160 1320 1366 1398 incusarent,
1385 1319 1476 1407 quod

240 1453 338 1517 aegro
353 1428 506 1517 principe
523 1427 630 1493 laetos
645 1426 717 1491 dies
733 1435 860 1513 ageret.

202 1534 431 1603 Catlltlcla.
464 1572 502 1585 -
539 1537 588 1615 ις’),
627 1557 679 1622 7¹·
710 1533 882 1599 Caedicia¹
908 1533 1145 1619 uxor(l⁴'lavii)
1161 1532 1359 1602 Scaevini...
1381 1533 1476 1600 ltalia

241 1643 481 1731 (prohibetur).

201 1750 373 1816 CtBlAES
386 1748 601 1815 t'llrExNA.
629 1786 672 1798 -
687 1751 719 1826 A,
747 1749 801 1814 65.
825 1749 976 1814 Mentem
995 1771 1115 1815 euni...
1132 1746 1284 1812 Caelium
1301 1748 1478 1836 appellita-

240 1857 465 1924 tumaCaele
493 1855 659 1924 Vibenua.
694 1857 751 1944 qui
787 1856 855 1920 dux
890 1857 1002 1942 gentis
1030 1858 1202 1924 Etruscae.
1220 1879 1296 1919 cum
1313 1856 1478 1922 auxilium

243 1965 387 2044 tulisset,
411 1963 525 2028 sedem
553 1986 627 2027 eam
647 1972 820 2051 acceperat
847 1988 863 2027 a
880 1964 1062 2051 Tarquinio
1080 1963 1207 2032 Prisco.
1233 1987 1291 2029 seu
1304 1964 1379 2052 quis
1392 1964 1478 2031 alius

242 2096 356 2160 regum
373 2071 478 2137 dedit.

200 2178 492 2246 CllMAANAB'.
513 2217 552 2229 -
587 2180 626 2242 tt.
651 2202 703 2243 αι.
727 2177 908 2266 (Loquitur
931 2180 1036 2265 Aper)
1066 2211 1079 2236 υ
1103 2180 1152 2245 Bx
1167 2178 1337 2244 Caelianis
1361 2182 1480 2247 oratio·

242 2287 339 2352 nibus
373 2309 493 2374 nempe
522 2309 581 2350 eae
612 2285 759 2372 placent,
799 2286 869 2349 sive
889 2286 1065 2350 universae
1082 2286 1152 2351 sire
1170 2295 1284 2374 partes
1299 2310 1426 2357 earum.
1446 2290 1479 2355 in

241 2395 363 2483 quibus
377 2395 522 2459 nitorem
535 2400 568 2458 et
583 2391 796 2457 altitudinem
814 2392 933 2456 horum
946 2399 1135 2481 temporum
1150 2393 1400 2479 adgnoscimus.
1418 2422 1433 2451 ι)

204 2501 490 2568 t‘1.-tE1.1t's³.-
515 2500 553 2577 (t,
581 2524 630 2588 ¹7·
654 2500 836 2587 (Loquitur
865 2500 972 2588 Aper)
1014 2530 1028 2559 a
1056 2499 1259 2566 Nostrorum
1290 2509 1479 2590 temporum

243 2610 376 2675 disertis
396 2616 601 2695 anteponere
621 2606 780 2673 soletis...
805 2607 1003 2671 Ciceronem
1018 2616 1050 2672 et
1066 2607 1243 2673 Caesarem
1265 2617 1297 2675 et
1314 2608 1480 2673 Caeliuml

242 2728 273 2783 et
297 2716 440 2782 Calvum
456 2723 490 2780 et
507 2715 647 2780 Brutum
665 2723 698 2780 ct
716 2715 872 2778 Asinium
898 2722 932 2779 et
960 2714 1183 2782 Messalam...
1206 2742 1221 2779 »
1247 2755 1273 2765 -
1307 2716 1355 2782 18.
1375 2749 1388 2772 u
1409 2717 1481 2780 t'ti·

243 2847 316 2889 nam
340 2823 434 2888 nulla
459 2830 553 2911 parte
580 2822 730 2887 imitatus
756 2831 845 2886 esset
870 2829 1036 2906 (oratores
1062 2845 1139 2886 rere
1164 2824 1339 2911 antiquos)
1354 2824 1481 2888 Calvus

244 2940 352 2997 vester
376 2938 435 2996 aut
454 2928 590 2995 Caelius
614 2937 672 2994 aut
697 2930 768 3017 ipse
797 2930 926 2993 Cicero.
960 2958 973 2988 n
1001 2968 1043 2977 -
1068 2955 1122 2996 ar.
1146 2963 1159 2986 «ι
1185 2930 1253 2995 Nee
1276 2954 1480 3020 quemquam

244 3040 323 3105 adeo
357 3038 587 3126 antiquarium
618 3044 711 3124 puto,
745 3044 780 3100 ut
806 3036 960 3102 Caelium
986 3060 1091 3101 exea
1129 3045 1224 3126 parte
1249 3037 1376 3114 laudet,
1416 3063 1482 3127 qua

245 3148 402 3236 antiquus
426 3153 489 3211 est.
514 3170 530 3209 u
550 3182 590 3195 -
621 3146 674 3209 25.
713 3144 893 3232 (Loquitur
921 3145 1106 3232 l'ipstanus
1130 3143 1303 3233 Messalla)
1336 3175 1350 3204 «
1379 3147 1482 3233 ,tpud

246 3277 304 3318 nos
320 3253 438 3318 Cicero
453 3250 590 3340 quidem
605 3259 736 3316 ceteros
751 3250 947 3316 eorumdem
963 3259 1153 3339 temporum
1172 3252 1316 3317 disertos
1331 3261 1482 3318 anteces-

244 3361 296 3431 sit.
337 3358 465 3424 Calrus
490 3367 603 3424 autem
635 3365 668 3422 et
690 3358 831 3423 :tsinius
855 3367 888 3423 et
914 3358 1039 3422 Caesar
1072 3368 1105 3423 et
1135 3357 1271 3423 Caelius
1296 3368 1329 3424 et
1358 3362 1482 3425 Brutus

247 3469 314 3533 iure
351 3474 385 3532 et
420 3465 589 3555 prioribus
638 3474 671 3530 et
719 3464 941 3552 sequentibus
989 3473 1283 3554 anteponuntur...
1327 3468 1483 3532 .tmarior

247 3574 391 3641 Caelius.
416 3626 422 3640 .
445 3599 460 3637 a
477 3612 519 3622 --
541 3571 594 3638 26.
619 3604 634 3628 «
663 3572 923 3659 Exspectabam.
946 3580 983 3637 ut
997 3575 1122 3660 (Aper)
1143 3574 1296 3639 incusato
1311 3575 1431 3640 Asinio
1451 3582 1485 3641 et

247 3682 359 3748 Caelio
394 3689 429 3747 et
464 3680 570 3745 Calvo
605 3680 697 3744 aliud
729 3680 828 3744 nobis
853 3703 974 3766 agmen
1009 3681 1205 3768 produceret
1243 3734 1264 3748 ..
1292 3706 1332 3745 ex
1361 3682 1485 3771 quibus

247 3790 347 3857 alium
369 3787 537 3866 Ciceroni,
555 3787 660 3852 alium
677 3788 826 3865 Caesari.
855 3787 1001 3875 singulis
1025 3787 1145 3852 deinde
1162 3788 1315 3875 singulos
1335 3812 1484 3879 oppone-

248 3921 369 3963 remus.
396 3925 411 3955 »
428 3933 469 3944 -
504 3894 761 3984 38.(1.0quiru1·
785 3893 977 3981 Maternus)
1009 3921 1024 3958 «
1052 3895 1170 3984 Neque
1186 3896 1360 3961 Ciceronis
1377 3921 1485 3986 neque

247 4005 400 4070 Caesaris
432 4026 540 4090 neque
571 4003 667 4068 Bruti
692 4025 803 4090 neque
828 4002 934 4066 Caelii
960 4025 1069 4090 neque
1104 4003 1213 4076 Calvi.
1242 4027 1308 4068 non
1341 4004 1486 4093 denique

245 4112 347 4178 ullius
368 4111 484 4198 magni
498 4109 641 4175 oratoris
661 4109 746 4174 liber
761 4109 851 4197 apud
871 4110 1102 4175 centumviros
1117 4110 1229 4175 dictus
1248 4111 1443 4199 (legitur).,.
1470 4141 1484 4172 n
1528 4127 1531 4134 ’

215 4220 251 4286 C.
272 4218 466 4285 CAELIVS
476 4218 500 4283 ⁵.
529 4258 546 4268 -
584 4243 615 4290 a.
643 4220 697 4294 (1.
721 4218 759 4282 C.
778 4216 893 4282 Caelio
911 4218 948 4282 l..
969 4217 1155 4306 Pomponio
1176 4218 1385 4286 consulibus.

236 4427 243 4460 ¹
262 4424 433 4478 Uzradicia.
451 4424 525 4472 Corr.
543 4425 660 4471 Onnum:
677 4444 685 4468 ,ι
705 4424 772 4471 Sunt
789 4423 909 4470 Caedicii
927 4424 952 4470 in
966 4424 1060 4472 titulis.
1079 4423 1183 4472 Cadieii
1198 4440 1250 4470 uon
1268 4426 1342 4472 item.
1358 4426 1486 4485 Atqueei

210 4504 359 4555 Neroniana
374 4510 465 4555 aetate
483 4503 638 4554 Caedicium
655 4504 772 4551 iudicem
789 4509 984 4552 etunrueumrat
1000 4505 1144 4553 luvenalis.
1165 4505 1199 4552 13.
1221 4520 1271 4567 ¹97·
1294 4527 1303 4546 »ι

239 4587 249 4620 ²
265 4587 300 4636 M.
317 4587 401 4636 (helii
422 4586 491 4634 auu.

236 4667 247 4701 ³
263 4668 298 4716 M.
311 4667 419 4716 Caelius
435 4666 531 4715 Batus.

237 4748 248 4781 ⁴
265 4746 284 4798 Β
298 4763 303 4795 :
322 4746 459 4804 Coelium
475 4746 544 4799 ΑΟε
560 4746 656 4795 atium.

235 4828 246 4862 ὖ
263 4830 290 4877 C.
305 4828 440 4879 Caecilius
454 4827 581 4876 Metellus
598 4827 689 4890 Nepos
704 4827 812 4877 Caelius
828 4827 913 4875 ltutus
928 4828 970 4876 rel
981 4827 1009 4876 C.
1024 4826 1131 4881 Caelius
1148 4827 1233 4875 Italus
1248 4826 1380 4875 Caecilius
1392 4828 1490 4876 Metel-

210 4912 250 4957 tus
268 4909 368 4971 Nepos.
384 4907 426 4956 Ct.
451 4907 768 4956 Numan-nannum.
786 4907 833 4956 Cui
854 4924 907 4955 non
928 4909 1040 4956 assentit
1059 4908 1179 4960 l‘ansor..
1203 4921 1254 4957 ιη.
1281 4908 1489 4957 -t'ertrarnius

208 4990 251 5039 tric
266 4988 440 5036 scrihendum
457 4992 566 5036 censet:
585 4989 613 5037 C.
631 4987 776 5037 Caecilius.
