3709 6234
760 856 935 912 trutannus
1435 852 1489 908 683

255 1000 373 1065 tanae¹
400 999 594 1088 provinciae
613 997 948 1066 administratione...
963 1036 1006 1048 -
1022 998 1064 1081 ll,
1086 997 1141 1088 59.
1159 997 1235 1087 lpse
1250 997 1397 1064 Albinus
1408 997 1488 1063 dum

255 1130 272 1171 e
286 1107 312 1170 T
314 1107 486 1194 ingitana‘2
501 1106 674 1195 provincia
690 1105 944 1172 Caesariensem
960 1105 1205 1171 Mauretaniam
1218 1106 1344 1194 petit...

211 1213 453 1280 TllllDATES
467 1213 480 1254 ³
495 1253 538 1264 —
562 1213 594 1294 6,
623 1214 677 1279 32.
697 1212 892 1280 Tiberius...
925 1213 951 1278 T
953 1213 1108 1278 iridatem
1142 1213 1317 1299 sanguinis
1340 1212 1489 1278 eiusdem

257 1322 364 1407 (cuius
395 1321 568 1406 Phraates)
590 1320 761 1387 aemulum
790 1319 1008 1388 Artabano...
1036 1320 1155 1407 deligit
1197 1360 1240 1369 —
1268 1320 1300 1402 6,
1335 1319 1388 1408 37.
1420 1319 1492 1406 (L.)

257 1427 414 1493 Vitellius
442 1429 584 1517 profugo
614 1428 828 1494 Artabano...
848 1426 1002 1494 hortatur
1021 1428 1191 1494 Tiridaten
1221 1435 1336 1516 parata
1368 1450 1490 1515 capes-

255 1559 369 1602 sere...
412 1536 611 1603 Vitellius...
639 1544 754 1602 monet
789 1535 959 1601 Tiridaten
985 1535 1215 1623 primoresque
1244 1535 1488 1623 (Parthorum).

255 1645 344 1708 hunc
384 1644 540 1708 Phraatis
579 1644 632 1707 avi
669 1651 702 1709 et
737 1643 854 1709 altoris
881 1643 1094 1718 Caesaris...‚
1123 1641 1200 1706 illos
1226 1642 1426 1731 obsequium
1455 1643 1489 1708 in

256 1773 381 1836 regem,
403 1752 627 1816 reverentiam
643 1752 677 1815 in
698 1775 801 1817 nos...
822 1750 1018 1816 retinerent.
1044 1788 1088 1802 -
1107 1749 1140 1830 6,
1164 1752 1218 1827 dr.
1250 1751 1298 1815 At
1323 1749 1490 1815 Tiridates

255 1857 448 1923 volentibus
475 1858 609 1924 Parthis
646 1858 886 1946 Nicephorium
921 1866 955 1923 et
986 1857 1254 1923 Anthemusiada
1294 1865 1490 1946 ceterasque

255 1965 397 2033 urbes...
421 1967 558 2053 recepit,
579 1966 788 2032 certantibus
807 1965 945 2052 gaudio,
975 1966 1033 2056 qui
1050 1964 1306 2031 Artabanum...
1323 1964 1366 2029 ob
1382 1965 1489 2030 saeri-

257 2076 338 2140 tiam
368 2074 535 2139 exsecrati
565 2097 660 2140 come
683 2074 843 2139 Tiridatis
882 2075 1054 2160 ingenium
1099 2074 1269 2138 ltomanas
1306 2095 1365 2161 per
1401 2080 1491 2138 artes

204 2230 207 2235 ·
256 2180 450 2269 sperabant.
490 2219 534 2232 -
562 2181 594 2259 6,
631 2184 684 2258 Aa.
726 2182 989 2247 Seleucenses...
1032 2180 1273 2246 adventantem
1319 2179 1489 2245 Tiridaten

254 2287 425 2354 extollunt
445 2297 597 2354 veterum
613 2312 730 2375 regum
757 2288 942 2353 honoribus
967 2296 999 2354 et
1014 2311 1100 2377 quos
1114 2311 1230 2352 reeens
1249 2296 1341 2353 aetas
1363 2286 1491 2373 largius

256 2397 427 2462 invenit...
454 2396 620 2461 Tiridates
647 2419 717 2461 rem
753 2395 991 2462 Seleucensem
1026 2395 1151 2483 populo
1192 2395 1371 2484 permittit.
1407 2396 1488 2460 Mox

254 2506 466 2586 consultans
496 2528 643 2595 quonum
679 2505 732 2571 die
764 2505 943 2570 sollemnia
972 2506 1068 2592 regni
1107 2513 1339 2592 capesseret...
1371 2504 1490 2570 Multis

254 2637 368 2679 coram
394 2621 427 2678 et
449 2611 715 2700 adprobantibus
737 2613 867 2678 Surena
889 2612 999 2699 patrio
1026 2634 1118 2677 more
1155 2611 1327 2678 Tiridaten
1365 2612 1489 2699 insigni

256 2722 347 2808 regio
368 2721 508 2786 erinxit.
529 2758 574 2770 -
593 2719 625 2793 6,
656 2720 710 2796 (13.
746 2719 830 2784 Tum
860 2719 963 2784 Hiero
991 2720 1168 2807 pueritiam
1198 2719 1358 2784 Tiridatis
1386 2721 1489 2808 (apud

254 2827 481 2914 Artabanum)
497 2827 660 2914 increpat.
683 2865 726 2875 —
750 2825 782 2898 6,
812 2828 867 2904 dd.
894 2825 1033 2916 lamque
1056 2828 1162 2892 multa
1180 2849 1283 2891 manu
1296 2826 1488 2916 propinqua

254 2936 425 3002 Seleuciae
464 2933 671 2999 adventabat
691 2933 928 3022 (Artabanus),
960 2957 1036 2999 cum
1063 2934 1230 2999 Tiridates
1258 2934 1357 2999 simul
1401 2935 1488 2999 laima

254 3053 355 3132 atque
375 3043 448 3131 ipso
466 3040 641 3107 Artabano
661 3040 838 3128 perculsus
852 3041 995 3106 distrahi
1023 3041 1187 3114 consiliis,
1216 3043 1280 3106 iret
1304 3050 1420 3108 eontra
1448 3066 1489 3107 an

254 3150 380 3216 bellum
397 3149 612 3214 cunctatione
626 3156 827 3215 tractaret...
847 3147 893 3213 Ea
923 3149 1090 3214 sententia
1107 3146 1226 3228 valuit,
1245 3150 1323 3238 quia
1346 3148 1490 3237 plurima

254 3258 437 3323 auctoritas
465 3278 569 3345 penes
597 3255 821 3341 Abdagaesen
852 3264 885 3321 et
903 3255 1069 3321 Tiridates
1098 3257 1242 3341 ignavus
1271 3256 1312 3320 ad
1342 3256 1490 3344 pericula

255 3373 366 3430 erat...
401 3364 570 3452 Principio
604 3387 621 3427 a
654 3371 754 3450 gente
790 3362 943 3428 Arabum
971 3362 1060 3429 lacto
1090 3365 1191 3428 ceteri
1218 3364 1337 3429 domos
1365 3362 1491 3428 abeunt

253 3472 306 3537 vel
338 3473 371 3536 in
402 3478 511 3537 eastra
546 3469 724 3538 Artabani.
757 3470 863 3535 donec
892 3469 1060 3536 Tiridates
1075 3494 1153 3536 cum
1169 3472 1285 3559 paucis
1306 3472 1339 3535 in
1355 3472 1488 3558 Syriam

255 3587 408 3645 revectus
421 3578 549 3667 pudore
564 3576 765 3665 proditionis
778 3601 896 3643 omnes
909 3577 1057 3643 exsolvit
1066 3578 1087 3643 ².

210 3686 487 3754 TlltlDATESl.
508 3724 552 3734 -
570 3708 620 3760 ra,
643 3683 696 3750 50.
716 3684 922 3772 Vologaeses
940 3708 1056 3751 casum
1079 3686 1289 3751 invadendae
1309 3686 1490 3751 Armeniae

253 3794 433 3859 obvenisse
447 3800 581 3859 ratus...
599 3792 768 3857 contrahit
785 3794 899 3881 copias
912 3793 1118 3883 fratremque
1133 3793 1305 3859 Tiridaten
1326 3793 1491 3860 deducere

254 3904 287 3968 in
304 3924 445 3990 regnum
462 3908 569 3988 parat.
588 3938 630 3951 —
652 3901 772 3977 12,51.
789 3900 953 3988 (Zenobia
969 3900 1156 3966 Radamisti
1168 3901 1331 3984 coniunx)
1345 3900 1490 3967 deducta

254 4011 295 4077 ad
308 4008 478 4074 Tiridaten
494 4007 700 4095 comiterque
716 4015 856 4095 excepta
872 4007 967 4073 cultu
982 4008 1075 4095 regio
1088 4007 1202 4073 habita
1225 4016 1287 4073 est.
1305 4047 1348 4058 -
1374 4009 1423 4086 13,
1434 4009 1487 4086 34.

257 4118 325 4183 Nec
341 4115 546 4201 l'ologaeses
566 4114 698 4180 sinebat
719 4114 854 4180 tratrem
870 4115 1040 4180 Tiridaten
1061 4114 1130 4180 dati
1155 4139 1174 4180 a
1203 4137 1238 4179 se
1262 4117 1356 4202 regni
1371 4138 1490 4205 exper-

256 4234 322 4291 tem
340 4247 413 4288 esse
434 4229 491 4288 aut
513 4222 641 4287 alienae
668 4221 702 4285 id
722 4223 893 4310 potentiae
923 4223 1051 4287 donum
1081 4222 1342 4302 habere-13,
1366 4221 1420 4312 37.
1443 4226 1491 4289 At

252 4330 418 4396 Tiridates
431 4353 531 4418 super
544 4330 698 4417 proprias
716 4328 891 4395 clientelas
906 4353 969 4417 ope
986 4328 1183 4417 Vologaesis
1203 4329 1316 4396 fratris
1338 4330 1485 4410 adiutus,

255 4461 322 4504 non
342 4437 455 4501 furtim
474 4438 551 4506 iam.
580 4436 639 4501 sed
655 4436 767 4524 palam
782 4435 871 4502 bello
887 4436 1056 4502 infensare
1072 4438 1312 4505 Armeniam...
1338 4437 1385 4502 lta
1406 4461 1488 4502 eon·

243 4676 250 4709 ¹
271 4673 297 4725 M
315 4688 320 4719 :
340 4669 505 4734 lanqitanae.

241 4756 252 4790 ²
269 4753 313 4804 ld:
332 4756 357 4800 et
371 4749 509 4814 lepitana.

240 4835 390 4889 ³Pnosoe.,
408 4831 461 4894 176.
478 4829 600 4879 Phraatis
619 4832 654 4879 lt·
674 4846 767 4893 nepos.

240 4916 252 4950 ⁴
268 4915 300 4963 V.
319 4914 400 4961 etiem
419 4928 454 4964 ια,
477 4928 513 4959 ιι.

240 4996 389 5057 ⁵Pnosor·.,
409 4992 529 5057 177.uex
544 4994 696 5042 Armeniae.
717 4993 873 5055 Vologaesis
894 4992 1055 5052 Parthorum
1077 4995 1147 5054 regis
1166 4993 1258 5046 trater.

100 5281 493 5521 Ᾰ
