3709 6234
353 871 407 929 380
875 880 983 932 thlVS
1003 881 1117 933 Clt'lLlS

400 1042 438 1085 ac
471 1029 748 1110 properantes,...
799 1021 967 1087 crebris...
1003 1024 1131 1087 nuntiis
1155 1024 1374 1090 Valentinum
1390 1048 1564 1109 monuere,
1596 1050 1638 1093 ne

401 1151 552 1193 summae
569 1129 616 1194 rei
635 1129 823 1217 periculum
852 1129 987 1195 faceret.
1009 1168 1054 1180 -
1075 1131 1131 1214 lV,
1151 1131 1205 1218 73.
1239 1131 1479 1219 (Contionatus
1496 1133 1638 1199 Petilius

401 1234 542 1300 Cerialis
568 1236 657 1324 apud
672 1236 850 1322 Treveros)
885 1261 901 1300 α
921 1241 975 1302 An
1002 1261 1063 1301 vos
1078 1240 1223 1303 cariores
1252 1238 1353 1303 Civili
1380 1240 1583 1329 Batavisque
1604 1250 1638 1307 et

399 1342 667 1407 Transrhenanis
696 1343 856 1430 gentihus
885 1344 1035 1426 creditis,
1066 1368 1167 1433 quam
1189 1346 1372 1412 maioribus
1393 1371 1508 1411 eorum
1524 1356 1638 1435 patres

399 1451 520 1539 avique
540 1452 643 1517 vestri
659 1451 816 1517 luerunt?
834 1479 849 1510 n
867 1493 905 1501 -
931 1452 987 1532 lV,
1013 1452 1066 1540 75.
1089 1452 1304 1518 Tenebantur
1332 1454 1457 1519 victore
1486 1456 1639 1522 exercitu

397 1558 544 1638 Treveri,
560 1582 636 1623 cum
653 1557 772 1623 Civilis
792 1567 825 1625 et
849 1559 1021 1625 Classicus
1046 1562 1167 1625 misere
1187 1560 1228 1625 ad
1248 1560 1436 1648 (Petilium)
1468 1562 1636 1628 Cerialem

397 1665 572 1752 epistulas
609 1690 749 1755 quarum
798 1667 880 1732 hacc
931 1668 1100 1733 sententia
1134 1667 1237 1734 fuit...
1283 1667 1424 1732 Cerialis
1459 1668 1559 1735 Civili
1604 1677 1638 1735 et

400 1771 550 1837 Classico
575 1773 659 1837 nihil
676 1774 893 1862 (respondit).
921 1814 964 1823 -
988 1775 1044 1857 lV,
1071 1774 1123 1862 76.
1156 1776 1258 1862 Apud
1284 1776 1472 1840 Germanos
1494 1776 1638 1841 diversis

398 1881 574 1945 sententiis
623 1880 825 1947 certabatur.
878 1881 997 1946 Civilis
1039 1882 1262 1969 opperiendas
1302 1882 1637 1948 Transrhenanorum

398 1995 556 2074 gentes„
597 1989 775 2077 (Loquitur
802 1988 905 2053 lulius
931 1989 1051 2073 Tutor)
1079 2018 1094 2049 a
1125 1990 1294 2054 Venturos
1328 1990 1571 2078 (lloinanosl...
1602 1992 1636 2055 in

397 2118 517 2160 manus
544 2118 611 2160 non
639 2097 786 2185 imperiti
810 2095 1055 2161 adulescentuli
1076 2147 1112 2178 ..,
1137 2096 1195 2161 sed
1221 2096 1340 2160 Civilis
1361 2105 1394 2162 et
1414 2096 1597 2164 Classici...
1619 2121 1636 2161 a

397 2241 442 2252 —
462 2203 518 2273 lV,
542 2228 595 2292 77.
613 2203 836 2291 (Adloquitur
852 2203 995 2268 Petilius
1021 2203 1162 2268 Cerialis
1180 2204 1346 2290 fugientes
1379 2205 1549 2290 nrilitcs)«
1574 2205 1635 2281 lte,

399 2312 551 2376 nuntiate
582 2310 788 2400 Vespasiano
811 2310 878 2392 vcl,
905 2310 996 2398 quod
1022 2312 1160 2398 propius
1187 2319 1250 2391 est,
1281 2311 1381 2376 Civili
1415 2320 1447 2376 et
1486 2311 1638 2378 Classico

399 2419 582 2483 relictunra
599 2417 696 2483 vobis
712 2419 744 2483 in
770 2419 840 2482 acie
856 2418 988 2483 ducem.
1010 2444 1025 2481 r>
1042 2458 1085 2466 -
1102 2419 1158 2497 lV,
1179 2420 1219 2505 78
1248 2419 1353 2483 Tutor
1365 2428 1398 2483 et
1414 2418 1586 2484 Classicus
1602 2428 1637 2485 ct

399 2524 517 2591 Civilis
538 2525 608 2590 suis
628 2526 771 2614 quisque
796 2524 878 2590 locis
897 2549 1048 2613 pugnam
1068 2524 1243 2591 ciebant...
1265 2566 1307 2574 —
1334 2526 1390 2606 IV,
1413 2551 1465 2614 79.
1486 2525 1639 2591 Orabant

398 2632 561 2698 auxilium
577 2633 846 2721 Agrippinenses
862 2632 1114 2721 offerebantque
1129 2656 1270 2698 uxorem
1286 2656 1323 2697 ac
1348 2657 1497 2698 sororem
1514 2633 1634 2698 Civilis

398 2748 432 2805 et
446 2740 549 2804 liliam
566 2739 720 2820 Classici,
737 2739 853 2806 relicta
869 2740 933 2804 sihi
959 2741 1100 2827 pignora
1123 2740 1334 2806 societatis...
1354 2741 1395 2806 Et
1417 2740 1535 2806 Civilis
1556 2741 1637 2806 illuc

399 2848 600 2916 intenderat.
619 2870 686 2911 non
703 2847 883 2925 invalidus,
901 2847 1163 2935 flagrantissima
1188 2847 1376 2912 cohortium
1393 2871 1529 2912 suarum
1549 2847 1637 2913 inte·

398 2979 498 3042 gra...
518 2954 796 3020 Circunisteterat
818 2954 962 3020 Civilem
978 2962 1013 3019 et
1040 2953 1127 3018 alius
1147 2961 1269 3030 metus
1302 2978 1343 3019 ne
1372 2954 1637 3042 quartadecima

396 3062 528 3151 legio...
543 3062 729 3127 adflictaret
744 3061 902 3127 Batavos.
923 3101 967 3110 -
996 3062 1036 3142 V,
1059 3064 1109 3138 rt.
1136 3062 1183 3126 At
1210 3060 1329 3126 Civilis
1350 3070 1425 3149 post
1446 3061 1569 3126 malam
1599 3062 1635 3125 in

396 3169 550 3235 Treveris
575 3193 724 3256 pugnam
745 3177 898 3258 reparato
919 3192 978 3256 per
998 3168 1213 3233 Germaniam
1241 3169 1391 3234 exercitu
1407 3168 1497 3256 apud
1511 3170 1634 3233 Vetera

396 3285 508 3343 castra
522 3277 716 3342 consedit...
735 3276 925 3341 Addiderat
947 3275 1067 3341 Civilis
1082 3274 1254 3361 obliquam
1271 3276 1303 3339 in
1322 3275 1478 3339 Rhenum
1495 3274 1632 3352 molem,

397 3386 491 3450 cuius
511 3375 644 3449 obiectu
668 3384 842 3449 revolutus
872 3384 980 3447 amnis
999 3381 1231 3447 adiacentibus
1251 3382 1561 3469 superfunderetur.
1593 3422 1636 3430 —

398 3493 437 3566 V,
462 3493 511 3558 15.
555 3492 672 3556 Civilis
703 3493 827 3555 instare
859 3490 1024 3564 fortunae,
1057 3488 1197 3554 Cerialis
1229 3487 1362 3553 abolere
1397 3490 1632 3575 ignominiam.

397 3599 437 3677 V,
458 3599 508 3664 16.
528 3599 646 3662 Civilis
661 3598 751 3661 haud
766 3604 920 3684 porrecto
933 3597 1079 3681 agmine,
1095 3596 1154 3660 sed
1170 3596 1286 3660 cuneis
1301 3595 1443 3660 adstitit.
1462 3635 1505 3643 —
1522 3597 1561 3674 V,
1582 3620 1632 3683 ¹7·

396 3707 465 3770 Nec
491 3705 610 3769 Civilis
633 3704 787 3767 silentem
815 3703 940 3767 struxit
960 3704 1077 3767 aciem.
1098 3742 1138 3751 -
1158 3703 1199 3774 V,
1224 3728 1272 3789 ¹9·
1293 3702 1392 3766 Civili
1425 3703 1636 3766 Chaucorum

396 3812 520 3877 auxilia
535 3834 669 3875 venere.
690 3849 733 3858 -
758 3810 797 3887 V,
818 3833 870 3874 ao.
892 3810 1105 3896 Tantumque
1127 3808 1205 3873 belli
1238 3809 1415 3896 superfuit,
1438 3817 1476 3873 ut
1509 3811 1635 3896 praesi-

395 3920 450 3984 dia
474 3918 676 3989 cohortium,
708 3915 848 3992 alarum,
873 3915 1046 4003 legionum
1081 3917 1217 3980 unodie
1247 3915 1365 3979 Civilis
1391 3917 1635 4003 quadripertito

396 4025 569 4091 invaserit.
594 4064 625 4072 -
650 4023 690 4100 V,
710 4047 762 4087 ar.
790 4022 920 4087 Vadam
938 4022 1070 4103 Civilis,
1094 4024 1240 4086 Grinnes
1261 4022 1433 4087 Classicus
1459 4046 1635 4110 oppugna-

395 4131 488 4197 bant.
504 4131 573 4195 Nec
590 4131 664 4194 sisti
680 4138 837 4217 poterant
853 4130 1029 4195 interfecto
1046 4130 1231 4194 fortissimo
1253 4153 1398 4217 quoque,
1416 4130 1449 4192 in
1472 4131 1548 4217 quis
1565 4131 1636 4193 Bri·
1669 4131 1672 4136 ’

395 4240 550 4326 ganticus
565 4238 755 4324 praefectus
770 4236 842 4301 alae
860 4236 1039 4310 ceciderat,
1058 4260 1158 4325 quem
1175 4236 1279 4299 lidum
1297 4236 1459 4300 llomanis
1485 4246 1518 4300 et
1533 4236 1634 4300 Civili

394 4345 562 4411 avunculo
578 4345 749 4409 infensum
778 4345 971 4410 diximus..
1004 4344 1134 4423 Civilis,
1165 4344 1244 4406 dum
1274 4342 1442 4428 fugientes
1475 4351 1633 4410 retentat.

396 4452 556 4540 adgnitus
578 4453 770 4539 petitusque
785 4451 861 4516 telis
885 4450 1001 4516 relicto
1021 4473 1108 4538 equo
1136 4451 1329 4514 tranatavit.
1347 4489 1388 4499 -
1414 4451 1454 4520 V,
1472 4451 1523 4516 23.
1543 4450 1635 4514 Civi-

396 4560 462 4623 lem
477 4558 599 4646 oupido
619 4559 756 4623 incessit
771 4557 927 4623 navalem
942 4559 1046 4623 aciem
1060 4556 1294 4622 ostentandi...
1310 4557 1429 4621 Civilis
1445 4557 1530 4620 nihil
1547 4557 1635 4621 ultra

395 4691 497 4731 ausus
515 4673 608 4730 trans
625 4665 781 4730 Rhenum
801 4666 980 4730 concessit.
1004 4664 1145 4730 Cerialis
1161 4663 1308 4727 insulam
1334 4664 1536 4728 batavorum
1556 4664 1635 4728 hos-

397 4774 501 4839 tiliter
515 4773 696 4861 populatus
717 4796 817 4860 agros
837 4773 1003 4859 villasque
1020 4771 1139 4836 Civilis
1155 4771 1299 4834 intactas
1320 4780 1399 4835 nota
1420 4779 1490 4835 arte
1511 4771 1635 4835 ducum

396 4879 600 4946 sinebat.—
626 4880 665 4957 V,
687 4883 739 4956 24.
771 4879 928 4943 Potuisse
958 4887 1036 4943 tunc
1065 4877 1209 4965 opprimi
1237 4876 1388 4962 legiones
1419 4886 1451 4941 et
1487 4878 1636 4943 voluisse

398 4989 597 5064 Germanos,
616 4985 675 5050 sed
697 4986 775 5049 dolo
796 5009 814 5050 a
842 5009 877 5049 se
898 4987 1004 5049 flexos
1028 4985 1209 5072 imputavit
1232 4983 1391 5048 Civilis...
1416 4985 1536 5048 Paucis
1559 4992 1637 5071 post
