3709 6234
385 847 436 903 aaa
625 845 630 851 ·
982 844 1067 897 nano
1145 800 1148 807 ¹

429 1015 470 1057 ex
482 991 534 1068 iis,
550 990 607 1077 qui
624 1011 733 1053 rerum
747 987 844 1075 potiti
859 993 984 1064 essent,
999 985 1165 1050 Neronem
1183 984 1312 1051 alienae
1325 986 1501 1053 facundiae
1514 988 1661 1075 eguisse.

430 1099 518 1165 Nero
534 1097 719 1185 puerilibus
739 1095 855 1161 statim
870 1095 969 1159 annis
992 1094 1146 1158 vividum
1171 1095 1322 1158 animum
1346 1096 1379 1160 in
1400 1096 1465 1161 alia
1494 1097 1662 1162 detorsit:

430 1206 571 1276 caelare.
593 1206 743 1293 pingere,
760 1211 880 1267 cantus
911 1208 970 1267 aut
985 1202 1137 1288 regimen
1157 1225 1320 1291 equorum
1336 1224 1513 1284 exercere;
1550 1212 1584 1270 et
1599 1205 1664 1269 ali·

430 1314 565 1402 quando
598 1312 804 1376 carminibus
845 1309 1033 1397 pangendis
1056 1310 1167 1374 inesse
1195 1309 1259 1374 sibi
1291 1310 1457 1377 elementa
1492 1311 1665 1378 doctrinae

430 1419 642 1487 ostendebat.
660 1457 704 1469 —
728 1419 778 1499 13,
793 1420 823 1482 5.
849 1418 984 1504 Legatis
1010 1418 1250 1482 Armeniorum
1278 1441 1414 1483 causam
1439 1421 1552 1506 gentis
1575 1420 1666 1509 apud

430 1528 597 1593 Neronem
618 1526 793 1592 orantibus
810 1525 990 1590 escendere
1020 1532 1219 1612 suggestum
1239 1526 1453 1612 imperatoris
1481 1534 1516 1592 et
1539 1527 1667 1614 praesi-

430 1635 509 1700 dere
529 1634 630 1699 simul
650 1633 791 1721 parabat
820 1632 1050 1721 (Agrippina).
1080 1632 1240 1719 —13,7‚
1273 1632 1362 1698 Nero
1393 1641 1427 1698 et
1450 1634 1664 1700 iuventutem

432 1743 602 1830 proximas
618 1765 677 1828 per
692 1740 881 1828 provincias
892 1740 1080 1828 quaesitam
1096 1740 1294 1827 supplendis
1310 1739 1458 1806 Orientis
1473 1740 1666 1829 legionibus

431 1852 611 1916 admovere
624 1850 842 1937 legionesque
856 1848 948 1935 ipsas
964 1849 1101 1936 propius
1117 1849 1315 1914 Armeniam
1343 1849 1502 1915 collocari
1528 1850 1664 1915 iubet...

431 1999 474 2008 -
495 1957 709 2047 r3‚9.Nero‚
736 1979 802 2044 quo
830 1964 1049 2044 componeret
1081 1956 1245 2034 diversos,
1282 1958 1330 2022 sic
1368 1956 1519 2044 evulgari
1552 1958 1664 2028 iussit,

433 2067 475 2132 ob
496 2090 550 2130 res
566 2089 583 2129 a
600 2064 772 2143 Quadrato
784 2070 816 2127 ct
836 2063 1029 2129 Corbulone
1045 2087 1204 2151 prospere
1218 2072 1332 2151 gestas
1356 2064 1488 2130 laurum
1519 2065 1666 2130 fascibus

433 2172 658 2261 imperatoriis
674 2171 764 2238 addi.
786 2170 898 2252 —13,
917 2194 966 2237 ro.
999 2169 1126 2235 Eodem
1154 2194 1242 2235 anno
1274 2171 1400 2237 Caesar
1427 2171 1572 2261 effigiem
1601 2172 1664 2239 Cn.

435 2280 583 2345 Domitio
599 2279 686 2365 patri
697 2287 730 2343 et
753 2278 945 2343 consularia
958 2278 1103 2362 insignia
1124 2278 1273 2342 Asconio
1290 2278 1450 2364 Labeoni,
1463 2302 1529 2367 quo
1555 2288 1666 2345 tutore

432 2411 515 2452 usus
531 2394 613 2460 erat,
632 2387 752 2473 petivit
771 2410 788 2450 a
810 2393 942 2466 senatu,
961 2385 1091 2472 sibique
1112 2394 1242 2451 statuas
1257 2395 1397 2472 argento
1412 2386 1467 2451 vel
1487 2410 1569 2451 auro
1585 2387 1667 2451 soli·

432 2496 492 2559 das
516 2495 679 2560 adversus
712 2494 890 2558 offerentes
919 2492 1103 2580 prohibuit.
1140 2492 1182 2557 Et
1211 2517 1417 2582 quamquam
1454 2495 1668 2560 censuissent

433 2610 558 2690 patres,
578 2611 615 2667 ut
631 2601 833 2689 principium
853 2601 932 2665 anni
947 2601 1110 2687 inciperet
1122 2624 1238 2666 mense
1259 2601 1449 2679 Decembri,
1477 2625 1545 2691 quo
1572 2611 1667 2666 ortus

433 2718 504 2775 erat
524 2709 624 2781 Nero,
646 2717 793 2773 veterem
818 2708 1017 2794 religionem
1043 2706 1262 2773 kalendarum
1289 2710 1520 2776 Ianuariarum
1549 2709 1667 2774 incho-

435 2816 523 2881 ando
543 2840 631 2881 auno
647 2816 796 2880 retinuit.
818 2854 856 2864 -
884 2815 934 2889 13,
958 2839 1006 2879 tr.
1025 2815 1168 2880 Claudio
1187 2816 1320 2881 Nerone
1345 2818 1383 2884 L.
1406 2816 1559 2882 Antistio
1586 2839 1667 2882 con-

434 2923 575 2996 sulibus,
598 2947 674 2988 cum
699 2924 826 2987 inacta
860 2923 1051 3011 principum
1085 2923 1234 2988 iurarent
1272 2924 1503 3012 magistratus,
1538 2925 1572 2989 in
1607 2947 1668 2990 sua

433 3039 508 3096 aeta
522 3031 688 3118 collegam
705 3030 893 3095 Antistium
922 3031 1031 3096 iurare
1059 3030 1241 3118 probibuit.
1275 3069 1310 3082 -
1352 3033 1401 3108 13,
1423 3056 1473 3100 aa.
1509 3030 1669 3098 Ceterum

433 3139 574 3204 infracta
601 3133 764 3226 paulatim
789 3138 939 3225 potentia
967 3139 1085 3203 matris
1119 3138 1257 3226 delapso
1280 3138 1412 3205 Nerone
1449 3141 1484 3205 in
1516 3162 1669 3205 amorem

433 3246 584 3327 libertae,
602 3247 657 3310 cui
684 3244 887 3310 vocabulum
908 3246 993 3310 Acte
1027 3245 1129 3311 luit...
1157 3246 1344 3334 (Claudius)
1378 3247 1518 3313 Senecio
1547 3246 1669 3314 liberto

434 3354 603 3420 Caesaris¹
619 3362 712 3442 patre
726 3354 978 3440 genitus-ri,
1000 3355 1045 3418 13.
1056 3353 1148 3433 Quae
1160 3355 1301 3418 mutatio
1315 3355 1552 3443 (Agrippinae)
1560 3378 1669 3444 neque

433 3462 599 3526 Neronem
615 3461 745 3525 lelellit.
769 3513 774 3525 .
794 3461 894 3525 Forte
910 3459 978 3524 illis
995 3460 1114 3525 diebus
1130 3461 1265 3542 Caesar,
1279 3462 1431 3549 inspecto
1453 3470 1586 3544 ornatu,
1603 3486 1669 3551 quo

432 3570 619 3656 principum
653 3570 813 3654 coniuges
843 3593 880 3632 ac
910 3578 1067 3655 parentes
1095 3569 1300 3648 ellulserant,
1331 3569 1449 3657 deligit
1485 3577 1616 3635 vestem
1637 3576 1671 3635 et

432 3701 583 3762 gemmas
598 3677 756 3765 misitque
773 3676 898 3740 donum
924 3677 1022 3739 matri
1042 3676 1133 3740 nulla
1154 3678 1370 3763 parsimonia,
1393 3700 1468 3741 cum
1490 3679 1670 3765 praecipua

432 3793 466 3849 et
480 3786 591 3871 cupita
612 3784 687 3848 aliis
707 3785 797 3871 prior
815 3783 971 3848 deterret.
998 3822 1041 3829 —
1062 3783 1110 3860 13,
1135 3787 1182 3860 rt.
1201 3784 1288 3847 Nero
1309 3783 1460 3848 intensus
1476 3785 1528 3862 iis,
1547 3784 1671 3872 quibus

434 3892 592 3978 superbia
613 3890 785 3955 muliebris
802 3890 1039 3979 (Agrippinae)
1056 3890 1274 3968 innitebatur,
1299 3892 1456 3955 demovet
1478 3890 1670 3955 Pallantem

434 4022 655 4073 cumrerum,
679 4000 788 4085 qrrisa
814 3997 956 4062 Claudio
970 3998 1253 4084 impositusvelut
1273 3998 1446 4062 arbitrium
1471 3998 1567 4085 regni
1591 4021 1670 4085 age-

434 4104 502 4170 bat.
523 4143 562 4153 -
584 4106 633 4184 13,
662 4107 709 4169 ι5.
732 4104 900 4170 Turbatus
920 4105 972 4168 bis
989 4106 1208 4193 (Agrippinae
1228 4106 1343 4189 minis)
1359 4105 1489 4170 Nero...
1516 4105 1671 4170 volutare

434 4235 546 4276 secum
573 4213 671 4276 modo
699 4214 814 4277 matris
841 4212 1051 4286 violentiam,
1074 4212 1172 4275 rrrodo
1198 4213 1302 4299 ipsius
1322 4212 1538 4298 (Britannici)
1566 4212 1671 4275 indo„

434 4320 540 4382 lem...
569 4319 677 4383 Festis
692 4322 836 4384 Saturno
852 4318 970 4383 diebus
988 4320 1074 4382 inter
1089 4319 1152 4382 alia
1168 4320 1358 4407 aequalium
1380 4319 1507 4384 ludicra
1527 4342 1671 4406 regnum

433 4425 511 4490 lusu
526 4426 739 4491 sortientium
754 4433 912 4491 evenerat
925 4449 962 4489 ea
979 4450 1052 4489 sors
1066 4425 1232 4492 Neroni...
1250 4426 1338 4490 Nero
1352 4426 1523 4491 intellecta
1543 4426 1673 4490 invidia

422 4731 430 4766 ¹
451 4751 462 4774 n
483 4731 537 4779 Dcr
558 4731 642 4780 Vater
656 4732 705 4779 des
725 4731 839 4779 Senecio
855 4745 921 4786 war,
939 4730 991 4777 wie
1009 4730 1056 4777 clas
1070 4729 1148 4777 Alter
1164 4728 1219 4775 und
1241 4728 1290 4774 der
1307 4727 1392 4774 Name
1411 4728 1459 4775 des
1483 4726 1570 4775 Sohns
1592 4725 1672 4787 zeigt,

390 4827 452 4860 vom
469 4810 564 4860 Kaiscr
574 4812 702 4860 Claudius
713 4812 894 4872 trcigctussen.
909 4810 949 4858 Da
963 4811 1029 4858 aber
1039 4811 1087 4858 das
1099 4810 1228 4857 Patronat
1237 4807 1284 4855 aul
1294 4808 1355 4855 dem
1367 4807 1440 4855 Solrn
1452 4808 1499 4855 des
1511 4806 1675 4856 Freilassers

392 4892 532 4955 iibergelrt.
547 4908 605 4940 war
616 4909 645 4941 cr
660 4893 728 4940 nach
741 4894 802 4940 dcm
816 4891 890 4939 Tude
906 4892 953 4938 des
965 4890 1093 4939 Claudius
1109 4890 1325 4950 Freigelassener
1338 4889 1385 4936 des
1397 4889 1468 4936 Nero
1484 4886 1643 4946 (Caesaris).
1661 4902 1674 4932 ι

390 4973 731 5032 tNrrrsnrmr·Anormsun).
