3709 6234
338 846 392 904 638
801 847 979 903 svenomvs
999 848 1159 904 mvndvs

376 991 506 1058 Marius
525 991 658 1072 Celsus,
675 979 944 1057 Annius'Gallus
957 998 1104 1058 rectores
1119 990 1280 1058 destinati
1301 990 1358 1077 (ab
1373 988 1535 1078 Othone),
1560 988 1625 1056 sed

376 1099 521 1188 plurima
542 1098 626 1164 tides
642 1098 771 1163 Licinio
788 1098 947 1180 Proculo,
965 1089 1124 1187 praetorii
1143 1098 1325 1187 praelecto.
1343 1097 1417 1165 ls...
1432 1098 1622 1164 auctorita·

379 1190 446 1273 tem
475 1205 620 1288 Paulini,
644 1206 796 1292 vigorem
818 1205 921 1288 Celsi,
947 1199 1177 1272 maturitatem
1205 1205 1336 1273 Galli...
1362 1203 1621 1272 criminando...

376 1314 458 1393 -l,
476 1338 530 1403 po.
550 1315 587 1380 ln
618 1312 769 1378 consiliis
783 1312 924 1378 militiae
945 1313 1107 1379 Suetonio
1124 1313 1267 1379 Paulino
1293 1321 1328 1380 et
1342 1313 1451 1379 Mario
1471 1310 1621 1380 Celso...

380 1422 484 1510 (Otho
505 1421 689 1508 utebatur).
710 1460 753 1471 —
775 1420 818 1500 ll,
841 1423 895 1486 23.
919 1420 1096 1500 Certatim,
1117 1430 1156 1487 ut
1172 1422 1315 1511 quisque
1330 1421 1443 1487 animo
1458 1421 1621 1509 ignavus,

381 1553 505 1617 procax
518 1553 587 1609 ore,
606 1528 757 1594 Annium
772 1527 909 1594 Gallum
934 1536 967 1595 et
991 1528 1191 1594 Suetonium
1218 1529 1399 1595 Paulinum
1423 1536 1457 1595 et
1470 1528 1623 1594 Marium

380 1636 531 1718 Celsum,
549 1636 702 1725 aliosque
719 1661 805 1726 quos
825 1637 914 1702 Otho
930 1637 1149 1725 praefecerat,
1162 1638 1266 1703 variis
1292 1637 1490 1702 criminibus
1510 1635 1624 1701 inces-

381 1745 512 1810 sebant.
535 1784 578 1793 -
594 1743 637 1821 ll,
657 1746 710 1821 24.
726 1745 858 1810 lnterca
879 1743 1014 1810 Paulini
1030 1752 1065 1810 et
1080 1744 1172 1810 Celsi
1195 1744 1300 1810 ductu
1319 1767 1373 1810 res
1385 1744 1519 1832 egregie
1541 1766 1624 1832 ges·

378 1860 475 1919 tac...
504 1850 629 1917 Curam
658 1852 809 1940 peditum
831 1851 1009 1935 Paulinus,
1042 1854 1193 1940 equitum
1216 1851 1337 1917 Celsus
1367 1873 1554 1941 sumpsere.
1576 1837 1623 1900 -‘-

381 1958 425 2035 ll,
446 1958 499 2026 25.
527 1960 669 2045 Signum
701 1983 833 2046 pugnae
862 1983 930 2024 non
960 1959 1075 2026 statim
1102 1983 1119 2024 a
1150 1959 1312 2026 Suetonio
1340 1958 1482 2025 Paulino
1510 1956 1623 2048 pediti

378 2069 494 2135 datum
514 2088 521 2133 ε
542 2073 717 2133 cunctator
745 2076 864 2133 natura
884 2074 918 2132 et
937 2068 990 2133 cui
1005 2068 1225 2156 cautapotius
1242 2066 1382 2134 consilia
1397 2089 1474 2132 cum
1487 2065 1622 2132 ratione

380 2198 482 2264 quam
502 2197 661 2264 prospera
677 2198 719 2240 cx
741 2197 821 2240 casu
842 2174 1055 2263 placerent...
1079 2176 1185 2256 -ll,
1208 2174 1261 2241 26.
1296 2174 1407 2240 Deleri
1433 2195 1511 2239 cum
1538 2173 1620 2239 uni-

381 2306 480 2349 verso
491 2283 641 2348 exercitu
662 2283 842 2348 Caecinam
858 2273 1023 2370 potuisse,
1037 2283 1072 2347 ni
1090 2283 1274 2348 Suetonius
1290 2282 1453 2347 Paulinus
1467 2280 1622 2369 receptui

379 2390 568 2472 cecinisset,
586 2390 740 2478 utrisque
764 2390 799 2454 in
820 2390 973 2478 partibus
988 2390 1241 2477 (percrebruit).
1261 2390 1426 2455 'l'imuisse
1448 2411 1484 2454 se
1507 2386 1622 2454 Pauli·

379 2522 443 2564 nus
471 2497 597 2563 serebat
627 2505 759 2563 tantum
789 2497 928 2585 insuper
954 2497 1080 2563 laboris
1108 2506 1209 2588 atquc
1234 2497 1405 2564 itineris...
1426 2495 1533 2573 -ll,
1560 2494 1619 2562 31.

381 2604 475 2670 Tunc
491 2604 675 2670 Suetonius
692 2604 856 2670 Paulinus
870 2604 1013 2691 dignum
1025 2604 1113 2670 sama
1139 2628 1199 2671 sua
1219 2611 1325 2686 ratus,
1346 2625 1412 2693 qua
1433 2625 1532 2669 nemo
1559 2601 1621 2669 illa

383 2720 583 2800 tempestate
597 2711 753 2778 militaris
773 2713 820 2777 rei
842 2710 998 2777 callidior
1020 2711 1219 2794 habebatur,
1236 2710 1278 2779 de
1293 2719 1365 2778 toto
1391 2733 1516 2799 genere
1534 2708 1622 2776 belli

380 2843 530 2901 censere,
547 2819 796 2885 festinationem
818 2819 985 2902 hostibus,
1011 2843 1139 2885 moram
1166 2819 1249 2907 ipsis
1276 2817 1394 2885 utilem
1413 2817 1620 2886 disseruit...

382 2964 424 2979 -
443 2928 487 3009 ll,
518 2927 572 2993 33.
608 2926 802 2993 Accedebat
831 2928 1019 2993 sentcntiae
1046 2926 1181 2993 Paulini
1210 2927 1339 2993 Marius
1373 2923 1621 3006 Celsus3idem

380 3035 512 3123 placere
528 3035 641 3099 Annio
657 3034 798 3101 Gallo...
816 3034 1058 3102 rettulerant...
1077 3036 1261 3123 Postquam
1275 3034 1418 3123 pugnari
1438 3031 1620 3122 placitum,

379 3143 543 3209 interesse
561 3165 694 3231 pugnae
705 3142 942 3229 imperatorem
958 3165 1002 3208 an
1017 3142 1135 3231 seponi
1155 3140 1277 3207 melius
1287 3140 1373 3207 toret
1391 3138 1596 3206 dubitavere
1611 3158 1619 3216 ;

380 3249 524 3315 Paulino
539 3258 572 3315 et
591 3248 691 3315 Celso
711 3250 779 3314 iam
790 3273 857 3315 non
878 3250 1149 3331 adversantibus
1168 3272 1250 3316 ne...
1269 3288 1311 3299 -
1333 3249 1375 3326 ll,
1404 3248 1458 3336 37.
1472 3246 1619 3313 Invenio

378 3357 468 3445 apud
483 3356 647 3444 quosdam
665 3364 875 3434 auctores...,
893 3356 1068 3423 dubitasse
1083 3357 1263 3430 exercitus
1280 3379 1403 3420 num...
1421 3353 1475 3419 vel
1494 3353 1564 3441 ipsi
1585 3354 1620 3418 in

379 3464 526 3529 medium
553 3463 785 3529 consultarent
809 3465 863 3529 vel
889 3466 1021 3530 senatui
1041 3464 1275 3551 permitterent
1304 3463 1416 3550 legere
1435 3462 1622 3549 imperato·

377 3594 460 3642 rem.
478 3579 578 3659 atquc
594 3596 633 3635 co
647 3571 750 3636 duces
762 3573 974 3637 tlthonianos
985 3574 1132 3660 spatium
1154 3595 1192 3637 ac
1210 3595 1321 3636 moras
1337 3570 1498 3650 suasisse,
1516 3591 1622 3656 prae-

379 3679 476 3767 cipua
493 3702 552 3766 spe
574 3679 719 3752 Paulini,
738 3678 828 3767 quod
850 3680 1104 3744 vetustissimus
1120 3678 1347 3744 consularium
1365 3685 1397 3742 ct
1412 3676 1533 3742 militia
1546 3675 1623 3741 cla-

379 3810 436 3851 rus
455 3787 598 3873 gloriam
615 3809 806 3874 nomenque
823 3785 1314 3874 Britannicisexpeditionibus
1333 3785 1524 3851 meruisset.
1542 3783 1622 3871 Ego

379 3901 415 3959 ut
436 3893 718 3965 concesserim...
737 3893 783 3959 ita
810 3917 919 3981 neque
937 3895 1129 3976 Paulinum,
1154 3917 1219 3982 qua
1246 3892 1424 3982 prudentia
1451 3891 1525 3972 luit,
1542 3913 1623 3980 spe·

378 4025 469 4068 rasse
485 4002 739 4087 corruptissimo
751 4001 885 4065 saeculo
901 4008 1032 4066 tantam
1048 4001 1142 4089 vulgi
1157 4001 1424 4066 moderationem
1437 4021 1556 4064 reor...
1574 4034 1624 4049 ·-

380 4109 423 4189 ll,
439 4108 492 4197 39.
514 4108 668 4172 Prolccto
692 4107 876 4173 Brixellum
903 4109 1093 4188 Othone..,
1126 4108 1246 4173 Celsus
1271 4116 1304 4172 et
1330 4106 1506 4186 Paulinus,
1537 4129 1622 4172 cunr

379 4216 555 4305 prudentia
578 4238 692 4280 corum
703 4238 801 4280 nemo
818 4223 983 4297 uteretur,
1001 4217 1093 4281 inani
1107 4216 1241 4280 nominc
1257 4214 1380 4279 ducum
1394 4215 1521 4280 alienae
1545 4213 1623 4279 cul·

379 4348 440 4413 pac
465 4321 784 4411 praetendebantur.
804 4361 846 4373 -
869 4323 913 4396 11,
933 4326 987 4401 to.
1015 4324 1114 4389 Celso
1145 4332 1178 4389 et
1213 4323 1353 4388 Paulino
1388 4320 1623 4388 abnuentibus

379 4431 520 4496 militem
534 4430 652 4496 itincre
669 4430 808 4512 sessum,
829 4432 1116 4519 sarcinisgravem
1137 4430 1269 4497 obicere
1291 4430 1423 4498 hosti...
1431 4482 1439 4512 ,
1461 4429 1622 4496 Titianus

378 4545 411 4605 ct
430 4537 606 4615 ProculuS,
623 4537 680 4603 ubi
689 4537 841 4603 consiliis
853 4540 1081 4622 vincerentur,
1094 4539 1136 4604 ad
1147 4539 1199 4604 ius
1210 4539 1343 4627 imperii
1358 4536 1561 4605 transibant.
1575 4575 1620 4589 -

380 4645 422 4723 ll,
440 4648 490 4723 ,11,
507 4647 637 4733 Fugere
651 4646 778 4734 passim
794 4645 989 4718 Othoniani.
1001 4647 1200 4712 Bedriacum
1223 4653 1418 4734 petentes..
1432 4644 1622 4712 Suetonius

381 4753 542 4819 Paulinus
554 4760 588 4818 et
601 4753 751 4818 Licinius
767 4754 932 4819 Proculus
946 4754 1090 4820 diversis
1105 4753 1284 4820 itineribus
1295 4762 1404 4819 castra
1421 4752 1619 4821 vitavere...

378 4900 422 4913 -
442 4859 485 4941 ll,
508 4860 562 4925 60.
581 4859 766 4947 (Vitellius)
787 4861 985 4925 Suetonium
1003 4862 1181 4927 Paulinum
1198 4887 1235 4926 ac
1252 4861 1416 4926 licinium
1434 4858 1622 4927 Proculum

379 4968 468 5034 tristi
484 4990 577 5032 mora
591 4965 765 5054 squalidos
794 4968 901 5032 tenuit
917 4968 1117 5057 (Lugduni),
1152 4968 1257 5034 donec
1287 4968 1392 5034 auditi
1413 4968 1621 5036 necessariis
