3709 6234
849 865 933 917 neno
1478 855 1532 922 tra

294 1007 410 1073 ronis‘?
429 1032 445 1073 a
462 991 575 1088 -'15‚
593 1005 646 1083 aa.
666 1007 715 1072 Aa
733 1005 822 1072 Nero
851 1006 945 1071 nullo
961 1006 996 1070 in
1016 1007 1243 1095 (Pompeiam)
1260 1007 1438 1074 Paulinam
1453 1032 1532 1099 pro-

295 1114 368 1208 prio
388 1115 476 1190 odio,
499 1137 537 1180 ae
557 1137 599 1180 ne
615 1113 772 1201 glisceret
791 1114 918 1180 invidia
934 1114 1158 1196 crudelitatis
1181 1116 1273 1180 iubet
1289 1116 1431 1181 inhiberi
1442 1142 1532 1183 mor·

295 1230 406 1290 tem...
437 1223 513 1289 Non
541 1221 676 1287 defuere
700 1222 758 1311 qui
774 1221 960 1298 crederent,
977 1221 1083 1287 donee
1099 1222 1347 1309 implacabilem
1363 1224 1531 1292 Neronem

295 1330 456 1410 timuerit,
489 1330 613 1396 famam
629 1330 775 1394 sociatae
789 1353 865 1395 cum
881 1330 1002 1397 marito
1019 1328 1174 1418 (Seneca)
1192 1332 1311 1397 mortis
1327 1333 1528 1420 petivisse...

292 1477 331 1490 -
355 1439 406 1517 15,
434 1437 487 1503 65.
501 1437 603 1502 Fama
620 1437 683 1503 fuit
698 1437 857 1505 Subrium
869 1438 1011 1502 Flavum
1024 1461 1100 1503 cum
1116 1438 1412 1506 centurionibus...
1429 1440 1532 1504 desti-

294 1545 442 1625 navisse,
466 1552 503 1612 ut
531 1553 608 1633 post
633 1546 780 1610 occisum
810 1568 911 1633 opera
942 1545 1075 1610 Pisonis
1108 1546 1276 1612 Neronem
1304 1547 1531 1638 Pisoquoque

293 1651 580 1719 interficeretur...
604 1680 620 1712 a
638 1652 713 1718 Non
742 1652 865 1717 referre
893 1652 1064 1734 dedecori,
1095 1654 1123 1717 si
1148 1653 1531 1719 citharoedusdemove-

293 1767 387 1825 retur
406 1767 440 1825 et
455 1759 636 1848 tragoedus
664 1760 859 1825 succederet
877 1784 905 1825 a.
925 1759 1023 1839 Quia,
1040 1768 1079 1826 ut
1106 1761 1196 1826 Nero
1227 1762 1368 1843 cithara,
1390 1761 1436 1826 ita
1454 1760 1530 1826 l'iso

292 1868 423 1957 tragico
451 1875 571 1933 ornatu
601 1866 755 1935 canebat.
778 1906 821 1918 -
841 1866 890 1938 15,
907 1866 961 1954 67.
981 1867 1125 1934 Subrius
1156 1868 1321 1935 Flavus...
1344 1869 1531 1955 interroga-

292 1981 390 2041 tus...
408 1998 427 2039 a
444 1975 588 2051 Nerone,
606 1976 730 2064 quibus
758 1976 869 2040 causis
884 1974 926 2041 ad
941 1975 1147 2041 oblivionem
1173 1978 1375 2042 sacramenti
1399 2000 1532 2064 proces·

294 2082 436 2147 sisset...
456 2081 547 2147 Nihil
576 2083 610 2147 in
639 2082 698 2147 illa
731 2083 963 2147 coniuratione
978 2084 1116 2170 gravius
1131 2083 1269 2149 auribus
1286 2085 1428 2149 Neronis
1444 2085 1531 2150 aeci-

293 2188 1531 2279 disseeonstitit‚quiutfaciendissceleribuspromptus,itanudiendiquae

295 2296 429 2378 faceret,
445 2299 595 2362 insolens
620 2306 732 2364 erat...
753 2298 926 2386 (Veianius
947 2298 1063 2384 Niger)
1080 2321 1154 2362 cuni
1177 2300 1234 2362 vix
1253 2298 1385 2362 duobus
1409 2297 1531 2363 ictibus

296 2413 399 2492 eaput
414 2405 540 2495 (Subrii
563 2404 672 2493 Flavi)
690 2406 948 2493 amputavisset‚
962 2406 1138 2470 saevitiam
1155 2405 1244 2493 apud
1260 2406 1428 2471 Neronem
1458 2408 1527 2471 iac-

294 2513 390 2579 tavit.
413 2552 456 2565 ·—
477 2515 525 2588 15,
542 2512 597 2579 68.
616 2511 787 2600 Sulpicius
803 2515 956 2600 Asper...
974 2512 1332 2601 percontantiNeroni‚
1346 2514 1530 2580 eurincae-

293 2619 371 2685 dem
382 2642 477 2684 suam
488 2619 794 2708 conspiravisset...
807 2618 1053 2706 Opperiebatur
1065 2620 1164 2700 Nero,
1177 2619 1383 2685 utVestinus
1393 2645 1528 2710 quoque

292 2728 411 2792 consul
421 2728 454 2792 in
466 2728 592 2792 crimen
602 2727 834 2793 traheretur...
852 2727 977 2791 Neroni
989 2727 1102 2791 odium
1115 2727 1462 2793 adversusl'estinum
1488 2751 1529 2794 ex

291 2834 410 2900 intima
435 2835 614 2900 sodalitate
639 2841 806 2922 coeperat,
835 2835 914 2899 dum
941 2835 994 2899 hie
1022 2835 1192 2920 ignaviam
1217 2836 1378 2924 principis
1395 2837 1530 2923 penitus

291 2942 463 3028 cognitam
473 2942 692 3029 despicit‚ille
705 2943 861 3006 ferociam
874 2943 972 3006 amici
986 2943 1115 3020 metuit,
1138 2966 1236 3030 saepe
1258 2944 1387 3030 asperis
1400 2941 1529 3009 facetiis

292 3048 1535 3138 inlusus...Accesseratrepenscausa,quodl'estinusStatiliamblessali-·

293 3179 371 3221 nam
383 3157 599 3221 matrimonio
615 3157 679 3221 sibi
698 3157 965 3242 iunxe1·at‚liaud
979 3158 1111 3221 nescius
1130 3157 1397 3221 interadulteros
1409 3159 1482 3221 eius
1497 3166 1530 3224 ct

294 3263 471 3328 Caesarem
489 3287 574 3330 esse.
587 3264 687 3341 -15,
701 3264 756 3352 69.
773 3264 937 3328 Pavorem
950 3263 1183 3351 (convivarum
1195 3263 1326 3329 Vestini
1342 3265 1472 3351 Attici),
1488 3288 1528 3330 ex

292 3394 407 3436 mensa
423 3372 563 3437 exitium
579 3372 839 3459 opperientium.
858 3379 891 3436 et
906 3372 1112 3457 imaginatus
1123 3379 1157 3435 et
1171 3371 1322 3435 inridens
1340 3371 1428 3435 Nero
1445 3372 1528 3435 satis

292 3478 449 3567 supplicii
470 3479 573 3543 luisse
589 3479 635 3544 ait
654 3503 714 3567 pro
734 3478 843 3565 epulis
859 3478 1107 3544 consularibus.
1128 3516 1167 3526 -
1189 3480 1309 3565 15,71.
1332 3477 1472 3544 l’ellitur
1496 3488 1529 3544 et

292 3586 430 3650 Rufrius
453 3586 630 3674 Crispinus
653 3587 828 3651 occasione
858 3585 1111 3660 coniurationis,
1136 3584 1195 3648 sed
1225 3584 1350 3649 Neroni
1383 3585 1524 3654 inrisus

289 3693 380 3783 quod
394 3694 585 3781 Poppaeam
606 3694 777 3781 quondam
805 3693 1020 3758 matrimonio
1038 3699 1205 3757 tenuerat.
1228 3731 1271 3741 -
1296 3693 1345 3768 15,
1374 3717 1426 3781 7²·
1446 3693 1527 3770 Qui-

291 3799 355 3865 bu's
373 3802 574 3889 perpetratis
589 3801 678 3864 Nero
696 3809 729 3865 et
753 3801 911 3865 contione
933 3799 1080 3863 militum
1111 3796 1290 3878 habita...;
1321 3808 1405 3868 tum.
1428 3801 1526 3887 quasi

291 3916 385 3996 gesta
415 3908 504 3973 bello
531 3909 758 3995 expositurus,
776 3916 875 3971 vocat
914 3908 1241 3987 senatum...-15‚
1265 3906 1318 3993 73.
1346 3906 1413 3971 Sed
1438 3906 1527 3971 Nero

293 4015 424 4104 [vocato
440 4015 586 4100 senatui,
604 4017 753 4080 oratione
775 4015 862 4078 inter
877 4023 990 4101 patres
1003 4014 1130 4088 habita,
1153 4014 1300 4077 edictum
1319 4013 1408 4101 apud
1422 4038 1528 4102 popu-

291 4124 362 4187 lum
396 4131 429 4188 et
452 4122 584 4188 conlata
611 4123 644 4185 in
673 4121 776 4186 libros
803 4121 925 4185 indicia
954 4121 1251 4207 confessionesque
1288 4120 1525 4186 damnatorum

292 4232 486 4297 adiunxit..
518 4231 681 4318 Coeptam
714 4231 932 4318 adultamque
960 4239 993 4296 et
1021 4232 1182 4296 revictam
1212 4232 1524 4296 coniurationem...

292 4337 451 4412 fatentur,
467 4338 524 4426 qui
544 4346 621 4425 post
639 4338 812 4402 interitum
843 4337 987 4402 Neronis
1011 4340 1045 4401 in
1061 4337 1177 4403 urbem
1198 4340 1344 4426 regressi
1373 4346 1465 4403 sunt.
1484 4378 1527 4387 -

294 4445 345 4521 15,
364 4447 416 4530 7‘l·
433 4443 618 4532 (Oppressa
638 4444 869 4508 coniuratione
885 4444 1058 4509 decretum
1078 4453 1141 4524 est,
1165 4446 1217 4530 ut)
1233 4443 1401 4508 mensis...
1425 4442 1526 4530 Apri·

291 4550 332 4614 lis
350 4550 494 4615 Neronis
520 4558 783 4638 cognomentum
814 4551 1022 4638 acciperet...
1042 4551 1186 4639 Reperio
1215 4551 1248 4614 in
1274 4549 1527 4614 commentariis

291 4666 429 4722 senatus
465 4658 630 4723 Cerialem
651 4658 809 4722 Anicium
829 4657 1004 4722 consulem
1029 4657 1245 4744 designatum
1265 4681 1326 4745 pro
1359 4657 1526 4722 sententia

292 4764 429 4836 dixisse,
461 4773 498 4828 ut
533 4765 696 4852 templum
739 4765 826 4829 ltivo
862 4764 986 4829 Neroni
1009 4787 1111 4853 quam
1150 4765 1346 4829 maturrime
1392 4762 1526 4850 publiea

289 4872 431 4959 pecunia
452 4881 643 4959 poneretur.
660 4910 704 4921 -
726 4871 775 4944 16,
808 4897 834 4937 i.
859 4871 982 4937 lnlusit
1008 4871 1128 4936 dehine
1151 4871 1277 4937 Neroni
1305 4871 1438 4935 fortuna
1467 4893 1526 4957 per

291 4980 475 5045 vanitatem
492 4980 598 5069 ipsius
627 4988 661 5044 et
680 4980 845 5066 promissa
872 4979 1030 5044 Caesellii
1059 4979 1197 5045 Bassi...
1219 5016 1259 5027 —
1280 4977 1331 5050 16.
1356 5002 1385 5043 α.
1419 4977 1526 5063 lgitur
