3709 6234
354 837 408 894 320
889 839 1096 896 ‹alandalct's

401 982 543 1047 manias¹
562 984 752 1047 excussisse
778 984 910 1068 iugum:
928 992 962 1049 et
978 983 1128 1057 flumine,
1146 1003 1213 1045 non
1237 982 1371 1047 Oceano
1385 979 1521 1045 delendi
1540 1009 1569 1044 u.
1596 1018 1638 1028 —

402 1092 455 1155 28.
473 1091 602 1155 Cohors
620 1091 800 1178 Vsiporum
817 1114 877 1179 per
902 1091 1103 1156 Germanias
1119 1088 1310 1176 conscripta
1330 1089 1412 1153 etin
1430 1087 1638 1152 Britanniam

400 1184 611 1264 transmissa.
637 1237 680 1246 -
711 1200 764 1283 39.
790 1198 900 1264 lnerat
923 1197 1147 1285 (Domitiano)
1175 1194 1638 1260 conscientiaderisuiluisse

398 1329 505 1392 nuper
536 1305 659 1370 salsum
687 1329 704 1370 e
734 1307 913 1370 Germania
955 1306 1173 1394 triumphurn,
1204 1304 1326 1391 emptis
1351 1302 1634 1390 percommercia.

397 1438 540 1502 quorum
557 1413 694 1479 habitus
708 1422 741 1479 et
756 1415 866 1478 crines
880 1416 912 1478 in
931 1416 1141 1502 captivorum
1171 1412 1317 1499 speciem
1332 1411 1567 1476 formarentur.
1595 1449 1638 1460 -

398 1523 453 1598 dr.
475 1522 520 1587 lla
539 1522 688 1587 insecuta
706 1531 784 1587 sunt
799 1523 844 1586 rei
861 1522 1016 1609 publicae
1033 1529 1196 1608 tempora,
1213 1542 1299 1607 quae
1327 1518 1418 1584 sileri
1442 1517 1635 1604 Agricolam

398 1652 465 1692 non
493 1630 641 1693 sinerem
661 1650 668 1694 ε
686 1637 735 1693 tot
764 1629 933 1694 exercitus
962 1630 995 1693 in
1013 1628 1143 1694 Moesia
1169 1627 1338 1716 Daciaque
1353 1635 1386 1691 et
1400 1626 1581 1691 Germania
1605 1634 1639 1691 et

399 1736 574 1801 Pannonia
588 1736 777 1801 temeritate
793 1746 851 1801 aut
867 1760 925 1824 per
939 1737 1110 1825 ignaviam
1125 1734 1249 1799 dueum
1266 1734 1424 1799 amissi...

354 1842 648 1910 GERMANICV.
677 1882 718 1891 -
751 1847 800 1921 rt,
828 1843 868 1921 64
893 1844 1064 1931 (t'tetaria)
1091 1842 1176 1907 mori
1209 1841 1356 1921 iubetur,
1393 1864 1469 1905 cum
1497 1841 1564 1906 iam
1588 1840 1636 1904 vi-

398 1951 499 2016 duam
516 1975 550 2015 se
575 1960 609 2017 et
637 1960 767 2017 tanturn
793 1976 942 2016 sororem
967 1952 1140 2039 (Neronis)
1163 1956 1343 2015 testaretur
1372 1971 1636 2036 communesque

398 2059 659 2125 Germanicos...
679 2060 793 2125 cieret.

353 2165 653 2233 GEltllANlCVS
681 2167 757 2252 (l),
793 2166 1095 2231 GERMANICVS
1126 2164 1320 2236 CAESAR.
1351 2163 1566 2231 CAESAR&
1592 2201 1636 2211 —

402 2297 430 2351 1,
449 2274 480 2339 3.
498 2275 705 2360 (Augustus)
723 2275 962 2338 Germanicum
986 2275 1097 2339 llruso
1114 2282 1225 2338 ortum
1258 2281 1334 2338 octo
1350 2271 1439 2361 apud
1479 2271 1635 2336 Rhenum

395 2381 587 2467 legionibus
603 2382 767 2469 imposuit
783 2382 976 2469 adscirique
992 2405 1051 2470 per
1070 2382 1288 2469 adoptionem
1305 2405 1323 2445 a
1343 2380 1369 2443 Τ
1371 2379 1477 2445 iherio
1493 2379 1631 2444 iussit...

395 2527 437 2537 —
459 2514 485 2568 i,
500 2515 531 2576 7.
554 2490 662 2554 (lausa
693 2489 872 2577 praecipua
901 2490 974 2572 (rur
998 2489 1152 2553 Tiberius
1169 2489 1203 2552 in
1232 2496 1351 2553 senatu
1374 2485 1634 2552 cunctabundus

395 2595 601 2684 loqueretur)
632 2620 674 2661 ex
709 2596 901 2671 formidine,
935 2620 976 2661 ne
1011 2596 1246 2661 Germanicus.
1267 2596 1300 2660 in
1331 2596 1428 2661 cuius
1452 2618 1555 2660 manu
1584 2599 1635 2659 tot

396 2703 574 2791 legiones„
613 2704 735 2769 habero
759 2704 937 2792 imperium
961 2727 1062 2792 quam
1090 2712 1286 2792 exspectare
1316 2703 1443 2769 mallet.
1461 2739 1505 2753 —
1527 2727 1554 2772 ι,
1581 2704 1631 2778 id.

395 2811 442 2875 ar
457 2810 658 2875 Germanico
673 2811 809 2874 Caesari
829 2811 1070 2897 proconsulare
1096 2811 1273 2897 imperium
1300 2811 1417 2898 petivit
1434 2809 1630 2897 (Tiberius).

394 2954 440 2969 -
460 2942 486 2988 ι,
505 2918 557 2982 3ι.
583 2916 708 3004 Magna
725 2941 785 3004 spe
801 2917 871 2982 lore
888 2927 924 2983 ut
941 2919 1164 2983 Germanicus
1193 2918 1318 2984 Caesar
1351 2917 1530 3006 imperium
1551 2918 1634 2983 alte·

395 3026 465 3089 rius
484 3026 555 3113 pati
576 3026 771 3112 nequiret...
791 3025 865 3090 Duo
893 3026 983 3113 apud
1013 3026 1120 3113 ripam
1151 3025 1261 3090 lllreni
1281 3027 1450 3092 exercitus
1478 3033 1631 3102 erant...;

393 3133 545 3218 regimen
560 3156 714 3198 summae
731 3133 777 3196 rei
795 3156 899 3219 penes
913 3133 1166 3198 Germanicum.
1185 3171 1228 3182 -
1247 3159 1274 3202 r.
1301 3133 1354 3197 33.
1388 3134 1518 3199 lnterea
1546 3133 1633 3197 (ier-

396 3241 527 3305 inanioo
543 3264 603 3328 per
618 3239 761 3304 Gallias.
785 3241 1112 3328 .censusacnipienti
1128 3239 1633 3329 excessisseAugustunradler-

396 3355 461 3413 tur.
480 3348 623 3435 Neptem
655 3349 727 3413 eius
754 3349 978 3436 Agrippinam
1013 3348 1046 3412 in
1077 3349 1335 3415 matrimonio...
1370 3348 1527 3413 habebat.
1557 3349 1634 3436 lpse

395 3458 500 3521 Druso
517 3456 618 3520 fratre
634 3455 757 3520 'liberii
773 3456 1106 3543 genitus‚Augustae
1122 3478 1269 3544 nepos...
1288 3457 1389 3521 llrusi
1404 3478 1526 3543 magna
1542 3456 1632 3542 apud

394 3562 556 3650 populum
576 3563 766 3628 ltomanum
784 3565 986 3641 mempria...
1005 3564 1101 3629 Vnde
1127 3564 1160 3627 in
1177 3565 1414 3629 Germanicum
1432 3564 1565 3631 lavor...
1588 3603 1631 3613 -

398 3694 425 3740 ι,
448 3670 501 3746 34.
535 3669 602 3735 Sed
630 3672 865 3740 Germanicus.
903 3679 1031 3759 quanto
1069 3694 1221 3736 summae
1254 3672 1326 3759 spei
1355 3672 1503 3758 propior.
1536 3679 1631 3738 tanto

392 3778 580 3864 impensius
595 3802 654 3864 pro
671 3778 804 3842 'liberio
822 3779 896 3843 niti.
913 3818 957 3827 —
984 3804 1010 3846 1.
1028 3779 1081 3842 35.
1100 3778 1206 3843 Fuere
1234 3780 1335 3844 etiarn
1356 3780 1414 3867 qui
1443 3780 1590 3866 legatam
1612 3805 1630 3844 a

394 3884 480 3947 lliro
522 3887 679 3970 Augusto
714 3887 892 3972 pecuniam
923 3896 1157 3973 exposcerent,
1189 3885 1310 3952 faustis
1333 3887 1366 3950 in
1391 3887 1630 3952 Germanicum

392 3991 562 4055 ominibus
578 4000 623 4060 et.
642 3993 669 4055 si
695 3992 798 4057 vellet
819 3994 1041 4081 imperium...
1068 3994 1224 4082 Spatium
1249 3994 1313 4060 fuit
1337 4018 1403 4083 quo
1433 3996 1557 4060 Caesar
1588 3993 1630 4060 ab

393 4099 510 4163 amieis
524 4100 556 4163 in
576 4098 832 4166 tabernaculum
850 4110 1036 4188 raperetur.
1055 4140 1097 4149 —
1128 4127 1154 4172 r.
1172 4101 1224 4192 37.
1249 4103 1432 4168 Contracta
1447 4127 1488 4167 ex
1506 4103 1630 4168 viatico

396 4207 579 4270 amicorum
597 4206 770 4295 ipsiusque
781 4209 936 4272 Caesaris
952 4210 1093 4296 pecunia
1115 4210 1389 4297 (persolviturl...
1407 4212 1630 4276 Germanicus

393 4314 599 4401 superiorem
616 4314 658 4377 ad
672 4316 856 4380 exercitum
874 4316 1057 4403 proiectus.
1081 4355 1121 4367 -
1150 4342 1176 4390 ι,
1195 4317 1248 4383 38.
1267 4317 1477 4403 (Praefectus
1503 4327 1629 4385 castro·

393 4445 465 4485 rum
482 4422 610 4486 linnius
631 4422 840 4488 instantibus
858 4424 1004 4489 militum
1031 4424 1132 4489 minis
1149 4426 1306 4512 testatur)
1323 4448 1388 4489 non
1421 4426 1627 4513 praelectum

377 4707 386 4742 ¹
408 4707 495 4757 lauer-
520 4710 691 4758 Gcrnraniam
722 4710 804 4759 luisse
820 4714 985 4774 suspicatur.
1003 4713 1042 4761 Cf.
1056 4717 1148 4761 uotam
1167 4730 1234 4777 quae
1250 4729 1331 4779 supra
1349 4721 1401 4765 cst.

377 4789 415 4833 ²«
437 4789 541 4838 Drusus
567 4792 616 4838 der
636 4791 720 4840 Vutcr
743 4793 791 4840 des
815 4793 944 4840 Claudius
972 4795 1024 4840 und
1051 4794 1228 4844 Germanicus
1244 4797 1318 4846 hatte
1340 4799 1382 4845 si'rr
1406 4798 1465 4847 sicli
1486 4798 1626 4846 nndscinc

347 4867 550 4919 Nurlrknnuncn
565 4873 616 4920 den
636 4873 779 4920 lleinamcn
792 4874 970 4922 Germanicus
987 4875 1118 4924 erlrulten.
1129 4893 1141 4918 a
1161 4877 1499 4928 rNrrruanra-Annrrnsris;1

376 4948 387 4983 ³
405 4950 677 5001 Garnrauirnslnlius
691 4954 797 5002 Caesar.
815 4954 937 5010 lamma,
953 4955 972 5012 l,
995 4957 1044 5013 rao.
