3709 6234
752 863 781 912 C.
802 861 965 915 Gntccflvs
1445 857 1499 914 833

259 1002 385 1068 tionem
421 1003 576 1068 Gotarzis
610 1001 780 1068 nobilitati
817 1002 976 1091 plebique
1010 1001 1105 1067 iuxta
1133 1000 1422 1069 intolerandam...
1454 1041 1497 1052 —

263 1135 312 1191 ra,
335 1112 385 1176 13.
405 1109 688 1199 (Adiabenorum)
710 1134 768 1175 rex
797 1110 902 1176 Izates
922 1109 1119 1174 societatem
1143 1108 1352 1176 Meherdatis
1384 1109 1495 1199 palam

257 1218 424 1300 induerat,
441 1218 475 1284 in
492 1220 658 1284 Gotarzen
673 1242 733 1308 per
747 1218 879 1284 occulta
895 1226 929 1283 et
948 1217 1056 1305 magis
1071 1218 1136 1282 lida
1160 1217 1346 1284 inclinabat
1365 1270 1387 1285 ..
1406 1216 1496 1285 lnte-

258 1350 313 1391 rea
333 1326 517 1391 Gotarzcs¹
539 1326 628 1414 apud
649 1334 811 1406 montem,
833 1328 887 1391 cui
903 1348 1027 1390 nomen
1042 1323 1225 1405 Sanbulos,
1244 1333 1323 1391 vota
1347 1326 1400 1391 dis
1429 1326 1494 1392 loci

258 1432 476 1521 suscipiebat.
495 1471 535 1483 -
563 1457 613 1508 ra,
644 1437 693 1511 ιά.
717 1434 875 1502 Ceterum
900 1434 1074 1506 Gotarzes,
1097 1432 1248 1497 nondum
1282 1434 1366 1499 satis
1395 1441 1493 1499 aucto

258 1541 419 1621 exercitu,
439 1541 577 1606 [lumine
594 1541 716 1606 Corma
741 1564 800 1630 pro
826 1540 1039 1606 munimento
1072 1539 1162 1605 uti...
1191 1539 1260 1605 Nec
1293 1539 1495 1606 detrectavit

257 1672 403 1737 pugnam
437 1649 611 1729 Gotarzes,
643 1648 828 1713 deminutis
861 1646 1017 1714 hostibus
1051 1646 1188 1716 ferox...
1216 1647 1301 1713 Dein
1332 1649 1494 1715 Gotarzes

258 1754 376 1819 morbo
392 1755 486 1821 obiit.

213 1860 366 1928 GOTlll.
393 1900 436 1912 -
456 1864 495 1936 F,
523 1888 554 1952 7.
578 1863 761 1952 (Maximas
793 1863 869 1929 illas
893 1863 1073 1953 Scythicas
1105 1872 1266 1952 gentes...
1296 1864 1493 1931 Alexandro

257 1992 391 2059 quoque
411 1970 462 2035 illi
485 1970 623 2059 Magno,
649 1971 736 2035 sicut
757 1970 940 2059 Pompeius
967 1970 1214 2060 Corneliusque
1255 1972 1369 2037 testati
1399 1980 1491 2052 sunt,

256 2077 411 2155 evitatas,
429 2077 492 2144 hoo
509 2086 561 2143 est
577 2078 720 2157 Alanos,
743 2078 862 2144 Hunos
882 2086 916 2145 et
936 2079 1092 2167 Gothos).

212 2185 409 2264 ‘GOTINL
434 2210 467 2254 v.
491 2186 655 2252 COTlNl.

212 2291 433 2360 GOTONES.
456 2333 500 2342 —
515 2318 546 2373 a,
568 2293 622 2358 62.
651 2295 732 2359 Erat
748 2294 836 2359 inter
864 2294 1016 2359 Gotones
1040 2292 1165 2358 nobilis
1192 2294 1323 2358 iuvenis
1356 2294 1491 2358 nomine

258 2399 433 2466 Catualda.
452 2439 496 2453 -
512 2403 550 2466 G.
573 2402 627 2478 43.
643 2401 750 2466 Trans
761 2402 886 2489 Lugios
901 2400 1075 2467 Gotones²
1094 2408 1291 2488 regnantur,
1308 2400 1409 2489 paulo
1425 2401 1491 2465 iam

257 2507 435 2573 adductius
463 2532 564 2598 quam
591 2516 721 2575 ceterae
752 2510 998 2574 Germanorum
1025 2515 1155 2596 gentes,
1195 2508 1346 2573 nondum
1378 2515 1491 2574 tamen

257 2639 358 2704 supra
380 2615 582 2682 libertatem.

213 2722 418 2790 GllACClll
430 2724 454 2790 ³.
477 2763 519 2773 -
541 2725 573 2802 3,
591 2748 645 2812 27.
663 2724 752 2791 Hinc
774 2724 917 2789 Gracchi
927 2730 961 2789 et
972 2723 1146 2789 Saturnini
1163 2723 1353 2789 turbatores
1368 2722 1489 2812 plebis,

256 2854 317 2897 nec
340 2834 449 2896 minor
469 2832 609 2920 largitor
631 2833 768 2897 nomine
791 2839 930 2897 senatus
950 2832 1094 2909 Drusus,
1113 2870 1156 2880 —
1171 2832 1208 2900 0.
1225 2831 1279 2897 28.
1298 2859 1315 2893 a
1332 2831 1388 2896 Sic
1409 2830 1492 2896 Cor-

256 2939 380 3005 neliam
405 2940 648 3018 Gracchorum,
672 2941 720 3004 sic
733 2939 908 3005 Aureliam
938 2938 1104 3020 Caesaris,
1135 2939 1182 3004 sic
1207 2938 1323 3004 Atiam
1344 2938 1491 3027 Augusti

255 3047 440 3134 praefuisse
465 3046 722 3113 educationibus
743 3071 781 3112 ac
801 3046 1002 3135 produxisse
1030 3046 1199 3134 principes
1222 3044 1345 3112 liberos
1364 3046 1492 3134 accepi·

254 3178 342 3220 urus,
369 3181 446 3217 u-
467 3158 522 3234 rto.
547 3155 729 3244 (Loquitur
758 3154 947 3239 Maternus)
989 3178 1005 3219 a
1037 3153 1106 3219 Nec
1129 3154 1214 3219 tanti
1245 3154 1294 3219 rei
1327 3153 1482 3241 publicae

255 3261 484 3327 Gracchorum
499 3262 692 3351 eloquentia
704 3262 778 3342 luit,
796 3269 833 3327 ut
847 3269 1019 3349 pateretur
1038 3269 1072 3326 et
1087 3260 1222 3347 leges...
1243 3288 1258 3320 »

210 3367 599 3446 GRACCIlVS·'·.-6,
622 3369 671 3435 16.
699 3370 825 3456 Magna
844 3370 896 3433 vis
923 3375 1158 3433 accusatorum
1192 3369 1226 3432 in
1263 3390 1320 3433 eos
1348 3368 1487 3457 inrupit,

254 3475 312 3565 qui
347 3477 507 3564 pecunias
541 3475 676 3542 laenorc
706 3476 957 3543 auctitabant...
989 3476 1163 3542 Gracchus
1183 3483 1328 3565 praetor,
1365 3476 1419 3540 cui
1452 3499 1490 3541 ea

253 3585 405 3671 quaestio
430 3592 601 3664 evenerat,
625 3583 843 3649 multitudine
878 3582 1142 3671 periclitantium
1170 3582 1332 3648 subactus
1359 3582 1491 3648 rettulit

253 3690 296 3755 ad
315 3698 483 3756 senatum.

208 3797 246 3864 C.
274 3797 533 3879 Glnttlcllt'S,
564 3797 989 3884 Glt.tCC}1VS⁵(.t).-
1015 3797 1054 3878 0,
1086 3800 1136 3864 18.
1171 3797 1352 3886 (Loquitur
1382 3798 1489 3887 Aper)

251 3931 268 3966 o
291 3903 411 3971 Catoni
427 3907 498 3971 seni
514 3914 728 3994 comparatus
742 3906 780 3972 C.
794 3904 968 3970 Gracchus
983 3904 1115 3994 plenior
1134 3912 1167 3971 et
1181 3904 1372 3986 uberior...,
1386 3905 1489 3970 Grac·

250 4012 312 4078 cho
342 4013 478 4101 politior
499 4021 532 4078 ct
561 4014 712 4080 ornatior
737 4013 892 4079 Crassus.
919 4041 935 4073 »
951 4049 996 4065 -
1029 4012 1285 4100 25.(1.0quitur
1314 4012 1490 4100 Messalla)

252 4150 267 4181 «
291 4120 383 4185 hlalo
403 4121 514 4186 hercle
531 4122 570 4186 C.
589 4120 733 4186 Gracchi
763 4121 928 4209 impetum
957 4126 1015 4186 aut
1044 4120 1083 4186 L.
1113 4118 1228 4185 Crassi
1255 4119 1489 4185 maturitatem

250 4251 352 4317 quam
372 4228 585 4294 calamistros
602 4227 810 4294 Maecenatis
830 4236 888 4294 aut
903 4227 1049 4292 tinnitus
1065 4226 1245 4316 Gallionis)
1257 4225 1281 4308 ⁶,
1302 4251 1318 4290 ι

240 4508 248 4542 ¹
270 4507 314 4561 U:
331 4511 484 4570 portarzes.

235 4586 247 4621 ²
261 4587 282 4638 Α
295 4588 315 4639 Β
327 4588 366 4639 0:
384 4588 527 4651 ¹qothones.
544 4587 582 4637 Cl.
600 4586 988 4634 OnamrGenumana-Storna.

234 4668 246 4703 ³
263 4667 291 4719 C.
310 4673 337 4716 ct
352 4669 391 4716 Ti.
409 4669 563 4731 Sempronii
580 4668 707 4726 Gracchi,
726 4667 829 4715 tribuni
841 4666 940 4728 plebis.

234 4751 245 4785 ⁴
262 4751 382 4800 l'noson.
402 4767 453 4798 roa.
471 4750 509 4797 Cf.
527 4751 552 4800 S.
572 4750 625 4800 abb.
646 4750 690 4796 ubi
709 4749 902 4797 animadvertit
917 4748 1001 4795 lilcbs
1016 4746 1087 4794 hunc
1101 4746 1254 4794 Gracchum
1272 4750 1424 4809 praetorem
1441 4747 1486 4794 vix

202 4847 260 4879 esse
274 4847 354 4893 possc
370 4832 495 4878 eumdem
509 4834 590 4893 atquc
606 4832 634 4881 C.
647 4831 859 4892 ¹,Sernproniunrl
875 4828 1031 4877 Gracchum
1044 4827 1095 4891 (n).

235 4912 246 4946 ⁵
264 4913 284 4960 C
308 4913 483 4974 Sempronius
495 4912 644 4969 Gracchus,
662 4911 727 4960 trib.
745 4910 843 4972 plebis.

234 4994 246 5029 θ
264 4993 297 5041 t'.
313 4995 395 5042 ctiam
406 4993 574 5042 Saurnoxmu
587 4993 751 5055 rogationes.
