3709 6234
381 867 434 921 306
938 868 1079 920 GALLICA

426 1032 594 1074 armorum
625 1009 829 1097 expugnatis
860 1008 1032 1095 legionum
1072 1005 1222 1072 hibernis
1247 1006 1348 1071 etiam
1378 1007 1507 1073 Gallias
1544 1009 1664 1075 adlec-

426 1123 551 1183 tavere.

383 1223 570 1310 (GALLlA
605 1221 980 1308 INGVDVNNNSIS),
1020 1220 1368 1288 LVGVDVNENSIS
1399 1222 1585 1290 GALLlA.
1620 1264 1664 1273 -

427 1331 452 1408 l,
473 1333 525 1419 59.
548 1333 731 1396 Accessere
752 1328 905 1418 partibus
922 1328 1121 1414 (Vitellia...
1138 1328 1254 1394 lunius
1279 1327 1421 1395 Blaesus
1437 1329 1667 1418 Lugudunen-

426 1438 473 1502 sis
488 1437 618 1503 Galliae
634 1445 745 1503 rector
759 1461 836 1502 cum
853 1435 970 1501 ltalica
986 1435 1119 1524 legione
1139 1443 1173 1501 et
1201 1436 1254 1502 ala
1289 1436 1455 1502 Tauriana
1483 1437 1666 1526 Luguduni

425 1544 656 1610 tendentibus.
674 1586 717 1595 -
740 1544 781 1622 ll,
822 1544 876 1632 59.
902 1543 1020 1608 lunius
1057 1543 1197 1609 Blaesus
1244 1543 1505 1632 Lugudunensis
1533 1544 1665 1610 Galliac

428 1659 548 1717 rector.

382 1759 554 1823 GALLlA
577 1757 907 1834 NAllBONENSlS,
930 1757 1249 1825 NARBONENSIS
1282 1758 1467 1823 GALLlA.
1482 1796 1528 1809 -
1553 1782 1586 1840 a,
1609 1757 1663 1824 63.

429 1866 552 1930 Forum
569 1865 703 1947 lulium,
722 1865 953 1931 Narbonensis
976 1864 1106 1929 Galliae
1126 1865 1306 1931 coloniam.
1325 1904 1367 1915 —
1392 1889 1440 1934 ιι.
1468 1869 1521 1944 al.
1540 1865 1666 1953 (Verba

429 1971 508 2037 lacit
523 1973 612 2060 apud
633 1981 787 2038 senatum
814 1972 978 2037 Claudius
1000 1973 1136 2061 Caesar)
1151 2001 1166 2033 «
1185 1972 1274 2036 Num
1298 1972 1447 2060 paenitet
1476 1973 1603 2039 llalbos
1625 1998 1667 2040 ex

428 2080 590 2168 Hispania
611 2103 672 2144 nec
684 2080 797 2144 minus
813 2080 965 2167 insignes
985 2080 1074 2143 viros
1089 2102 1107 2143 e
1126 2079 1237 2144 Gallia
1253 2077 1464 2145 Narbonensi
1491 2079 1668 2168 (Romam)

428 2186 680 2252 transivisse‘?»
700 2226 738 2235 -
772 2211 824 2266 ra,
859 2187 912 2252 23.
948 2186 1079 2251 Galliac
1112 2185 1325 2251 Narbonensi
1355 2187 1399 2251 ob
1435 2187 1607 2275 egregiam
1631 2189 1666 2253 in

427 2302 539 2382 patres
567 2295 789 2360 reverentiam
824 2293 954 2371 datum,
989 2301 1027 2358 ut
1056 2292 1271 2359 senatoribus
1286 2293 1358 2360 eius
1377 2294 1572 2381 provinciae
1598 2319 1667 2361 non

428 2401 593 2489 exquisita
611 2401 774 2489 principis
790 2400 970 2474 sententia,
990 2401 1061 2465 iure
1082 2423 1149 2488 quo
1163 2399 1277 2466 Sicilia
1299 2400 1491 2480 haberetur,
1514 2425 1570 2466 res
1589 2425 1668 2468 suas

429 2508 575 2574 invisere
591 2508 718 2574 liceret.
734 2547 777 2556 -
798 2510 847 2586 ¹4,
865 2507 918 2595 57.
939 2507 1163 2596 (Cornelium)
1180 2506 1310 2572 Sullam
1328 2507 1361 2572 in
1376 2507 1521 2573 Galliam
1536 2508 1668 2574 Narbo·

429 2639 567 2680 nensem
582 2639 689 2703 nuper
700 2614 895 2700 (amotum).
918 2654 962 2663 -
987 2614 1035 2684 16,
1056 2616 1106 2680 13.
1126 2614 1278 2680 Dilectus
1297 2638 1357 2703 per
1373 2614 1519 2680 Galliam
1534 2615 1668 2681 Narbo-

428 2746 567 2787 nensem
597 2722 815 2811 Africamque
851 2730 882 2787 et
912 2723 1031 2786 Asiam
1066 2719 1172 2787 babiti
1201 2730 1282 2787 sunt
1311 2722 1511 2810 supplendis
1540 2721 1667 2810 lllyrici

427 2829 631 2917 legionibus
647 2869 690 2878 —
715 2828 741 2910 l,
764 2830 817 2906 48.
839 2829 960 2893 Vinius
987 2828 1228 2917 proconsulatu
1245 2829 1391 2894 Galliam
1412 2828 1666 2896 Narbonensem

427 2960 543 3002 severe
557 2937 753 3024 integreque
769 2936 876 3016 rexit;
902 2959 982 3000 mox
1007 2935 1135 3001 Galbae
1151 2937 1298 3001 amicitia
1321 2937 1354 3000 in
1379 2935 1560 3025 abruptum
1581 2943 1667 3002 trac·

428 3053 483 3109 tus
503 3095 524 3109 ..
543 3080 584 3091 —
613 3044 709 3132 l,87.
741 3042 871 3110 Otho...
901 3042 1156 3109 Narbonensem
1188 3044 1335 3110 Galliam
1372 3044 1512 3131 adgredi
1545 3043 1665 3110 statuit

428 3149 536 3215 classe
551 3149 704 3216 valida...
723 3189 765 3197 -
786 3149 829 3222 ll,
855 3152 903 3213 15.
927 3150 1100 3215 Vitelliani
1122 3158 1210 3216 retro
1230 3151 1419 3237 Antipolim
1435 3149 1665 3215 Narbonensis

428 3256 558 3321 Galliae
584 3251 847 3344 municipium...
872 3264 1049 3323 revertere.
1075 3296 1117 3305 —
1144 3256 1187 3328 ll.
1217 3258 1269 3321 28.
1302 3256 1428 3320 Nuntio
1460 3256 1616 3322 adlato...
1647 3281 1666 3322 a

428 3363 536 3428 classe
561 3364 746 3429 lltlronis..
770 3362 1024 3428 Narbonensem
1050 3363 1196 3428 Galliam
1223 3364 1433 3431 circumiri...
1456 3402 1500 3411 -
1525 3362 1586 3442 lll,
1610 3366 1662 3440 Aa.

429 3471 556 3535 Marius
585 3472 739 3536 Maturus
766 3469 905 3557 Alpium
940 3472 1183 3536 maritimarum
1218 3479 1453 3559 procurator...
1492 3469 1662 3556 (Fabium)

430 3578 663 3652 Valentem...
700 3602 740 3644 ne
778 3576 924 3642 Galliam
971 3578 1227 3643 Narbonensem
1257 3587 1381 3644 temero
1419 3577 1662 3664 ingrederetur,

432 3684 600 3750 monendo
618 3685 766 3751 terruit¹.

386 3793 600 3868 GALLICA,
627 3792 706 3856 VM.
726 3830 768 3839 -
798 3818 824 3869 1,
850 3792 902 3880 57.
931 3792 1186 3880 (Segirnundus)
1208 3814 1285 3855 cum
1313 3789 1479 3878 praesidio
1500 3789 1666 3855 Gallicam

430 3902 463 3965 in
485 3901 590 3986 ripam
618 3900 741 3962 missus
758 3907 819 3964 cst.
837 3938 881 3949 -
911 3923 940 3968 a.
968 3899 999 3963 6.
1023 3900 1162 3964 Rhenus
1187 3898 1379 3985 (postquam
1400 3897 1495 3962 velut
1525 3898 1560 3961 in
1581 3897 1666 3963 duos

430 4030 546 4071 amnes
581 4006 712 4070 divisus
738 4008 845 4089 est)...
877 4006 919 4070 ad
954 4006 1119 4070 Gallicam
1159 4006 1264 4092 ripam
1300 4004 1400 4069 latior
1432 4012 1466 4069 ct
1505 4003 1667 4092 placidior

431 4113 608 4177 adlluens..
651 4152 692 4163 —
723 4137 754 4192 2,
789 4135 838 4200 ¹7·
875 4113 1081 4198 (Arminius)
1121 4113 1359 4177 incubuerat...
1383 4111 1579 4198 sagittariis
1610 4111 1667 4175 illa

431 4228 603 4307 rupturus
640 4221 673 4284 ni
703 4220 885 4284 llaetorum
921 4219 1241 4307 Vindelicorumque
1269 4227 1302 4284 ct
1331 4218 1480 4284 Gallicae
1512 4218 1668 4284 cohortes

429 4330 525 4414 signa
550 4327 764 4391 obiecissent.
781 4365 826 4376 -
850 4325 881 4397 u,
902 4351 931 4413 7.
955 4325 1128 4399 Santonis,
1160 4325 1291 4390 Gallica
1315 4326 1461 4392 civitate.
1476 4359 1520 4376 -
1545 4327 1595 4407 15,
1612 4326 1665 4403 43.

430 4435 572 4500 Vrbis...
594 4436 696 4522 (quar.
722 4433 843 4497 domus
865 4435 1033 4521 perierant
1059 4433 1215 4498 inccndio
1236 4433 1393 4518 Neronis)
1418 4455 1497 4508 non,
1525 4440 1564 4497 ut
1593 4440 1669 4520 post

430 4542 561 4607 Gallica
595 4541 761 4616 incendia,
798 4540 889 4605 nulla
926 4541 1144 4605 distinctione
1174 4564 1234 4605 nec
1264 4540 1391 4627 passim
1421 4539 1594 4626 (erectae).
1624 4577 1669 4590 -

432 4652 457 4720 l,
488 4649 542 4714 65.
573 4648 818 4735 Lugdunenses
845 4648 1062 4713 exstimularc
1091 4647 1363 4734 (Vitellianos)...
1397 4646 1430 4710 in
1456 4645 1666 4711 eversionem

432 4757 672 4821 Viennensium
687 4776 693 4820 :
720 4757 848 4822 ...irent
863 4757 1004 4831 ultores
1023 4754 1261 4820 exscinderent
1276 4754 1391 4819 sedem
1407 4747 1529 4818 Gallici
1542 4751 1664 4820 belli...

419 4989 426 5022 ί
447 4987 478 5035 l‘.
493 4988 575 5035 elium
593 4986 778 5034 sinuosi-:sss
794 4987 944 5050 provincia.
