<?xml version="1.0" encoding="UTF-8"?>
<!DOCTYPE html PUBLIC "-//W3C//DTD XHTML 1.0 Transitional//EN"
    "http://www.w3.org/TR/xhtml1/DTD/xhtml1-transitional.dtd">
<html xmlns="http://www.w3.org/1999/xhtml" xml:lang="en" lang="en">
 <head>
  <title>
</title>
<meta http-equiv="Content-Type" content="text/html;charset=utf-8" />
  <meta name='ocr-system' content='tesseract 3.04.00' />
  <meta name='ocr-capabilities' content='ocr_page ocr_carea ocr_par ocr_line ocrx_word'/>
</head>
<body>
  <div class='ocr_page' id='page_1' title='image "./onomasticontaci00fabigoog_0397.png"; bbox 0 0 3709 6234; ppageno 0'>
   <div class='ocr_carea' id='block_1_1' title="bbox 224 888 1508 1123">
    <p class='ocr_par' dir='ltr' id='par_1_1' title="bbox 224 888 1508 1123">
     <span class='ocr_line' id='line_1_1' title="bbox 746 888 1508 945; baseline 0.003 -4"><span class='ocrx_word' id='word_1_1' title='bbox 746 891 851 943; x_wconf 81' lang='lat' dir='ltr'>lVblVS</span> <span class='ocrx_word' id='word_1_2' title='bbox 872 893 890 943; x_wconf 92' lang='lat' dir='ltr'>V</span> <span class='ocrx_word' id='word_1_3' title='bbox 894 892 991 945; x_wconf 74' lang='lat' dir='ltr'><strong>INDEX</strong></span> <span class='ocrx_word' id='word_1_4' title='bbox 1455 888 1508 943; x_wconf 81' lang='grc'>389</span> 
     </span>
     <span class='ocr_line' id='line_1_2' title="bbox 224 1031 1508 1123; baseline -0.003 -21"><span class='ocrx_word' id='word_1_5' title='bbox 224 1032 373 1102; x_wconf 83' lang='lat' dir='ltr'>IVLIVS</span> <span class='ocrx_word' id='word_1_6' title='bbox 398 1034 427 1096; x_wconf 96' lang='lat' dir='ltr'>V</span> <span class='ocrx_word' id='word_1_7' title='bbox 431 1032 582 1112; x_wconf 76' lang='lat' dir='ltr'>INDEX,</span> <span class='ocrx_word' id='word_1_8' title='bbox 605 1031 809 1099; x_wconf 76' lang='lat' dir='ltr'>VlNllllX¹.</span> <span class='ocrx_word' id='word_1_9' title='bbox 833 1072 875 1083; x_wconf 95' lang='lat'><em>-</em></span> <span class='ocrx_word' id='word_1_10' title='bbox 901 1034 949 1114; x_wconf 80' lang='lat'>15,</span> <span class='ocrx_word' id='word_1_11' title='bbox 975 1035 1027 1121; x_wconf 69' lang='lat'>74.</span> <span class='ocrx_word' id='word_1_12' title='bbox 1053 1032 1169 1122; x_wconf 74' lang='lat' dir='ltr'>(Nero)</span> <span class='ocrx_word' id='word_1_13' title='bbox 1186 1032 1369 1121; x_wconf 78' lang='lat' dir='ltr'>pugionem</span> <span class='ocrx_word' id='word_1_14' title='bbox 1386 1033 1508 1123; x_wconf 78' lang='lat' dir='ltr'>(Flavii</span> 
     </span>
    </p>
   </div>
   <div class='ocr_carea' id='block_1_2' title="bbox 210 1139 1508 4894">
    <p class='ocr_par' dir='ltr' id='par_1_2' title="bbox 210 1139 1508 4894">
     <span class='ocr_line' id='line_1_3' title="bbox 268 1139 1505 1229; baseline -0.002 -22"><span class='ocrx_word' id='word_1_15' title='bbox 268 1141 438 1228; x_wconf 82' lang='lat' dir='ltr'>Scaevini)</span> <span class='ocrx_word' id='word_1_16' title='bbox 458 1139 547 1228; x_wconf 90' lang='lat' dir='ltr'>apud</span> <span class='ocrx_word' id='word_1_17' title='bbox 579 1139 785 1228; x_wconf 79' lang='lat' dir='ltr'>Capitolium</span> <span class='ocrx_word' id='word_1_18' title='bbox 811 1139 958 1206; x_wconf 88' lang='lat' dir='ltr'>sacravit</span> <span class='ocrx_word' id='word_1_19' title='bbox 987 1140 1228 1229; x_wconf 75' lang='lat' dir='ltr'>inscripsitque</span> <span class='ocrx_word' id='word_1_20' title='bbox 1254 1141 1324 1206; x_wconf 89' lang='lat' dir='ltr'>lovi</span> <span class='ocrx_word' id='word_1_21' title='bbox 1351 1141 1505 1219; x_wconf 90' lang='lat' dir='ltr'>Vindici;</span> 
     </span>
     <span class='ocr_line' id='line_1_4' title="bbox 268 1247 1507 1337; baseline -0.002 -24"><span class='ocrx_word' id='word_1_22' title='bbox 268 1249 302 1313; x_wconf 93' lang='lat' dir='ltr'>in</span> <span class='ocrx_word' id='word_1_23' title='bbox 330 1272 490 1337; x_wconf 81' lang='lat' dir='ltr'>praesens</span> <span class='ocrx_word' id='word_1_24' title='bbox 513 1247 604 1313; x_wconf 91' lang='lat' dir='ltr'>haud</span> <span class='ocrx_word' id='word_1_25' title='bbox 628 1248 902 1313; x_wconf 86' lang='lat' dir='ltr'>animadversum</span> <span class='ocrx_word' id='word_1_26' title='bbox 934 1257 1010 1336; x_wconf 90' lang='lat' dir='ltr'>post</span> <span class='ocrx_word' id='word_1_27' title='bbox 1036 1271 1129 1313; x_wconf 88' lang='lat' dir='ltr'>arma</span> <span class='ocrx_word' id='word_1_28' title='bbox 1169 1247 1245 1313; x_wconf 92' lang='lat' dir='ltr'>lulii</span> <span class='ocrx_word' id='word_1_29' title='bbox 1276 1247 1427 1313; x_wconf 89' lang='lat' dir='ltr'>Vindicis</span> <span class='ocrx_word' id='word_1_30' title='bbox 1465 1248 1507 1313; x_wconf 91' lang='lat' dir='ltr'>ad</span> 
     </span>
     <span class='ocr_line' id='line_1_5' title="bbox 268 1355 1504 1444; baseline 0 -22"><span class='ocrx_word' id='word_1_31' title='bbox 268 1356 454 1444; x_wconf 83' lang='lat' dir='ltr'>auspicium</span> <span class='ocrx_word' id='word_1_32' title='bbox 487 1363 521 1421; x_wconf 91' lang='lat' dir='ltr'>et</span> <span class='ocrx_word' id='word_1_33' title='bbox 544 1356 755 1443; x_wconf 76' lang='lat' dir='ltr'>praesagium</span> <span class='ocrx_word' id='word_1_34' title='bbox 783 1356 915 1421; x_wconf 89' lang='lat' dir='ltr'>futurae</span> <span class='ocrx_word' id='word_1_35' title='bbox 949 1355 1089 1421; x_wconf 93' lang='lat' dir='ltr'>ultionis</span> <span class='ocrx_word' id='word_1_36' title='bbox 1117 1356 1323 1421; x_wconf 78' lang='lat' dir='ltr'>trahebatur.</span> <span class='ocrx_word' id='word_1_37' title='bbox 1354 1394 1395 1405; x_wconf 91' lang='lat'>-</span> <span class='ocrx_word' id='word_1_38' title='bbox 1423 1357 1447 1436; x_wconf 90' lang='lat' dir='ltr'>l,</span> <span class='ocrx_word' id='word_1_39' title='bbox 1473 1355 1504 1422; x_wconf 88' lang='grc'>6.</span> 
     </span>
     <span class='ocr_line' id='line_1_6' title="bbox 269 1462 1507 1551; baseline -0.002 -22"><span class='ocrx_word' id='word_1_40' title='bbox 269 1463 369 1529; x_wconf 87' lang='lat' dir='ltr'>Multi</span> <span class='ocrx_word' id='word_1_41' title='bbox 397 1463 439 1528; x_wconf 92' lang='lat' dir='ltr'>ad</span> <span class='ocrx_word' id='word_1_42' title='bbox 466 1464 528 1528; x_wconf 91' lang='lat' dir='ltr'>hoc</span> <span class='ocrx_word' id='word_1_43' title='bbox 557 1464 687 1528; x_wconf 92' lang='lat' dir='ltr'>numeri</span> <span class='ocrx_word' id='word_1_44' title='bbox 712 1487 729 1528; x_wconf 89' lang='lat' dir='ltr'>e</span> <span class='ocrx_word' id='word_1_45' title='bbox 750 1464 930 1528; x_wconf 79' lang='lat' dir='ltr'>Germania</span> <span class='ocrx_word' id='word_1_46' title='bbox 956 1487 993 1528; x_wconf 91' lang='lat' dir='ltr'>ac</span> <span class='ocrx_word' id='word_1_47' title='bbox 1011 1462 1184 1529; x_wconf 86' lang='lat' dir='ltr'>Britannia</span> <span class='ocrx_word' id='word_1_48' title='bbox 1203 1470 1237 1528; x_wconf 93' lang='lat' dir='ltr'>et</span> <span class='ocrx_word' id='word_1_49' title='bbox 1253 1462 1400 1549; x_wconf 74' lang='lat' dir='ltr'>Illyrico,</span> <span class='ocrx_word' id='word_1_50' title='bbox 1423 1486 1507 1551; x_wconf 92' lang='lat' dir='ltr'>quos</span> 
     </span>
     <span class='ocr_line' id='line_1_7' title="bbox 268 1570 1508 1661; baseline 0 -24"><span class='ocrx_word' id='word_1_51' title='bbox 268 1570 358 1638; x_wconf 92' lang='lat' dir='ltr'>idem</span> <span class='ocrx_word' id='word_1_52' title='bbox 391 1571 480 1636; x_wconf 90' lang='lat' dir='ltr'>Nero</span> <span class='ocrx_word' id='word_1_53' title='bbox 509 1571 635 1636; x_wconf 90' lang='lat' dir='ltr'>eleetos</span> <span class='ocrx_word' id='word_1_54' title='bbox 665 1572 936 1661; x_wconf 86' lang='lat' dir='ltr'>praemissosque</span> <span class='ocrx_word' id='word_1_55' title='bbox 972 1570 1014 1635; x_wconf 91' lang='lat' dir='ltr'>ad</span> <span class='ocrx_word' id='word_1_56' title='bbox 1045 1570 1193 1636; x_wconf 91' lang='lat' dir='ltr'>claustra</span> <span class='ocrx_word' id='word_1_57' title='bbox 1232 1571 1432 1658; x_wconf 88' lang='lat' dir='ltr'>Caspiarum</span> <span class='ocrx_word' id='word_1_58' title='bbox 1474 1579 1508 1638; x_wconf 89' lang='lat' dir='ltr'>et</span> 
     </span>
     <span class='ocr_line' id='line_1_8' title="bbox 268 1678 1507 1768; baseline -0.002 -25"><span class='ocrx_word' id='word_1_59' title='bbox 268 1678 407 1756; x_wconf 88' lang='lat' dir='ltr'>bellum,</span> <span class='ocrx_word' id='word_1_60' title='bbox 435 1679 525 1768; x_wconf 93' lang='lat' dir='ltr'>quod</span> <span class='ocrx_word' id='word_1_61' title='bbox 552 1680 585 1743; x_wconf 93' lang='lat' dir='ltr'>in</span> <span class='ocrx_word' id='word_1_62' title='bbox 613 1678 768 1745; x_wconf 83' lang='lat' dir='ltr'>Albanos</span> <span class='ocrx_word' id='word_1_63' title='bbox 795 1678 946 1767; x_wconf 89' lang='lat' dir='ltr'>parabat,</span> <span class='ocrx_word' id='word_1_64' title='bbox 970 1678 1201 1766; x_wconf 89' lang='lat' dir='ltr'>opprimendis</span> <span class='ocrx_word' id='word_1_65' title='bbox 1213 1678 1366 1743; x_wconf 88' lang='lat' dir='ltr'>Vindicis</span> <span class='ocrx_word' id='word_1_66' title='bbox 1378 1678 1507 1766; x_wconf 92' lang='lat' dir='ltr'>coeptis</span> 
     </span>
     <span class='ocr_line' id='line_1_9' title="bbox 268 1785 1506 1873; baseline -0.003 -19"><span class='ocrx_word' id='word_1_67' title='bbox 268 1794 495 1854; x_wconf 85' lang='lat' dir='ltr'>revocaverat.</span> <span class='ocrx_word' id='word_1_68' title='bbox 517 1826 556 1839; x_wconf 91' lang='lat'><em>-</em></span> <span class='ocrx_word' id='word_1_69' title='bbox 574 1786 600 1864; x_wconf 89' lang='lat' dir='ltr'>l,</span> <span class='ocrx_word' id='word_1_70' title='bbox 618 1786 650 1852; x_wconf 86' lang='lat'>8.</span> <span class='ocrx_word' id='word_1_71' title='bbox 669 1786 811 1856; x_wconf 84' lang='lat' dir='ltr'>Galliae.</span> <span class='ocrx_word' id='word_1_72' title='bbox 830 1810 932 1873; x_wconf 89' lang='lat' dir='ltr'>super</span> <span class='ocrx_word' id='word_1_73' title='bbox 947 1786 1144 1851; x_wconf 86' lang='lat' dir='ltr'>memoriam</span> <span class='ocrx_word' id='word_1_74' title='bbox 1158 1785 1323 1859; x_wconf 85' lang='lat' dir='ltr'>Vindicis,</span> <span class='ocrx_word' id='word_1_75' title='bbox 1338 1785 1506 1872; x_wconf 85' lang='lat' dir='ltr'>obligatae</span> 
     </span>
     <span class='ocr_line' id='line_1_10' title="bbox 267 1892 1506 1982; baseline 0 -24"><span class='ocrx_word' id='word_1_76' title='bbox 267 1895 392 1960; x_wconf 82' lang='lat' dir='ltr'>recenti</span> <span class='ocrx_word' id='word_1_77' title='bbox 423 1894 512 1959; x_wconf 94' lang='lat' dir='ltr'>dono</span> <span class='ocrx_word' id='word_1_78' title='bbox 551 1894 723 1958; x_wconf 81' lang='lat' dir='ltr'>Romanae</span> <span class='ocrx_word' id='word_1_79' title='bbox 761 1894 950 1959; x_wconf 83' lang='lat' dir='ltr'>civitatis...</span> <span class='ocrx_word' id='word_1_80' title='bbox 976 1933 1019 1944; x_wconf 92' lang='lat'>-</span> <span class='ocrx_word' id='word_1_81' title='bbox 1041 1892 1066 1974; x_wconf 92' lang='lat' dir='ltr'>l,</span> <span class='ocrx_word' id='word_1_82' title='bbox 1100 1893 1148 1959; x_wconf 83' lang='lat'>16.</span> <span class='ocrx_word' id='word_1_83' title='bbox 1178 1893 1357 1982; x_wconf 82' lang='lat' dir='ltr'>(Loquitur</span> <span class='ocrx_word' id='word_1_84' title='bbox 1386 1893 1506 1978; x_wconf 86' lang='lat' dir='ltr'>Galba)</span> 
     </span>
     <span class='ocr_line' id='line_1_11' title="bbox 269 2001 1505 2091; baseline -0.002 -23"><span class='ocrx_word' id='word_1_85' title='bbox 269 2031 284 2062; x_wconf 81' lang='lat' dir='ltr'>c</span> <span class='ocrx_word' id='word_1_86' title='bbox 311 2002 412 2077; x_wconf 77' lang='lat' dir='ltr'>Nero,</span> <span class='ocrx_word' id='word_1_87' title='bbox 439 2025 582 2091; x_wconf 92' lang='lat' dir='ltr'>quem...</span> <span class='ocrx_word' id='word_1_88' title='bbox 608 2024 675 2066; x_wconf 90' lang='lat' dir='ltr'>non</span> <span class='ocrx_word' id='word_1_89' title='bbox 700 2001 831 2066; x_wconf 86' lang='lat' dir='ltr'>Vindex</span> <span class='ocrx_word' id='word_1_90' title='bbox 847 2025 923 2066; x_wconf 92' lang='lat' dir='ltr'>cum</span> <span class='ocrx_word' id='word_1_91' title='bbox 950 2001 1070 2066; x_wconf 89' lang='lat' dir='ltr'>inermi</span> <span class='ocrx_word' id='word_1_92' title='bbox 1086 2001 1259 2089; x_wconf 90' lang='lat' dir='ltr'>provincia</span> <span class='ocrx_word' id='word_1_93' title='bbox 1277 2009 1330 2065; x_wconf 88' lang='lat' dir='ltr'>aut</span> <span class='ocrx_word' id='word_1_94' title='bbox 1349 2024 1412 2087; x_wconf 89' lang='lat' dir='ltr'>ego</span> <span class='ocrx_word' id='word_1_95' title='bbox 1429 2024 1505 2067; x_wconf 89' lang='lat' dir='ltr'>cum</span> 
     </span>
     <span class='ocr_line' id='line_1_12' title="bbox 267 2108 1506 2197; baseline 0 -23"><span class='ocrx_word' id='word_1_96' title='bbox 267 2132 333 2175; x_wconf 89' lang='lat' dir='ltr'>una</span> <span class='ocrx_word' id='word_1_97' title='bbox 353 2109 499 2197; x_wconf 85' lang='lat' dir='ltr'>legione,</span> <span class='ocrx_word' id='word_1_98' title='bbox 526 2109 585 2175; x_wconf 94' lang='lat' dir='ltr'>scd</span> <span class='ocrx_word' id='word_1_99' title='bbox 612 2134 673 2174; x_wconf 89' lang='lat' dir='ltr'>sua</span> <span class='ocrx_word' id='word_1_100' title='bbox 700 2110 906 2180; x_wconf 78' lang='lat' dir='ltr'>immanitas.</span> <span class='ocrx_word' id='word_1_101' title='bbox 928 2133 986 2173; x_wconf 92' lang='lat' dir='ltr'>sua</span> <span class='ocrx_word' id='word_1_102' title='bbox 1003 2108 1137 2173; x_wconf 85' lang='lat' dir='ltr'>luxuria</span> <span class='ocrx_word' id='word_1_103' title='bbox 1158 2108 1346 2173; x_wconf 89' lang='lat' dir='ltr'>cervicibus</span> <span class='ocrx_word' id='word_1_104' title='bbox 1362 2108 1506 2196; x_wconf 90' lang='lat' dir='ltr'>publicis</span> 
     </span>
     <span class='ocr_line' id='line_1_13' title="bbox 267 2214 1505 2307; baseline 0.001 -24"><span class='ocrx_word' id='word_1_105' title='bbox 267 2217 515 2307; x_wconf 88' lang='lat' dir='ltr'>depulerunt.»</span> <span class='ocrx_word' id='word_1_106' title='bbox 537 2257 579 2267; x_wconf 93' lang='grc'>-</span> <span class='ocrx_word' id='word_1_107' title='bbox 596 2218 622 2293; x_wconf 83' lang='grc' dir='ltr'>Ι,</span> <span class='ocrx_word' id='word_1_108' title='bbox 641 2220 694 2283; x_wconf 84' lang='grc' dir='ltr'>5ι.</span> <span class='ocrx_word' id='word_1_109' title='bbox 721 2218 827 2282; x_wconf 88' lang='lat' dir='ltr'>Caeso</span> <span class='ocrx_word' id='word_1_110' title='bbox 849 2241 924 2282; x_wconf 92' lang='lat' dir='ltr'>curn</span> <span class='ocrx_word' id='word_1_111' title='bbox 946 2216 1103 2282; x_wconf 90' lang='lat' dir='ltr'>omnibus</span> <span class='ocrx_word' id='word_1_112' title='bbox 1125 2217 1229 2304; x_wconf 83' lang='lat' dir='ltr'>copiis</span> <span class='ocrx_word' id='word_1_113' title='bbox 1256 2214 1341 2280; x_wconf 91' lang='lat' dir='ltr'>lulio</span> <span class='ocrx_word' id='word_1_114' title='bbox 1364 2215 1505 2284; x_wconf 78' lang='lat' dir='ltr'>Vindice</span> 
     </span>
     <span class='ocr_line' id='line_1_14' title="bbox 267 2323 1505 2414; baseline -0.002 -22"><span class='ocrx_word' id='word_1_115' title='bbox 267 2325 361 2392; x_wconf 83' lang='lat' dir='ltr'>lerox</span> <span class='ocrx_word' id='word_1_116' title='bbox 377 2325 501 2414; x_wconf 88' lang='lat' dir='ltr'>praeda</span> <span class='ocrx_word' id='word_1_117' title='bbox 524 2325 700 2414; x_wconf 83' lang='lat' dir='ltr'>gloriaque</span> <span class='ocrx_word' id='word_1_118' title='bbox 716 2325 967 2412; x_wconf 82' lang='lat' dir='ltr'>(Germanicus)</span> <span class='ocrx_word' id='word_1_119' title='bbox 988 2324 1168 2405; x_wconf 87' lang='lat' dir='ltr'>exercitus,</span> <span class='ocrx_word' id='word_1_120' title='bbox 1187 2331 1223 2388; x_wconf 92' lang='lat' dir='ltr'>ut</span> <span class='ocrx_word' id='word_1_121' title='bbox 1240 2323 1292 2388; x_wconf 92' lang='lat' dir='ltr'>cui</span> <span class='ocrx_word' id='word_1_122' title='bbox 1304 2323 1375 2388; x_wconf 90' lang='lat' dir='ltr'>sine</span> <span class='ocrx_word' id='word_1_123' title='bbox 1391 2323 1505 2389; x_wconf 91' lang='lat' dir='ltr'>labore</span> 
     </span>
     <span class='ocr_line' id='line_1_15' title="bbox 266 2430 1505 2522; baseline -0.001 -24"><span class='ocrx_word' id='word_1_124' title='bbox 266 2457 304 2499; x_wconf 92' lang='lat' dir='ltr'>ac</span> <span class='ocrx_word' id='word_1_125' title='bbox 328 2432 477 2522; x_wconf 92' lang='lat' dir='ltr'>periculo</span> <span class='ocrx_word' id='word_1_126' title='bbox 500 2433 661 2498; x_wconf 89' lang='lat' dir='ltr'>ditissimi</span> <span class='ocrx_word' id='word_1_127' title='bbox 676 2432 757 2497; x_wconf 90' lang='lat' dir='ltr'>belli</span> <span class='ocrx_word' id='word_1_128' title='bbox 777 2433 918 2497; x_wconf 87' lang='lat' dir='ltr'>victoria</span> <span class='ocrx_word' id='word_1_129' title='bbox 942 2434 1151 2499; x_wconf 72' lang='lat' dir='ltr'>evenisset...</span> <span class='ocrx_word' id='word_1_130' title='bbox 1179 2431 1356 2497; x_wconf 86' lang='lat' dir='ltr'>Exercitus</span> <span class='ocrx_word' id='word_1_131' title='bbox 1381 2430 1505 2497; x_wconf 87' lang='lat' dir='ltr'>tinibus</span> 
     </span>
     <span class='ocr_line' id='line_1_16' title="bbox 266 2538 1504 2631; baseline -0.003 -24"><span class='ocrx_word' id='word_1_132' title='bbox 266 2542 514 2631; x_wconf 90' lang='lat' dir='ltr'>provinciarum</span> <span class='ocrx_word' id='word_1_133' title='bbox 547 2540 729 2630; x_wconf 80' lang='lat' dir='ltr'>(interioris</span> <span class='ocrx_word' id='word_1_134' title='bbox 766 2564 803 2604; x_wconf 86' lang='lat' dir='ltr'>ac</span> <span class='ocrx_word' id='word_1_135' title='bbox 851 2540 1047 2628; x_wconf 85' lang='lat' dir='ltr'>superioris)</span> <span class='ocrx_word' id='word_1_136' title='bbox 1091 2538 1389 2619; x_wconf 75' lang='lat' dir='ltr'>discernebantur3</span> <span class='ocrx_word' id='word_1_137' title='bbox 1431 2547 1504 2603; x_wconf 91' lang='lat' dir='ltr'>turn</span> 
     </span>
     <span class='ocr_line' id='line_1_17' title="bbox 267 2645 1501 2737; baseline -0.003 -22"><span class='ocrx_word' id='word_1_138' title='bbox 267 2649 430 2715; x_wconf 89' lang='lat' dir='ltr'>adversus</span> <span class='ocrx_word' id='word_1_139' title='bbox 447 2649 624 2714; x_wconf 84' lang='lat' dir='ltr'>Vindicem</span> <span class='ocrx_word' id='word_1_140' title='bbox 641 2656 832 2713; x_wconf 89' lang='lat' dir='ltr'>contractae</span> <span class='ocrx_word' id='word_1_141' title='bbox 849 2646 1011 2735; x_wconf 80' lang='lat' dir='ltr'>legiones,</span> <span class='ocrx_word' id='word_1_142' title='bbox 1029 2670 1132 2737; x_wconf 91' lang='lat' dir='ltr'>seque</span> <span class='ocrx_word' id='word_1_143' title='bbox 1145 2654 1178 2712; x_wconf 91' lang='lat' dir='ltr'>et</span> <span class='ocrx_word' id='word_1_144' title='bbox 1191 2645 1321 2711; x_wconf 86' lang='lat' dir='ltr'>Gallias</span> <span class='ocrx_word' id='word_1_145' title='bbox 1332 2654 1501 2734; x_wconf 85' lang='lat' dir='ltr'>expertae,</span> 
     </span>
     <span class='ocr_line' id='line_1_18' title="bbox 266 2753 1503 2847; baseline -0.004 -24"><span class='ocrx_word' id='word_1_146' title='bbox 266 2780 426 2847; x_wconf 88' lang='lat' dir='ltr'>quaerere</span> <span class='ocrx_word' id='word_1_147' title='bbox 458 2781 574 2821; x_wconf 92' lang='lat' dir='ltr'>rursus</span> <span class='ocrx_word' id='word_1_148' title='bbox 604 2780 695 2821; x_wconf 90' lang='lat' dir='ltr'>arma</span> <span class='ocrx_word' id='word_1_149' title='bbox 724 2779 896 2844; x_wconf 87' lang='lat' dir='ltr'>novasque</span> <span class='ocrx_word' id='word_1_150' title='bbox 930 2754 1158 2821; x_wconf 89' lang='lat' dir='ltr'>discordias...</span> <span class='ocrx_word' id='word_1_151' title='bbox 1191 2754 1260 2820; x_wconf 81' lang='lat' dir='ltr'>Nec</span> <span class='ocrx_word' id='word_1_152' title='bbox 1287 2753 1401 2820; x_wconf 88' lang='lat' dir='ltr'>deerat</span> <span class='ocrx_word' id='word_1_153' title='bbox 1424 2777 1503 2842; x_wconf 90' lang='lat' dir='ltr'>pars</span> 
     </span>
     <span class='ocr_line' id='line_1_19' title="bbox 266 2862 1503 2953; baseline -0.003 -23"><span class='ocrx_word' id='word_1_154' title='bbox 266 2865 467 2936; x_wconf 82' lang='lat' dir='ltr'>Galliarum.</span> <span class='ocrx_word' id='word_1_155' title='bbox 489 2888 575 2953; x_wconf 85' lang='lat' dir='ltr'>quae</span> <span class='ocrx_word' id='word_1_156' title='bbox 604 2863 758 2928; x_wconf 85' lang='lat' dir='ltr'>lllrenum</span> <span class='ocrx_word' id='word_1_157' title='bbox 779 2863 912 2941; x_wconf 76' lang='lat' dir='ltr'>accolit,</span> <span class='ocrx_word' id='word_1_158' title='bbox 940 2862 1074 2928; x_wconf 88' lang='lat' dir='ltr'>easdem</span> <span class='ocrx_word' id='word_1_159' title='bbox 1099 2871 1213 2951; x_wconf 89' lang='lat' dir='ltr'>partes</span> <span class='ocrx_word' id='word_1_160' title='bbox 1235 2870 1349 2928; x_wconf 89' lang='lat' dir='ltr'>secuta</span> <span class='ocrx_word' id='word_1_161' title='bbox 1374 2886 1411 2928; x_wconf 93' lang='lat' dir='ltr'>ac</span> <span class='ocrx_word' id='word_1_162' title='bbox 1431 2869 1503 2927; x_wconf 92' lang='lat' dir='ltr'>tum</span> 
     </span>
     <span class='ocr_line' id='line_1_20' title="bbox 266 2969 1503 3058; baseline -0.004 -19"><span class='ocrx_word' id='word_1_163' title='bbox 266 2973 427 3038; x_wconf 90' lang='lat' dir='ltr'>acerrima</span> <span class='ocrx_word' id='word_1_164' title='bbox 454 2972 645 3058; x_wconf 86' lang='lat' dir='ltr'>instigatrix</span> <span class='ocrx_word' id='word_1_165' title='bbox 665 2971 844 3035; x_wconf 81' lang='lat' dir='ltr'>adversum</span> <span class='ocrx_word' id='word_1_166' title='bbox 862 2969 1063 3048; x_wconf 71' lang='lat' dir='ltr'>Galbianos:</span> <span class='ocrx_word' id='word_1_167' title='bbox 1087 2970 1148 3035; x_wconf 92' lang='lat' dir='ltr'>hoc</span> <span class='ocrx_word' id='word_1_168' title='bbox 1165 2971 1253 3035; x_wconf 84' lang='lat' dir='ltr'>eninr</span> <span class='ocrx_word' id='word_1_169' title='bbox 1269 2993 1393 3035; x_wconf 91' lang='lat' dir='ltr'>nomen</span> <span class='ocrx_word' id='word_1_170' title='bbox 1408 2969 1503 3036; x_wconf 86' lang='lat' dir='ltr'>fasti-</span> 
     </span>
     <span class='ocr_line' id='line_1_21' title="bbox 265 3078 1503 3165; baseline -0.002 -20"><span class='ocrx_word' id='word_1_171' title='bbox 265 3081 336 3147; x_wconf 92' lang='lat' dir='ltr'>dito</span> <span class='ocrx_word' id='word_1_172' title='bbox 353 3079 493 3144; x_wconf 90' lang='lat' dir='ltr'>Vindice</span> <span class='ocrx_word' id='word_1_173' title='bbox 511 3080 712 3145; x_wconf 82' lang='lat' dir='ltr'>indiderant.</span> <span class='ocrx_word' id='word_1_174' title='bbox 731 3119 773 3128; x_wconf 91' lang='lat'>—</span> <span class='ocrx_word' id='word_1_175' title='bbox 790 3079 816 3160; x_wconf 88' lang='lat' dir='ltr'>l,</span> <span class='ocrx_word' id='word_1_176' title='bbox 833 3079 886 3145; x_wconf 86' lang='lat'>53.</span> <span class='ocrx_word' id='word_1_177' title='bbox 906 3079 974 3145; x_wconf 77' lang='lat' dir='ltr'>Nec</span> <span class='ocrx_word' id='word_1_178' title='bbox 990 3078 1129 3143; x_wconf 90' lang='lat' dir='ltr'>deerant</span> <span class='ocrx_word' id='word_1_179' title='bbox 1149 3078 1184 3142; x_wconf 96' lang='lat' dir='ltr'>in</span> <span class='ocrx_word' id='word_1_180' title='bbox 1210 3079 1359 3143; x_wconf 80' lang='lat' dir='ltr'>exercitu</span> <span class='ocrx_word' id='word_1_181' title='bbox 1382 3078 1503 3165; x_wconf 90' lang='lat' dir='ltr'>(supe-</span> 
     </span>
     <span class='ocr_line' id='line_1_22' title="bbox 265 3185 1501 3275; baseline -0.002 -23"><span class='ocrx_word' id='word_1_182' title='bbox 265 3189 367 3273; x_wconf 89' lang='lat' dir='ltr'>riore)</span> <span class='ocrx_word' id='word_1_183' title='bbox 395 3188 521 3252; x_wconf 90' lang='lat' dir='ltr'>semina</span> <span class='ocrx_word' id='word_1_184' title='bbox 562 3186 761 3265; x_wconf 84' lang='lat' dir='ltr'>discordiae,</span> <span class='ocrx_word' id='word_1_185' title='bbox 794 3187 883 3275; x_wconf 92' lang='lat' dir='ltr'>quod</span> <span class='ocrx_word' id='word_1_186' title='bbox 919 3195 953 3252; x_wconf 93' lang='lat' dir='ltr'>et</span> <span class='ocrx_word' id='word_1_187' title='bbox 990 3185 1079 3251; x_wconf 88' lang='lat' dir='ltr'>bello</span> <span class='ocrx_word' id='word_1_188' title='bbox 1120 3185 1283 3250; x_wconf 88' lang='lat' dir='ltr'>adversus</span> <span class='ocrx_word' id='word_1_189' title='bbox 1326 3185 1501 3250; x_wconf 85' lang='lat' dir='ltr'>Vindicem</span> 
     </span>
     <span class='ocr_line' id='line_1_23' title="bbox 264 3292 1501 3384; baseline -0.004 -22"><span class='ocrx_word' id='word_1_190' title='bbox 264 3297 444 3362; x_wconf 90' lang='lat' dir='ltr'>universus</span> <span class='ocrx_word' id='word_1_191' title='bbox 478 3295 671 3361; x_wconf 83' lang='lat' dir='ltr'>adsuerat...</span> <span class='ocrx_word' id='word_1_192' title='bbox 708 3304 808 3384; x_wconf 89' lang='lat' dir='ltr'>atque</span> <span class='ocrx_word' id='word_1_193' title='bbox 834 3296 917 3363; x_wconf 92' lang='lat' dir='ltr'>in...</span> <span class='ocrx_word' id='word_1_194' title='bbox 954 3302 1165 3359; x_wconf 88' lang='lat' dir='ltr'>sacramento</span> <span class='ocrx_word' id='word_1_195' title='bbox 1194 3292 1350 3380; x_wconf 76' lang='lat' dir='ltr'>(Galbae)</span> <span class='ocrx_word' id='word_1_196' title='bbox 1366 3292 1501 3357; x_wconf 76' lang='lat' dir='ltr'>vexillis</span> 
     </span>
     <span class='ocr_line' id='line_1_24' title="bbox 264 3400 1501 3491; baseline -0.003 -23"><span class='ocrx_word' id='word_1_197' title='bbox 264 3404 432 3469; x_wconf 82' lang='lat' dir='ltr'>interioris</span> <span class='ocrx_word' id='word_1_198' title='bbox 471 3404 664 3490; x_wconf 85' lang='lat' dir='ltr'>germaniae</span> <span class='ocrx_word' id='word_1_199' title='bbox 699 3411 901 3491; x_wconf 83' lang='lat' dir='ltr'>praeventus</span> <span class='ocrx_word' id='word_1_200' title='bbox 934 3410 1017 3467; x_wconf 91' lang='lat' dir='ltr'>erat.</span> <span class='ocrx_word' id='word_1_201' title='bbox 1049 3440 1092 3451; x_wconf 96' lang='lat'>-</span> <span class='ocrx_word' id='word_1_202' title='bbox 1126 3400 1152 3484; x_wconf 82' lang='lat' dir='ltr'>l,</span> <span class='ocrx_word' id='word_1_203' title='bbox 1179 3401 1233 3466; x_wconf 77' lang='lat'>65.</span> <span class='ocrx_word' id='word_1_204' title='bbox 1257 3400 1501 3486; x_wconf 84' lang='lat' dir='ltr'>Lugdunenses</span> 
     </span>
     <span class='ocr_line' id='line_1_25' title="bbox 263 3506 1501 3599; baseline -0.004 -22"><span class='ocrx_word' id='word_1_205' title='bbox 263 3511 481 3577; x_wconf 88' lang='lat' dir='ltr'>exstimulare</span> <span class='ocrx_word' id='word_1_206' title='bbox 499 3510 540 3599; x_wconf 88' lang='lat' dir='ltr'>(V</span> <span class='ocrx_word' id='word_1_207' title='bbox 544 3510 727 3598; x_wconf 70' lang='lat' dir='ltr'>itellianos)</span> <span class='ocrx_word' id='word_1_208' title='bbox 745 3511 819 3575; x_wconf 93' lang='lat' dir='ltr'>...in</span> <span class='ocrx_word' id='word_1_209' title='bbox 836 3510 1047 3575; x_wconf 87' lang='lat' dir='ltr'>eversionem</span> <span class='ocrx_word' id='word_1_210' title='bbox 1062 3508 1362 3587; x_wconf 80' lang='lat' dir='ltr'>Viennensium,..,</span> <span class='ocrx_word' id='word_1_211' title='bbox 1385 3506 1501 3573; x_wconf 92' lang='lat' dir='ltr'>obses·</span> 
     </span>
     <span class='ocr_line' id='line_1_26' title="bbox 264 3615 1498 3688; baseline -0.002 -4"><span class='ocrx_word' id='word_1_212' title='bbox 264 3644 335 3684; x_wconf 91' lang='lat' dir='ltr'>sam</span> <span class='ocrx_word' id='word_1_213' title='bbox 347 3619 389 3684; x_wconf 92' lang='lat' dir='ltr'>ab</span> <span class='ocrx_word' id='word_1_214' title='bbox 405 3617 473 3683; x_wconf 91' lang='lat' dir='ltr'>illis</span> <span class='ocrx_word' id='word_1_215' title='bbox 489 3617 656 3685; x_wconf 89' lang='lat' dir='ltr'>coloniam</span> <span class='ocrx_word' id='word_1_216' title='bbox 673 3642 780 3688; x_wconf 84' lang='lat' dir='ltr'>suam.</span> <span class='ocrx_word' id='word_1_217' title='bbox 800 3617 1096 3683; x_wconf 89' lang='lat' dir='ltr'>adiutosVindicis</span> <span class='ocrx_word' id='word_1_218' title='bbox 1109 3624 1292 3682; x_wconf 89' lang='lat' dir='ltr'>conatus...</span> <span class='ocrx_word' id='word_1_219' title='bbox 1311 3615 1498 3682; x_wconf 79' lang='lat' dir='ltr'>referendo.</span> 
     </span>
     <span class='ocr_line' id='line_1_27' title="bbox 263 3723 1500 3816; baseline -0.005 -23"><span class='ocrx_word' id='word_1_220' title='bbox 263 3767 306 3778; x_wconf 94' lang='lat'>-</span> <span class='ocrx_word' id='word_1_221' title='bbox 323 3727 348 3806; x_wconf 83' lang='lat' dir='ltr'>l,</span> <span class='ocrx_word' id='word_1_222' title='bbox 371 3752 425 3816; x_wconf 85' lang='lat'>70,</span> <span class='ocrx_word' id='word_1_223' title='bbox 443 3725 562 3791; x_wconf 85' lang='lat' dir='ltr'>Siliani</span> <span class='ocrx_word' id='word_1_224' title='bbox 579 3726 724 3814; x_wconf 85' lang='lat' dir='ltr'>(equites</span> <span class='ocrx_word' id='word_1_225' title='bbox 748 3750 789 3791; x_wconf 88' lang='lat' dir='ltr'>ex</span> <span class='ocrx_word' id='word_1_226' title='bbox 814 3725 981 3790; x_wconf 62' lang='lat' dir='ltr'>lineat...</span> <span class='ocrx_word' id='word_1_227' title='bbox 1005 3750 1023 3788; x_wconf 91' lang='lat' dir='ltr'>a</span> <span class='ocrx_word' id='word_1_228' title='bbox 1039 3723 1183 3805; x_wconf 85' lang='lat' dir='ltr'>Nerone,</span> <span class='ocrx_word' id='word_1_229' title='bbox 1199 3723 1286 3789; x_wconf 89' lang='lat' dir='ltr'>utin</span> <span class='ocrx_word' id='word_1_230' title='bbox 1302 3725 1500 3810; x_wconf 73' lang='lat' dir='ltr'>Aegyptum</span> 
     </span>
     <span class='ocr_line' id='line_1_28' title="bbox 264 3831 1496 3926; baseline -0.003 -25"><span class='ocrx_word' id='word_1_231' title='bbox 264 3835 571 3926; x_wconf 78' lang='lat' dir='ltr'>praemitterentur,</span> <span class='ocrx_word' id='word_1_232' title='bbox 594 3835 696 3899; x_wconf 87' lang='lat' dir='ltr'>exciti</span> <span class='ocrx_word' id='word_1_233' title='bbox 712 3841 745 3898; x_wconf 88' lang='lat' dir='ltr'>et</span> <span class='ocrx_word' id='word_1_234' title='bbox 765 3834 807 3897; x_wconf 93' lang='lat' dir='ltr'>ob</span> <span class='ocrx_word' id='word_1_235' title='bbox 837 3833 963 3898; x_wconf 89' lang='lat' dir='ltr'>bellum</span> <span class='ocrx_word' id='word_1_236' title='bbox 994 3831 1146 3896; x_wconf 86' lang='lat' dir='ltr'>Vindicis</span> <span class='ocrx_word' id='word_1_237' title='bbox 1181 3831 1368 3898; x_wconf 88' lang='lat' dir='ltr'>revocati...</span> <span class='ocrx_word' id='word_1_238' title='bbox 1399 3868 1441 3881; x_wconf 92' lang='lat'>-</span> <span class='ocrx_word' id='word_1_239' title='bbox 1471 3832 1496 3910; x_wconf 89' lang='lat' dir='ltr'>l,</span> 
     </span>
     <span class='ocr_line' id='line_1_29' title="bbox 262 3938 1499 4033; baseline -0.003 -24"><span class='ocrx_word' id='word_1_240' title='bbox 262 3947 316 4033; x_wconf 84' lang='lat'>89.</span> <span class='ocrx_word' id='word_1_241' title='bbox 353 3943 421 4008; x_wconf 84' lang='lat' dir='ltr'>Sed</span> <span class='ocrx_word' id='word_1_242' title='bbox 450 3941 614 4029; x_wconf 72' lang='lat' dir='ltr'>vulgus...</span> <span class='ocrx_word' id='word_1_243' title='bbox 646 3943 771 4007; x_wconf 85' lang='lat' dir='ltr'>sentire</span> <span class='ocrx_word' id='word_1_244' title='bbox 801 3941 964 4029; x_wconf 90' lang='lat' dir='ltr'>paulatim</span> <span class='ocrx_word' id='word_1_245' title='bbox 990 3939 1071 4005; x_wconf 93' lang='lat' dir='ltr'>belli</span> <span class='ocrx_word' id='word_1_246' title='bbox 1105 3938 1250 4012; x_wconf 77' lang='lat' dir='ltr'>mala...</span> <span class='ocrx_word' id='word_1_247' title='bbox 1285 3962 1371 4027; x_wconf 91' lang='lat' dir='ltr'>quae</span> <span class='ocrx_word' id='word_1_248' title='bbox 1404 3948 1499 4005; x_wconf 89' lang='lat' dir='ltr'>motu</span> 
     </span>
     <span class='ocr_line' id='line_1_30' title="bbox 263 4046 1500 4138; baseline -0.001 -24"><span class='ocrx_word' id='word_1_249' title='bbox 263 4051 416 4116; x_wconf 91' lang='lat' dir='ltr'>Vindicis</span> <span class='ocrx_word' id='word_1_250' title='bbox 438 4050 525 4114; x_wconf 88' lang='lat' dir='ltr'>haud</span> <span class='ocrx_word' id='word_1_251' title='bbox 553 4050 691 4138; x_wconf 90' lang='lat' dir='ltr'>perinde</span> <span class='ocrx_word' id='word_1_252' title='bbox 723 4049 856 4136; x_wconf 90' lang='lat' dir='ltr'>plebem</span> <span class='ocrx_word' id='word_1_253' title='bbox 884 4049 1097 4124; x_wconf 90' lang='lat' dir='ltr'>attriverant,</span> <span class='ocrx_word' id='word_1_254' title='bbox 1120 4070 1236 4112; x_wconf 88' lang='lat' dir='ltr'>secura</span> <span class='ocrx_word' id='word_1_255' title='bbox 1264 4053 1335 4111; x_wconf 91' lang='lat' dir='ltr'>turn</span> <span class='ocrx_word' id='word_1_256' title='bbox 1360 4046 1442 4113; x_wconf 89' lang='lat' dir='ltr'>urbe</span> <span class='ocrx_word' id='word_1_257' title='bbox 1467 4056 1500 4113; x_wconf 88' lang='lat' dir='ltr'>et</span> 
     </span>
     <span class='ocr_line' id='line_1_31' title="bbox 263 4153 1499 4245; baseline -0.002 -23"><span class='ocrx_word' id='word_1_258' title='bbox 263 4157 460 4245; x_wconf 81' lang='lat' dir='ltr'>provinciali</span> <span class='ocrx_word' id='word_1_259' title='bbox 486 4156 588 4230; x_wconf 80' lang='lat' dir='ltr'>bello,</span> <span class='ocrx_word' id='word_1_260' title='bbox 614 4156 704 4245; x_wconf 88' lang='lat' dir='ltr'>quod</span> <span class='ocrx_word' id='word_1_261' title='bbox 730 4157 817 4221; x_wconf 90' lang='lat' dir='ltr'>inter</span> <span class='ocrx_word' id='word_1_262' title='bbox 837 4156 988 4244; x_wconf 85' lang='lat' dir='ltr'>legiones</span> <span class='ocrx_word' id='word_1_263' title='bbox 1005 4154 1200 4243; x_wconf 88' lang='lat' dir='ltr'>Galliasque</span> <span class='ocrx_word' id='word_1_264' title='bbox 1213 4153 1307 4219; x_wconf 81' lang='lat' dir='ltr'>velut</span> <span class='ocrx_word' id='word_1_265' title='bbox 1322 4162 1499 4220; x_wconf 86' lang='lat' dir='ltr'>externum</span> 
     </span>
     <span class='ocr_line' id='line_1_32' title="bbox 264 4262 1498 4351; baseline -0.002 -21"><span class='ocrx_word' id='word_1_266' title='bbox 264 4266 336 4331; x_wconf 85' lang='lat' dir='ltr'>luit.</span> <span class='ocrx_word' id='word_1_267' title='bbox 360 4306 402 4314; x_wconf 89' lang='lat'>-</span> <span class='ocrx_word' id='word_1_268' title='bbox 431 4266 473 4343; x_wconf 87' lang='lat' dir='ltr'>ll,</span> <span class='ocrx_word' id='word_1_269' title='bbox 494 4268 548 4351; x_wconf 74' lang='lat' dir='ltr'>ql.</span> <span class='ocrx_word' id='word_1_270' title='bbox 572 4264 797 4329; x_wconf 85' lang='lat' dir='ltr'>Contionante</span> <span class='ocrx_word' id='word_1_271' title='bbox 825 4263 962 4329; x_wconf 89' lang='lat' dir='ltr'>Vitellio</span> <span class='ocrx_word' id='word_1_272' title='bbox 991 4262 1208 4351; x_wconf 87' lang='lat' dir='ltr'>postulantur</span> <span class='ocrx_word' id='word_1_273' title='bbox 1230 4262 1272 4327; x_wconf 86' lang='lat' dir='ltr'>ad</span> <span class='ocrx_word' id='word_1_274' title='bbox 1295 4262 1498 4350; x_wconf 89' lang='lat' dir='ltr'>supplicium</span> 
     </span>
     <span class='ocr_line' id='line_1_33' title="bbox 263 4370 1498 4460; baseline -0.002 -21"><span class='ocrx_word' id='word_1_275' title='bbox 263 4374 434 4439; x_wconf 81' lang='lat' dir='ltr'>Asiaticus</span> <span class='ocrx_word' id='word_1_276' title='bbox 476 4381 510 4436; x_wconf 91' lang='lat' dir='ltr'>ct</span> <span class='ocrx_word' id='word_1_277' title='bbox 545 4373 669 4437; x_wconf 81' lang='lat' dir='ltr'>Flavus</span> <span class='ocrx_word' id='word_1_278' title='bbox 704 4380 737 4436; x_wconf 93' lang='lat' dir='ltr'>ct</span> <span class='ocrx_word' id='word_1_279' title='bbox 774 4372 917 4437; x_wconf 80' lang='lat' dir='ltr'>llullnus</span> <span class='ocrx_word' id='word_1_280' title='bbox 951 4372 1052 4436; x_wconf 80' lang='lat' dir='ltr'>(luces</span> <span class='ocrx_word' id='word_1_281' title='bbox 1083 4370 1283 4448; x_wconf 81' lang='lat' dir='ltr'>Galliarum,</span> <span class='ocrx_word' id='word_1_282' title='bbox 1320 4371 1411 4459; x_wconf 94' lang='lat' dir='ltr'>quod</span> <span class='ocrx_word' id='word_1_283' title='bbox 1438 4396 1498 4460; x_wconf 93' lang='lat' dir='ltr'>pro</span> 
     </span>
     <span class='ocr_line' id='line_1_34' title="bbox 263 4477 1499 4568; baseline 0.001 -24"><span class='ocrx_word' id='word_1_284' title='bbox 263 4480 404 4545; x_wconf 91' lang='lat' dir='ltr'>Vindice</span> <span class='ocrx_word' id='word_1_285' title='bbox 429 4479 627 4545; x_wconf 81' lang='lat' dir='ltr'>bellassent.</span> <span class='ocrx_word' id='word_1_286' title='bbox 653 4516 690 4528; x_wconf 87' lang='lat'><em>-</em></span> <span class='ocrx_word' id='word_1_287' title='bbox 724 4480 781 4554; x_wconf 82' lang='lat' dir='ltr'>lV,</span> <span class='ocrx_word' id='word_1_288' title='bbox 818 4505 867 4568; x_wconf 89' lang='lat'>¹7·</span> <span class='ocrx_word' id='word_1_289' title='bbox 901 4479 1084 4568; x_wconf 84' lang='lat' dir='ltr'>(Loquitur</span> <span class='ocrx_word' id='word_1_290' title='bbox 1110 4477 1215 4544; x_wconf 93' lang='lat' dir='ltr'>lulius</span> <span class='ocrx_word' id='word_1_291' title='bbox 1246 4478 1378 4568; x_wconf 78' lang='lat' dir='ltr'>Civilis)</span> <span class='ocrx_word' id='word_1_292' title='bbox 1414 4505 1429 4540; x_wconf 86' lang='lat' dir='ltr'>a</span> <span class='ocrx_word' id='word_1_293' title='bbox 1450 4478 1499 4545; x_wconf 84' lang='lat' dir='ltr'>Ne</span> 
     </span>
     <span class='ocr_line' id='line_1_35' title="bbox 210 4577 1498 4676; baseline 0 -25"><span class='ocrx_word' id='word_1_294' title='bbox 210 4577 214 4584; x_wconf 57' lang='grc'><strong><em>’</em></strong></span> <span class='ocrx_word' id='word_1_295' title='bbox 262 4588 415 4654; x_wconf 85' lang='lat' dir='ltr'>Vindicis</span> <span class='ocrx_word' id='word_1_296' title='bbox 456 4589 561 4652; x_wconf 91' lang='lat' dir='ltr'>aciem</span> <span class='ocrx_word' id='word_1_297' title='bbox 601 4589 790 4675; x_wconf 87' lang='lat' dir='ltr'>cogitarent</span> <span class='ocrx_word' id='word_1_298' title='bbox 821 4607 828 4653; x_wconf 74' lang='grc' dir='ltr'>ε</span> <span class='ocrx_word' id='word_1_299' title='bbox 866 4589 994 4653; x_wconf 80' lang='lat' dir='ltr'>Batavo</span> <span class='ocrx_word' id='word_1_300' title='bbox 1018 4587 1130 4676; x_wconf 90' lang='lat' dir='ltr'>equite</span> <span class='ocrx_word' id='word_1_301' title='bbox 1160 4588 1322 4675; x_wconf 91' lang='lat' dir='ltr'>protritos</span> <span class='ocrx_word' id='word_1_302' title='bbox 1360 4586 1498 4653; x_wconf 77' lang='lat' dir='ltr'>Aeduos</span> 
     </span>
     <span class='ocr_line' id='line_1_36' title="bbox 261 4693 1498 4784; baseline -0.001 -24"><span class='ocrx_word' id='word_1_303' title='bbox 261 4699 519 4784; x_wconf 77' lang='lat' dir='ltr'>Arvernosque:</span> <span class='ocrx_word' id='word_1_304' title='bbox 557 4695 659 4761; x_wconf 76' lang='lat' dir='ltr'>¹fuisse</span> <span class='ocrx_word' id='word_1_305' title='bbox 693 4697 779 4761; x_wconf 91' lang='lat' dir='ltr'>inter</span> <span class='ocrx_word' id='word_1_306' title='bbox 809 4696 959 4783; x_wconf 88' lang='lat' dir='ltr'>Verginii</span> <span class='ocrx_word' id='word_1_307' title='bbox 1005 4694 1130 4760; x_wconf 85' lang='lat' dir='ltr'>auxilia</span> <span class='ocrx_word' id='word_1_308' title='bbox 1173 4693 1314 4783; x_wconf 86' lang='lat' dir='ltr'>Belgas;</span> <span class='ocrx_word' id='word_1_309' title='bbox 1353 4717 1498 4782; x_wconf 80' lang='lat' dir='ltr'>vereque</span> 
     </span>
     <span class='ocr_line' id='line_1_37' title="bbox 262 4801 1495 4894; baseline 0.002 -28"><span class='ocrx_word' id='word_1_310' title='bbox 262 4803 497 4891; x_wconf 86' lang='lat' dir='ltr'>reputantibus</span> <span class='ocrx_word' id='word_1_311' title='bbox 526 4802 655 4868; x_wconf 87' lang='lat' dir='ltr'>Gallias</span> <span class='ocrx_word' id='word_1_312' title='bbox 684 4804 826 4869; x_wconf 83' lang='lat' dir='ltr'>suismet</span> <span class='ocrx_word' id='word_1_313' title='bbox 855 4804 985 4869; x_wconf 90' lang='lat' dir='ltr'>viribus</span> <span class='ocrx_word' id='word_1_314' title='bbox 1014 4802 1212 4871; x_wconf 89' lang='lat' dir='ltr'>concidisse.</span> <span class='ocrx_word' id='word_1_315' title='bbox 1250 4827 1265 4867; x_wconf 79' lang='lat' dir='ltr'>a</span> <span class='ocrx_word' id='word_1_316' title='bbox 1295 4841 1334 4852; x_wconf 92' lang='lat'>—</span> <span class='ocrx_word' id='word_1_317' title='bbox 1368 4801 1425 4882; x_wconf 84' lang='lat' dir='ltr'>lV,</span> <span class='ocrx_word' id='word_1_318' title='bbox 1442 4801 1495 4894; x_wconf 86' lang='lat'>57.</span> 
     </span>
    </p>
   </div>
   <div class='ocr_carea' id='block_1_3' title="bbox 250 5033 754 5096">
    <p class='ocr_par' dir='ltr' id='par_1_3' title="bbox 250 5033 754 5096">
     <span class='ocr_line' id='line_1_38' title="bbox 250 5033 754 5096; baseline 0.004 -16"><span class='ocrx_word' id='word_1_319' title='bbox 250 5035 256 5071; x_wconf 83' lang='lat'><strong>¹</strong></span> <span class='ocrx_word' id='word_1_320' title='bbox 277 5033 307 5086; x_wconf 81' lang='lat' dir='ltr'>C.</span> <span class='ocrx_word' id='word_1_321' title='bbox 325 5033 409 5082; x_wconf 77' lang='lat' dir='ltr'>lulius</span> <span class='ocrx_word' id='word_1_322' title='bbox 428 5034 543 5083; x_wconf 78' lang='lat' dir='ltr'>Vindex.</span> <span class='ocrx_word' id='word_1_323' title='bbox 561 5034 754 5096; x_wconf 68' lang='lat' dir='ltr'>Pnosor.,414.</span> 
     </span>
    </p>
   </div>
   <div class='ocr_carea' id='block_1_4' title="bbox 0 0 1860 6231">
    <p class='ocr_par' dir='ltr' id='par_1_4' title="bbox 0 0 1860 6231">
     <span class='ocr_line' id='line_1_39' title="bbox 0 0 1860 6231; baseline 0 0"><span class='ocrx_word' id='word_1_324' title='bbox 0 0 1860 6231; x_wconf 95' lang='lat' dir='ltr'> </span> 
     </span>
    </p>
   </div>
  </div>
 </body>
</html>
