3709 6234
285 847 340 905 ⁵58
787 854 934 909 borram
955 852 1068 908 sanam

329 994 456 1082 equitis
483 995 639 1076 Romani,
670 1019 712 1061 ex
736 1019 803 1086 quo
823 997 929 1063 tilium
953 1003 1129 1085 genuerat,
1155 996 1243 1063 Otho
1274 993 1475 1084 pellexit...;
1504 1015 1570 1057 nec
1606 1009 1610 1014 ’

331 1124 423 1167 mora
442 1103 524 1191 quin
540 1102 706 1169 adulterio
721 1104 976 1171 matrimonium
1000 1105 1208 1192 iungeretur.
1226 1138 1266 1152 -
1289 1102 1339 1182 13,
1358 1100 1412 1179 46.
1431 1100 1566 1167 Otho...

329 1206 466 1274 laudare
501 1209 643 1275 sormam
668 1209 941 1301 elegantiamque
974 1212 1087 1277 uxoris
1111 1210 1200 1299 apud
1227 1209 1454 1298 principem...
1487 1207 1568 1273 Non

328 1314 430 1403 longa
445 1319 616 1383 cunctatio
638 1319 885 1407 interponitur3
903 1319 964 1385 sed
984 1325 1121 1407 accepto
1135 1318 1230 1383 aditu
1246 1316 1403 1405 Poppaea
1416 1315 1567 1404 primum

327 1446 388 1511 per
412 1422 644 1491 blandimenta
672 1433 706 1492 et
728 1434 818 1493 artes
841 1425 1070 1508 valescere...‚
1099 1448 1178 1490 mox
1204 1426 1271 1490 acri
1305 1424 1373 1489 iam
1402 1423 1567 1511 principis

328 1552 441 1597 amore
459 1531 502 1596 ad
517 1532 709 1621 superbiam
723 1542 901 1601 vertens...
927 1572 972 1585 -
997 1536 1047 1615 lli,
1088 1559 1116 1600 1.
1141 1533 1272 1598 Nero...
1303 1531 1498 1619 flagrantior
1529 1531 1566 1595 in

326 1636 398 1702 dics
414 1661 526 1705 amore
539 1639 728 1729 Poppaeae,
751 1664 837 1731 quae
864 1641 928 1706 sibi
948 1641 1202 1708 matrimonium
1216 1648 1249 1705 et
1269 1638 1448 1705 discidium
1461 1637 1566 1704 Octa-

326 1746 399 1811 viae
409 1746 571 1812 incolumi
585 1748 776 1837 Agrippina
787 1749 876 1815 haud
888 1771 1028 1838 sperans
1047 1788 1121 1814 ..-
1141 1751 1190 1829 14,
1210 1749 1262 1837 59.
1278 1748 1377 1834 (Post
1400 1745 1566 1812 interlec-

326 1859 379 1918 tos
396 1852 592 1919 Cornelium
606 1854 736 1921 Sullam
754 1864 788 1921 et
805 1856 1002 1921 Rubellium
1027 1856 1201 1943 Plautum)
1230 1855 1342 1943 posito
1361 1861 1453 1919 metu
1475 1876 1565 1941 nup-

325 1961 390 2026 tias
406 1961 581 2051 Poppaeae
596 1960 639 2027 ob
657 1964 729 2029 eius
747 1964 838 2029 modi
855 1972 1001 2029 terrores
1011 1963 1136 2029 dilatas
1151 1970 1320 2028 maturare
1329 1967 1426 2051 parat
1444 1960 1564 2050 (Nero)

326 2068 570 2158 Octaviamque
595 2070 773 2158 coniugem
800 2071 976 2137 amoliri...
993 2112 1035 2124 —
1048 2074 1097 2149 111,
1116 2070 1169 2136 60.
1187 2069 1357 2135 Exturbat
1370 2068 1562 2150 Octaviam,

326 2175 475 2242 sterilem
489 2177 666 2259 dictitans;
686 2178 775 2244 exim
792 2179 968 2268 Poppaeae
987 2178 1219 2266 coniungitur;
1238 2200 1276 2243 ea
1297 2177 1355 2242 diu
1383 2175 1502 2265 paelex
1529 2185 1566 2241 et

324 2283 467 2350 adulteri
482 2284 639 2363 Neronis,
658 2309 738 2351 mox
749 2287 861 2352 mariti
879 2295 1013 2375 potens,
1031 2285 1212 2376 quemdam
1225 2308 1267 2350 ex
1282 2284 1446 2349 ministris
1462 2282 1565 2349 Octa-

324 2390 399 2456 viae
410 2391 546 2480 impulit
560 2392 717 2459 servilem
733 2394 762 2459 ei
778 2417 927 2460 amorem
953 2394 1096 2459 obicere.
1124 2432 1167 2442 —
1195 2396 1244 2472 rt,
1271 2392 1326 2458 61.
1358 2391 1455 2456 Exim
1480 2390 1565 2457 laeti

324 2497 528 2586 Capitolium
565 2500 773 2568 scandunt...
802 2501 943 2590 Effigies
976 2501 1153 2591 Poppaeae
1185 2506 1363 2588 proruunt,
1400 2498 1563 2564 Octaviae

324 2604 490 2693 imagines
505 2614 641 2695 gestant
656 2609 822 2675 umeris...
842 2608 1041 2697 Mutataque
1053 2631 1139 2697 quae
1156 2630 1216 2695 per
1234 2607 1434 2673 seditionem
1450 2613 1563 2672 verte-

326 2721 403 2780 rant
418 2722 451 2780 et
468 2716 643 2803 Poppaeae
659 2716 767 2780 honos
787 2717 956 2805 repositus
971 2724 1033 2782 est.
1050 2715 1144 2795 Quae
1160 2738 1293 2804 semper
1310 2714 1398 2789 odio,
1418 2721 1489 2779 tum
1523 2721 1560 2780 et

323 2828 416 2886 metu
432 2829 570 2890 atrox...
585 2861 626 2875 -
654 2823 775 2903 1463.
794 2823 981 2913 (Octaviae)
1004 2823 1133 2912 primus
1156 2823 1352 2911 nuptiarum
1386 2821 1457 2887 dies
1483 2819 1561 2885 loeo

323 2926 451 2995 funeris
465 2928 568 2995 luit...
587 2929 672 2995 Tum
693 2930 816 2996 ancilla
835 2931 948 3021 (Acte)
964 2930 1102 2996 domina
1112 2929 1258 2995 validior
1273 2937 1306 2995 et
1319 2929 1475 3017 Poppaea
1488 2951 1560 2993 non

323 3036 388 3101 nisi
408 3037 443 3101 in
475 3037 658 3125 perniciem
679 3038 794 3103 uxoris
827 3048 975 3127 nupta...
1004 3078 1043 3088 -
1080 3036 1202 3115 1464.
1234 3036 1450 3123 Additurque
1469 3043 1561 3102 atro·

322 3143 392 3209 cior
412 3145 665 3235 saevitia,quod
680 3153 782 3234 caput
795 3144 985 3234 (Octaviae)
1006 3152 1218 3233 amputatum
1246 3143 1420 3231 latumque
1447 3143 1481 3207 in
1502 3166 1563 3208 ur·

322 3250 398 3318 bem
412 3253 569 3341 Poppaea
579 3252 676 3319 vidit.
693 3294 736 3304 -
754 3256 802 3335 14,
820 3253 874 3318 65.
893 3253 1022 3318 Eodem
1039 3275 1126 3318 anno
1142 3237 1341 3317 libertorum
1361 3250 1560 3340 potissimos

321 3383 451 3426 veneno
472 3360 681 3426 interfecisse
697 3361 845 3427 creditus
858 3369 934 3426 cst:
963 3360 1200 3448 Doryphorum
1226 3360 1321 3447 quasi
1342 3358 1559 3423 adversatum

321 3469 450 3556 nuptiis
462 3468 678 3557 Poppaeae...
699 3508 736 3517 —
765 3468 815 3550 15,
840 3469 892 3549 23,
907 3468 1029 3532 Natam
1046 3467 1110 3532 sibi
1124 3491 1165 3531 ex
1182 3467 1336 3555 Poppaea
1352 3466 1455 3529 filiam
1468 3464 1560 3529 Nero

321 3575 409 3641 ultra
425 3577 566 3642 mortale
593 3576 753 3663 gaudium
778 3576 907 3663 accepit
926 3575 1176 3664 appellavitque
1197 3575 1402 3661 Augustam,
1429 3572 1507 3637 dato
1523 3581 1560 3639 et

321 3681 496 3772 Poppaeae
530 3683 648 3748 codem
675 3691 942 3770 cognomento...
973 3683 1043 3747 lam
1066 3689 1204 3747 senatus
1230 3689 1363 3746 uterum
1379 3680 1559 3767 Poppaeae

319 3791 614 3856 commendaverat
629 3784 682 3854 dis
696 3798 840 3878 votaque
858 3790 992 3878 publice
1013 3797 1246 3877 susceperat...
1276 3828 1318 3836 -
1340 3788 1389 3864 15.
1412 3787 1466 3861 61,
1490 3785 1559 3850 Vbi

319 3899 399 3965 haec
416 3898 578 3984 (Senecae
595 3900 802 3986 responsa)a
820 3898 955 3962 tribuno
972 3897 1076 3963 relata
1110 3904 1189 3961 sunt
1215 3895 1372 3982 (Neroni)
1397 3896 1557 3981 Poppaea

320 4013 352 4071 et
363 4006 528 4092 Tigellino
552 4029 676 4085 coram,
695 4005 785 4093 quod
814 4014 884 4070 erat
911 4006 1073 4070 saevienti
1097 4004 1239 4092 principi
1270 4004 1425 4067 intimum
1443 4002 1557 4066 consi-

318 4114 480 4178 liorum...
499 4152 541 4161 -
562 4115 611 4187 15,
631 4136 684 4200 7¹·
705 4112 846 4177 Pellitur
862 4121 895 4177 ct
920 4113 1058 4177 Rufrius
1080 4112 1256 4198 Crispinus
1272 4111 1447 4174 occasione
1472 4133 1556 4174 con-

318 4220 503 4299 iurationis,
528 4220 587 4284 sed
607 4219 732 4284 Neroni
762 4221 903 4297 invisus,
926 4220 1016 4308 quod
1033 4220 1225 4307 Poppaeam
1241 4218 1412 4306 quondam
1438 4217 1556 4281 matri-

318 4328 431 4392 monio
449 4335 614 4392 tenuarat.
637 4365 679 4376 -—
701 4327 749 4406 16,
768 4328 800 4393 6.
828 4328 908 4392 Post
942 4329 1043 4392 finem
1067 4326 1189 4391 ludicri
1225 4326 1380 4413 Poppaea
1409 4332 1555 4390 mortem

316 4434 412 4517 obiit,
433 4435 568 4500 fortuita
585 4435 696 4498 mariti
719 4435 904 4512 iracundia,
922 4459 940 4498 a
955 4457 1021 4523 quo
1037 4434 1174 4520 gravida
1190 4434 1259 4497 ictu
1289 4432 1390 4497 calcis
1418 4432 1555 4497 adflicta

318 4550 380 4608 est.
399 4541 515 4630 Neque
531 4541 620 4606 enim
641 4565 809 4607 venenum
832 4543 1045 4618 crediderim,
1065 4541 1221 4630 quamvis
1245 4540 1383 4628 quidam
1410 4539 1557 4626 scripto·
1620 4595 1639 4624 ,

319 4674 372 4716 res
392 4650 567 4715 tradant...
592 4649 722 4737 Corpus
740 4673 806 4714 non
822 4651 892 4737 igni
912 4650 1117 4715 abolitum...
1138 4650 1387 4713 lluctactamcn
1399 4645 1555 4734 publicae

318 4758 496 4845 exsequiae
526 4756 743 4844 laudavitque
758 4758 829 4845 ipsc
847 4757 936 4846 apud
956 4765 1066 4822 rostra
1089 4757 1232 4821 sormam
1252 4755 1324 4819 eius
1344 4762 1377 4818 et
1398 4754 1486 4842 quod
1503 4754 1554 4817 di-

318 4865 571 4932 vinaeiniantis
591 4866 887 4952 parensluissct...
906 4906 947 4916 —
981 4865 1029 4945 16,
1054 4891 1084 4952 7.
1115 4864 1260 4929 Mortem
1295 4861 1483 4950 Poppaeae,
1513 4871 1555 4927 ut

319 4975 430 5063 palam
455 4974 598 5046 tristem,
630 4974 676 5037 ita
711 4973 965 5037 recordantibus
990 4971 1114 5037 laetam
1140 4971 1182 5035 ob
1208 4969 1453 5057 impudicitiam
1478 4969 1553 5034 cius
