3709 6234
286 868 339 922 980
876 870 977 924 rtonl

328 1036 366 1079 ac
382 1013 498 1079 vultus
510 1014 701 1088 securitate,
717 1020 755 1078 ut
774 1012 903 1078 labaret
922 1012 1097 1094 iudicium,
1114 1013 1180 1078 nisi
1196 1011 1373 1080 Milichum
1391 1034 1479 1078 uxor
1502 1012 1565 1079 ud-

329 1122 515 1187 monuisset
541 1121 730 1187 Antonium
763 1119 920 1186 Natalem
950 1119 1058 1186 multa
1090 1144 1165 1186 cum
1194 1120 1360 1187 Scaevino
1382 1142 1421 1185 ac
1436 1129 1564 1188 secreta

328 1229 543 1295 conlocutum
559 1236 594 1295 et
608 1252 681 1293 esse
710 1235 872 1318 utrosque
895 1227 934 1293 C.
953 1227 1086 1293 Pisonis
1101 1227 1251 1295 intimos.
1271 1266 1314 1277 -
1334 1229 1385 1309 15,
1400 1226 1455 1294 56.
1482 1229 1566 1295 Tum

328 1337 464 1424 cognitu
496 1336 627 1402 Natalis
655 1335 780 1400 indicio
808 1335 993 1400 Scaevinus
1027 1358 1161 1424 quoque
1190 1336 1261 1422 pari
1277 1334 1566 1402 imbecillitatem

328 1452 448 1509 cuneta
470 1445 537 1509 iarn
569 1442 735 1531 patefacta
769 1441 951 1507 credens...
969 1443 1074 1508 edidit
1101 1451 1243 1511 ceteros.
1259 1443 1369 1520 -15‚
1387 1442 1442 1531 59.
1460 1443 1565 1510 Fuere

329 1552 399 1639 qui,
417 1550 550 1639 prodita
583 1550 828 1628 coniuratione,
859 1550 941 1614 dum
973 1550 1109 1616 auditur
1135 1549 1307 1629 Milichus,
1333 1550 1416 1616 dum
1434 1550 1566 1618 dubitat

328 1659 526 1734 Scaevinus,
553 1659 768 1722 hortarentur
788 1657 991 1726 Pisonem...
1009 1697 1053 1707 -
1073 1659 1122 1735 15,
1140 1655 1196 1723 66.
1219 1656 1367 1723 Instanti
1381 1659 1565 1726 minitanti-

329 1788 394 1854 que
421 1765 561 1853 (l'aeniu
584 1764 686 1850 llulo)
714 1763 870 1829 renidens
902 1765 1087 1830 Scaevinus
1116 1765 1285 1830 neminem
1304 1767 1352 1831 ait
1365 1765 1463 1853 plura
1482 1766 1566 1832 seim

329 1895 429 1960 quam
446 1873 558 1961 ipsum
576 1872 796 1960 hortaturque
811 1871 913 1952 ultro,
932 1871 1088 1938 redderet
1100 1880 1168 1938 tam
1184 1870 1273 1936 bono
1291 1873 1435 1960 principi
1444 1873 1562 1940 vicem.

330 1979 513 2068 —15‚7o.
546 1980 686 2045 Senecio
716 1978 857 2067 posthac
890 1988 923 2046 et
944 1978 1151 2058 Quintianus
1169 1987 1204 2045 et
1231 1978 1418 2046 Scaevinus
1436 2003 1504 2046 non
1526 2004 1566 2046 ex

329 2087 438 2175 priore
463 2087 551 2152 vitae
577 2086 763 2152 mollitia...
801 2087 942 2173 periere.
960 2127 1004 2136 —
1024 2088 1073 2162 15,
1110 2111 1164 2177 7¹·
1183 2087 1340 2154 Caedicia
1361 2110 1447 2153 uxor
1461 2086 1566 2154 Scae-

329 2195 440 2262 vini...
460 2195 555 2259 ltalia
570 2193 811 2283 (prohibetur).
831 2234 872 2242 —
898 2197 948 2272 15,
967 2197 1020 2283 7(
1040 2194 1234 2282 (Decretum
1256 2198 1364 2280 cst)...
1381 2204 1462 2266 ut...
1485 2203 1567 2262 tenr-

327 2302 421 2391 plum
450 2302 559 2368 Saluti
595 2309 826 2367 exstrueretur
858 2324 897 2366 oo
928 2301 1051 2380 loci...
1088 2325 1128 2367 ex
1158 2326 1225 2391 quo
1244 2302 1565 2370 Scaevinuslerrurir

331 2419 551 2499 prompserat.
571 2451 613 2459 —
637 2409 686 2478 ι6,
710 2408 758 2474 18.
775 2408 992 2497 (Tigellinus)
1004 2410 1185 2475 amicitiam
1197 2411 1352 2476 Scaevini
1364 2411 1435 2501 (T.)
1450 2412 1565 2478 Petro-

333 2519 387 2583 nio
398 2518 583 2584 obiectans.

280 2627 358 2714 (T.)
383 2625 551 2690 Finit-'lv
554 2625 577 2689 S
603 2624 918 2690 t'EsPnsvas
939 2632 1046 2712 pater,
1064 2649 1097 2690 v.
1115 2624 1442 2693 vusrnslnrtvs.

285 2734 322 2798 'l'.
341 2731 894 2818 (1²1..·it'1t's)VESPASIANVS
917 2731 1018 2812 lilius,
1037 2756 1067 2798 v.
1085 2732 1224 2797 'silva

286 2838 437 2904 rtet-'t'
441 2841 463 2902 S
477 2840 494 2920 (
495 2839 521 2901 .·l
523 2842 543 2923 )
555 2838 576 2904 ¹.
594 2878 637 2887 —
654 2863 684 2912 a,
708 2864 740 2928 9.
765 2838 853 2905 Erat.
874 2890 880 2903 .
899 2839 933 2902 in
950 2840 1099 2905 exercitu
1113 2840 1321 2925 (Germanici
1336 2841 1441 2906 irater
1455 2841 1565 2906 Amri-

329 2946 389 3032 nii)
404 2954 630 3031 cognomento
655 2945 792 3022 Flavus,
819 2946 964 3032 insignis
982 2946 1046 3010 lide
1062 2954 1094 3011 et
1110 2947 1234 3011 amisso
1254 2971 1314 3035 per
1327 2947 1454 3014 vulnus
1468 2947 1566 3014 oculo

329 3052 445 3142 paucis
461 3061 538 3117 aute
557 3053 654 3117 annis
673 3052 758 3118 duce
774 3052 949 3119 Tiberio„¹
971 3052 1094 3118 Flavus
1106 3063 1204 3119 aucta
1216 3054 1396 3143 stipendia,
1413 3063 1565 3145 torquem

329 3168 362 3225 et
389 3182 547 3225 coronam
562 3161 694 3249 aliaque
710 3161 868 3226 militaria
886 3161 975 3226 dona
992 3170 1156 3228 memorat
1170 3162 1364 3252 (Arminio).
1379 3203 1423 3214 -
1435 3188 1468 3244 o,
1484 3187 1564 3232 ro...

330 3267 372 3332 Ni
382 3267 607 3334 Stertinius...
626 3268 763 3355 plenum
775 3270 843 3333 irae
855 3291 1014 3358 armaque
1029 3278 1062 3334 et
1077 3292 1203 3358 equum
1215 3278 1412 3358 poscentem
1424 3269 1566 3337 Flavum

330 3375 542 3440 adtinuisset.
560 3415 602 3423 -
624 3400 673 3452 rr,
706 3375 742 3438 16
780 3375 927 3463 (Italico)
949 3383 1168 3463 paternum...
1192 3400 1328 3465 genuse
1345 3378 1449 3443 Flavo
1466 3378 1566 3445 fratre

330 3482 517 3548 Arminii...
550 3482 647 3569 (liius
674 3483 796 3547 inimici
821 3483 1021 3572 loquuntur)
1041 3505 1047 3549 :
1065 3514 1079 3543 α
1111 3483 1208 3549 rideo
1224 3485 1393 3552 neminem
1409 3486 1517 3552 isdem
1532 3487 1566 3552 iu

330 3590 427 3655 terris
456 3597 579 3669 ortum,
609 3590 668 3677 qui
704 3589 889 3678 principem
922 3590 1033 3655 lucum
1067 3591 1218 3679 impleat.
1250 3593 1314 3656 nisi
1342 3593 1566 3681 exploratoris

330 3697 443 3761 Flavi··’
459 3699 637 3784 progenies
654 3719 754 3783 super
769 3705 910 3761 cunctos
933 3697 1131 3763 attollatur?
1149 3723 1164 3760 n

286 3804 405 3868 l·'l..·ll·‘'
411 3802 464 3866 l'S
478 3804 538 3887 (B)
549 3805 572 3868 ²¹.
600 3843 636 3850 --
669 3802 711 3871 ΙΙ.
730 3806 783 3891 94.
804 3803 1030 3869 Contionaute
1045 3805 1181 3871 Vitellio
1197 3805 1414 3894 postulantur
1426 3806 1469 3871 ud
1485 3831 1566 3896 sup·

329 3911 467 3998 plicium
483 3910 653 3975 Asiaticus
668 3919 702 3975 et
717 3911 840 3977 Flavus
860 3920 893 3977 et
909 3913 1053 3977 Rulinus
1068 3912 1171 3978 duces
1181 3913 1381 3990 Galliarum,
1399 3915 1490 4003 quod
1506 3938 1565 4004 pro

330 4018 471 4082 Vindice
487 4017 684 4082 bellassent.
703 4019 771 4083 Nee
787 4020 964 4085 coercebat
980 4022 1052 4085 eius
1068 4022 1159 4085 modi
1175 4044 1276 4086 voees
1291 4021 1492 4090 Vitellius...

288 4125 484 4190 FLEtt'tt.
516 4166 558 4174 —
583 4128 614 4202 d,
647 4149 700 4213 72.
732 4125 896 4191 tllennius
932 4127 1083 4192 infensos
1108 4128 1265 4216 (Frisios)
1282 4128 1360 4214 luga
1376 4132 1563 4218 praevenit,

331 4240 483 4319 receptus
507 4233 659 4302 castello.
686 4234 739 4297 cui
771 4257 892 4299 nomen
931 4234 1088 4303 Flevum:
1111 4245 1144 4300 et
1176 4235 1263 4300 haud
1291 4236 1481 4324 spernenda
1496 4237 1564 4303 illic

330 4340 454 4404 civium
471 4340 705 4428 sociorumque
723 4341 952 4406 manuslitcra
974 4342 1097 4407 tleeaui
1116 4342 1340 4431 praesidebat.

288 4448 450 4512 l⁴'l.ttll.·l.
468 4486 510 4494 -
527 4471 557 4525 2,
571 4449 626 4533 dp.
640 4447 821 4534 (Tiberius)
840 4449 1053 4516 dedicavit...
1073 4451 1165 4517 iuxta
1184 4452 1308 4516 circum
1323 4451 1563 4526 niaximum...

330 4555 447 4619 aedem
475 4554 591 4618 Florae
616 4555 657 4619 ab
684 4556 720 4622 L.
749 4566 780 4621 et
808 4558 853 4622 ll.
883 4557 1046 4623 Publiciis
1071 4559 1237 4623 aedilibus
1261 4561 1496 4628 constitutam.

322 4828 328 4861 ¹
348 4825 446 4887 Vulpes
464 4824 581 4872 Flavius.

318 4907 329 4942 ²
349 4907 375 4958 Μ
393 4921 398 4953 :
416 4904 502 4968 (labii.
522 4905 597 4953 Corr.
614 4905 707 4954 Orelli.

318 4985 585 5048 ³VQ:WMs
