3709 6234
780 864 931 918 rratutvs
1437 859 1491 915 673

254 1004 355 1070 Drusi
371 1004 486 1071 liberis
500 1005 760 1092 exstinguendo,
779 1029 888 1094 neque
902 1005 1016 1069 minus
1032 1012 1139 1069 morte
1150 1004 1260 1070 amici.
1274 1002 1380 1068 111111
1393 1003 1491 1068 Luci-

253 1111 318 1177 lius
335 1113 512 1200 Longus...
532 1114 718 1179 Decrevere
743 1114 846 1178 Asiae
863 1112 964 1178 urbes
988 1112 1152 1200 templum
1169 1112 1302 1177 'liberio
1323 1112 1489 1201 matrique

254 1220 326 1284 eius
354 1222 616 1286 1111111111-
637 1223 670 1299 ά,
699 1220 749 1285 16.
769 1220 839 1286 Sub
853 1220 942 1285 idem
963 1228 1097 1307 tempus
1111 1219 1153 1284 de
1180 1220 1316 1284 flamine
1342 1218 1430 1284 Diali
1455 1219 1489 1283 in

251 1325 363 1391 locum
384 1329 491 1393 Servii
512 1328 759 1415 Maluginensis
778 1327 928 1393 defuncti
946 1327 1101 1414 legendo,
1119 1326 1219 1391 simul
1236 1326 1384 1413 roganda
1405 1349 1491 1391 nova

253 1432 328 1520 lege
342 1434 503 1500 disseruit
518 1435 683 1501 Caesar...
709 1474 752 1484 —
776 1438 809 1512 ά,
832 1460 881 1523 17.
900 1435 1054 1500 Tiberius
1082 1434 1171 1499 haud
1191 1456 1353 1522 umquam
1376 1433 1493 1498 domui

254 1543 446 1607 Germanici
462 1542 564 1622 mitis,
581 1551 653 1608 tum
667 1566 747 1608 vero
759 1543 895 1631 aequari
909 1542 1146 1608 adulescentes
1162 1541 1344 1631 (Neronem
1360 1548 1394 1606 et
1405 1542 1493 1605 Dru·

256 1656 345 1736 sum)
373 1658 528 1716 senectae
558 1674 637 1716 suae
667 1652 882 1739 impatienter
915 1650 1073 1717 indoluit.
1097 1654 1187 1730 -1,
1210 1653 1260 1717 18.
1302 1649 1494 1715 Credebant

256 1756 407 1846 plerique
422 1767 556 1824 auctam
572 1759 794 1824 otlensionem
806 1758 1024 1847 ipsiuslSilii)
1041 1758 1301 1846 intemperantia
1316 1757 1494 1822 immodice

258 1865 415 1930 iactantis
436 1887 534 1930 suum
560 1866 702 1931 militem
732 1867 765 1930 in
793 1866 956 1955 obsequio
976 1865 1209 1942 duravisse...
1228 1889 1336 1954 neque
1358 1887 1495 1930 mansu-

259 1995 334 2036 rum
353 1971 486 2037 Tiberio
503 1973 694 2061 imperium,
711 1975 739 2037 si
763 1974 804 2038 iis
832 1996 965 2062 quoque
985 1972 1177 2060 legionibus
1200 1972 1321 2060 cupido
1350 1972 1496 2038 novandi

263 2079 394 2144 luisset.
419 2080 555 2145 llestrui
588 2104 647 2167 per
677 2081 757 2145 haee
787 2080 958 2145 fortunam
987 2103 1082 2144 suam
1112 2081 1237 2145 Caesar
1267 2080 1498 2168 imparemque

261 2194 358 2252 tanto
378 2187 783 2264 11111111111111·.-.1,
813 2212 862 2275 ¹9·
883 2188 1046 2253 Precante
1073 2211 1129 2252 rco
1159 2187 1212 2276 (C.
1232 2187 1330 2275 Silio)
1362 2187 1497 2252 brevem

263 2317 403 2373 moram,
423 2294 503 2359 dum
520 2304 696 2360 accusator
719 2295 898 2360 consulatu
920 2294 1040 2374 abiret,
1068 2294 1266 2360 adversatus
1286 2303 1337 2360 est
1353 2294 1496 2360 Caesar:

262 2402 400 2467 solitum
420 2403 544 2491 quippe
577 2403 833 2490 magistratibus
865 2402 953 2468 diem
982 2402 1123 2490 privatis
1143 2402 1293 2470 dicere...
1321 2403 1499 2490 Proprium

262 2509 297 2574 id
309 2509 443 2574 Tiberio
460 2510 523 2575 luit
542 2510 669 2576 scelera
691 2533 798 2601 nuper
816 2518 949 2598 reperta
969 2511 1089 2597 priscis
1118 2509 1232 2575 verbis
1264 2510 1435 2596 obtegere.
1455 2548 1500 2561 -

263 2617 995 2704 1118111111...11111111((].81111)...
1034 2618 1082 2682 Ea
1117 2617 1383 2706 ρ11111111111110
1421 2640 1501 2704 erga
1593 2641 1596 2648 ·

262 2724 440 2813 pecuniam
461 2725 606 2790 alienam
633 2724 810 2812 diligentia
844 2725 947 2792 fuit...
976 2725 1094 2813 Neque
1111 2732 1223 2790 tamen
1245 2726 1501 2813 temperamenti

263 2832 384 2920 egebat
404 2830 476 2918 (Μ’.
504 2832 664 2920 Lepidus)
686 2855 764 2897 cum
786 2832 955 2921 aequabili
984 2833 1182 2898 auctoritate
1209 2840 1243 2897 et
1278 2834 1385 2919 gratia
1411 2831 1501 2920 apud

262 2939 434 3004 Tiberium
450 2940 606 3027 viguerit.
624 2944 721 3022 -1,,
741 2965 793 3007 11.
818 2940 1036 3029 (Calpurnius
1056 2940 1161 3028 Piso),
1178 2948 1216 3006 ut
1234 2940 1360 3018 rettuli,
1389 2962 1501 3005 cessu-

263 3070 385 3112 rumse
400 3046 483 3111 urbe
499 3046 542 3111 ob
565 3048 728 3113 factiones
751 3055 986 3113 accusatorum
1006 3050 1038 3112 in
1070 3056 1188 3113 senatu
1212 3047 1443 3113 clamitaverat
1468 3055 1501 3112 11

264 3163 376 3243 spreta
392 3156 542 3242 potentia
555 3156 730 3242 Augustae
747 3156 877 3220 trahere
893 3156 927 3219 in
943 3156 995 3220 ius
1015 3154 1248 3241 Vrgulaniam
1259 3205 1280 3220 ..
1304 3178 1405 3220 ausus
1416 3162 1498 3219 erat.

264 3263 357 3341 Quae
377 3262 411 3326 in
427 3284 587 3348 praesens
602 3262 755 3327 'l'iberius
774 3263 919 3328 civiliter
935 3261 1076 3341 habuit;
1100 3261 1199 3327 sed...
1218 3266 1307 3340 -1,
1328 3286 1381 3327 11.
1399 3261 1499 3326 Plau-

263 3370 330 3434 tius
364 3368 525 3433 Silvanus
556 3377 690 3457 praetor
726 3370 863 3435 incertis
899 3370 1012 3434 causis
1045 3370 1231 3457 Aproniam
1265 3369 1442 3456 coniugem
1467 3368 1500 3431 in

265 3499 425 3564 praeceps
449 3477 539 3554 iecit,
558 3484 751 3565 tractusque
771 3476 814 3541 ad
844 3475 1159 3544 Caesa1·cm...Non
1194 3484 1391 3541 cunctanter
1406 3475 1502 3541 'libe-

266 3585 335 3648 rius
368 3584 479 3671 pergit
502 3584 536 3647 in
570 3583 721 3660 domum,
758 3584 838 3649 visit
862 3583 1068 3660 cubiculum,
1095 3584 1128 3648 in
1152 3607 1218 3674 quo
1240 3582 1438 3649 reluctantis
1471 3593 1504 3649 ct

264 3690 429 3778 impulsae
459 3691 604 3778 vestigia
632 3690 868 3757 cernebantur.
906 3691 1021 3757 llelert
1049 3691 1091 3756 ad
1120 3693 1423 3770 1111111111...-ά,
1447 3690 1501 3759 13.

266 3800 391 3863 Caesar
406 3806 483 3885 post
497 3820 585 3862 resa
606 3797 726 3862 Blaeso
741 3806 867 3885 gestas
893 3799 990 3887 quasi
1015 3797 1119 3863 nullis
1135 3798 1201 3863 iam
1217 3798 1251 3862 in
1267 3798 1382 3863 Africa
1397 3798 1503 3863 hosti·

266 3905 341 3991 bus,
376 3906 540 3992 reportari
568 3927 692 3969 nonam
721 3904 891 3993 legionem
926 3906 1081 3970 iusserat.
1107 3943 1151 3957 -
1171 3908 1202 3981 ά.
1232 3906 1285 3969 16.
1307 3904 1502 3970 Dolabellae

265 4013 391 4099 petenti
414 4011 531 4076 abnuit
556 4012 773 4100 triumphalia
806 4012 972 4088 Tiberius,
991 4013 1111 4078 Seiano
1132 4012 1294 4080 tribuens.
1325 4034 1367 4077 ne
1392 4012 1503 4078 Blaesi

267 4118 426 4184 avunculi
442 4120 514 4183 eius
530 4118 604 4182 laus
620 4119 859 4185 obsolesceret.
873 4159 916 4168 -
934 4123 964 4200 ,1,
980 4145 1033 4207 27.
1053 4121 1220 4186 Missus...
1238 4144 1255 4184 a
1270 4120 1414 4185 Caesare
1428 4143 1503 4208 pro-

267 4250 347 4313 pere
372 4226 486 4291 Staius
517 4226 673 4291 tribunus
698 4250 775 4291 eum
803 4226 912 4292 valida
938 4251 1041 4292 manu
1071 4227 1191 4292 ducem
1219 4227 1330 4315 ipsum
1355 4226 1503 4314 (servilis

266 4333 434 4399 tumultus
449 4334 487 4398 ’1.
507 4332 709 4416 Curtisium)
727 4343 760 4398 et
775 4335 949 4421 proximos
964 4335 1102 4400 audacia
1120 4336 1155 4399 in
1172 4335 1287 4400 urbem
1304 4335 1448 4400 traxit...
1463 4372 1503 4386 -

267 4446 300 4521 1,
322 4465 376 4528 19.
394 4441 582 4506 Accusator
598 4443 661 4506 Cn.
685 4441 867 4506 Lentulum
894 4451 928 4507 et
954 4442 1068 4507 Seium
1096 4442 1307 4506 Tuberonem
1337 4442 1500 4510 nominat.

267 4572 390 4635 magno
406 4547 533 4634 pudore
559 4549 725 4626 Caesaris,
762 4573 839 4613 cum
868 4550 1031 4637 primores
1066 4549 1226 4624 civitatis,
1263 4550 1373 4614 intimi
1398 4549 1504 4638 ipsius

268 4656 422 4722 amici...
445 4655 611 4720 tumultus
626 4656 761 4721 hostilis
781 4665 814 4722 et
837 4656 1024 4721 turbandae
1045 4656 1264 4745 reipublicae
1294 4679 1504 4721 accerseren-

268 4772 363 4829 tur...
387 4763 463 4826 Non
490 4762 680 4829 occultante
711 4763 844 4829 Tiberio
875 4772 975 4829 vetus
1003 4764 1118 4829 odium
1153 4764 1334 4829 adversum
1368 4762 1503 4829 exulem

270 4871 445 4936 Serenum.
471 4871 555 4936 Nam
590 4880 666 4959 post
692 4871 889 4937 damnatum
918 4872 1082 4937 Libonem
1112 4871 1224 4937 missis
1251 4871 1293 4937 ad
1324 4872 1504 4937 Caesarem

267 4978 432 5044 litteris...
456 4978 672 5045 addiderat...
696 4980 862 5068 quaedam
891 4979 1124 5045 contumacius
1144 4986 1387 5069 quam.tutu1n
1414 4978 1504 5067 apud

288 5112 667 5165 111111.1111.1111.-1·“11111
790 5169 794 5176 ¹
1396 5113 1428 5163 13

422 5205 923 5509 IX
962 5479 1072 5508 ,,
