3709 6234
280 861 335 918 742
816 869 848 918 Α.
871 864 1040 917 l'lTEthl'S

325 1017 441 1075 temet
455 1008 658 1097 parricidam
674 1008 850 1075 Vitellium
875 1018 1076 1078 vocantes...
1090 1050 1133 1059 -
1151 1011 1176 1090 Ι,
1194 1035 1249 1099 9⁰·
1268 1010 1396 1076 Vocata
1411 1010 1579 1075 contione

323 1116 483 1202 (Otho)...
502 1114 683 1182 adversum
703 1114 905 1181 Vitellianas
918 1125 1034 1204 partes
1056 1117 1207 1183 modeste
1227 1116 1450 1196 disseruit,...
1475 1116 1575 1181 nulla

323 1222 452 1289 Vitellii
472 1224 655 1302 mentione,
682 1224 754 1289 sive
770 1224 877 1311 ipsius
890 1247 928 1289 ea
945 1224 1132 1290 moderatio
1150 1247 1210 1289 seu
1235 1224 1381 1311 scriptor
1399 1225 1572 1290 orationis

325 1331 495 1421 (Galerius
509 1330 706 1417 Trachalus)
721 1331 787 1396 sihi
803 1338 959 1396 metuens
974 1331 1190 1398 contumeliis
1206 1333 1240 1396 in
1259 1330 1440 1398 Vitellium
1461 1332 1572 1397 absti-

324 1440 409 1506 nuit.
433 1476 476 1487 —
501 1438 543 1517 ΙΙ,
578 1462 605 1503 r.
624 1437 820 1525 Corinthi...
849 1446 959 1504 certos
983 1441 1120 1506 nuntios
1147 1441 1277 1527 accepit
1291 1439 1418 1527 (Titus)
1437 1440 1482 1505 de
1518 1442 1569 1505 in·

322 1546 425 1612 teritu
445 1544 587 1627 Galbae,
609 1553 642 1611 et
667 1545 807 1611 aderant
830 1547 889 1635 qui
913 1570 1006 1612 arma
1028 1546 1157 1612 Vitellii
1179 1546 1375 1636 bellumque
1400 1546 1564 1613 adfirma-

324 1660 440 1720 rent...
456 1681 472 1713 «
490 1653 525 1720 Si
536 1661 691 1741 pergeret
705 1652 740 1716 in
759 1652 891 1734 urbem,
917 1652 1048 1718 nullam
1067 1652 1169 1718 officii
1194 1654 1339 1741 gratiam
1364 1655 1399 1719 in
1424 1654 1568 1720 alterius

324 1761 486 1826 honorem
511 1760 671 1847 suscepti,
697 1783 735 1824 ac
758 1783 794 1824 se
820 1759 959 1825 Vitellio
980 1761 1051 1825 sive
1075 1760 1201 1827 Othoni
1231 1760 1384 1826 obsidem
1408 1761 1524 1829 iore...
1546 1792 1560 1822 a

268 1867 270 1871 ’
324 1907 368 1918 -
384 1867 426 1944 ΙΙ,
449 1866 483 1935 6.
500 1867 594 1945 Mox,
610 1875 648 1932 ut
661 1865 830 1933 Othonem
845 1891 883 1932 ac
896 1866 1073 1933 Vitellium
1089 1866 1241 1934 scelestis
1256 1869 1358 1933 armis
1372 1892 1425 1934 res
1440 1870 1568 1934 Roma·

269 2033 272 2040 .
324 1999 386 2041 nas
401 1983 535 2062 raptum
548 1975 596 2039 ire
616 1973 792 2062 vulgatum
809 1981 916 2056 est...
940 1975 1082 2041 fremere
1098 1975 1195 2041 miles
1210 1976 1343 2063 (Syriae
1361 2000 1400 2041 ac
1421 1976 1567 2043 Iudaeae

324 2083 511 2171 legionum)
532 2090 566 2148 et
589 2082 679 2147 vires
698 2105 777 2148 suas
793 2083 1063 2171 circumspicere.
1078 2119 1117 2133 -
1137 2081 1181 2163 ΙΙ,
1197 2109 1228 2172 7.
1248 2083 1469 2170 (Cogitabant
1481 2085 1567 2149 Ves-

324 2191 483 2279 pasianus
502 2197 603 2278 atque
624 2190 697 2254 eius
717 2190 873 2277 amici)...
892 2213 953 2255 nec
970 2190 1104 2269 referre,
1125 2190 1299 2255 Vitellium
1321 2214 1364 2256 an
1391 2190 1564 2258 Othonem

324 2298 542 2387 superstitem
557 2297 693 2362 fortuna
709 2297 843 2363 iaceret.
869 2333 914 2347 -
934 2298 978 2378 ΙΙ,
999 2301 1049 2376 14.
1066 2297 1243 2363 Imminere
1259 2298 1454 2386 provinciae
1475 2299 1563 2364 Nar-

324 2406 467 2471 bonensi
487 2406 521 2469 in
537 2404 640 2470 verba
662 2403 789 2470 Vitellii
802 2403 940 2471 adactae
965 2404 1108 2470 classem
1135 2403 1280 2471 Othonis
1310 2405 1433 2494 trepidi
1453 2409 1567 2473 nuntii

325 2512 428 2579 Fabio
444 2511 578 2578 Valenti
604 2513 760 2578 attulere.
788 2512 900 2580 -ΙΙ,
931 2512 982 2580 ι6.
1014 2512 1191 2601 (Pacarius
1224 2513 1384 2579 Decimus
1404 2514 1566 2582 Corsicae

325 2623 536 2709 procurator)
551 2619 696 2685 Othonis
710 2620 787 2684 odio
802 2620 917 2685 iuvare
937 2619 1113 2685 Vitellium
1130 2621 1313 2686 Corsorum
1332 2620 1464 2686 viribus
1489 2631 1566 2688 sta-

324 2729 431 2795 tuit...
465 2727 701 2815 lmpcritorum
730 2726 829 2793 turba
856 2727 890 2791 in
910 2727 1013 2793 verba
1034 2727 1164 2793 Vitellii
1184 2728 1380 2814 (iuravitl...
1411 2729 1563 2816 (Pacarii

327 2836 555 2923 comitumque
571 2833 655 2922 eius)
671 2835 781 2923 capita
797 2842 834 2899 ut
847 2834 995 2900 hostium
1004 2836 1067 2923 ipsi
1082 2835 1314 2901 interfectores
1330 2835 1372 2902 ad
1392 2836 1564 2903 Othonem

325 2944 444 3022 tulere,
468 2967 576 3032 neque
591 2966 649 3008 eos
666 2951 725 3008 aut
740 2941 828 3008 Otho
853 2944 1003 3030 praemio
1024 2942 1148 3008 adiecit
1168 2951 1227 3008 aut
1250 2944 1360 3031 puniit
1386 2944 1562 3014 Vitellius.

323 3052 356 3116 in
377 3050 483 3116 multa
500 3050 656 3116 conluvie
669 3073 781 3114 rerum
803 3050 987 3115 maioribus
1007 3051 1145 3138 flagitiis
1165 3051 1363 3138 permixtos.
1387 3051 1489 3124 -ΙΙ,
1512 3078 1564 3140 ¹7·

324 3158 504 3245 (initalia)
523 3156 617 3223 nullo
638 3156 726 3246 apud
746 3180 953 3245 quemquam
974 3157 1118 3222 Othonis
1135 3157 1261 3239 favore,
1281 3181 1341 3223 nee
1355 3159 1433 3247 quia
1455 3159 1566 3225 l'itel·

322 3265 405 3330 lium
420 3264 572 3343 mallent,
599 3263 658 3330 sed
677 3264 779 3352 longa
795 3288 861 3353 pax
881 3264 923 3329 ad
940 3286 1038 3329 omne
1064 3265 1239 3330 servitium
1263 3266 1450 3351 fregerat...
1479 3267 1564 3331 Flo-

324 3374 552 3438 rentissimum
570 3372 685 3437 ltaliae
700 3372 801 3453 latuS,
825 3380 989 3459 quantum
1010 3372 1097 3436 inter
1120 3371 1248 3437 l'adum
1274 3372 1448 3461 Alpesque
1468 3399 1565 3439 cam-

325 3505 445 3569 porum
466 3480 659 3560 eturbium‚
687 3480 789 3543 armis
816 3478 985 3545 l'itellii...
1013 3479 1201 3545 tenebatur.
1229 3519 1271 3528 —
1297 3479 1339 3560 ΙΙ,
1368 3505 1421 3546 nr.
1451 3484 1564 3548 Simul

325 3588 492 3655 Othonem
514 3613 551 3653 ac
568 3586 744 3652 l'itellinm
764 3586 975 3652 celebrantes
997 3587 1217 3674 culpantesve
1234 3588 1325 3678 (hinc
1350 3588 1563 3675 defensores,

323 3696 401 3761 inde
417 3703 667 3784 oppugnatores
685 3694 903 3781 Placentiae).
937 3693 1040 3768 -ΙΙ,
1074 3721 1126 3783 27.
1155 3695 1319 3761 Cohortes
1340 3697 1562 3772 batavorum.

324 3828 448 3892 quas...
468 3804 582 3869 audito
612 3802 740 3867 Vitellii
767 3811 901 3867 motu...
936 3801 1039 3866 Fabio
1070 3802 1202 3867 l'alenti
1232 3803 1408 3867 adiunctas
1429 3806 1565 3871 rettuli·

325 3936 440 3977 mus..
461 3913 561 3989 -ΙΙ,
580 3910 633 3979 3ο,
653 3911 763 3974 Duces
773 3910 920 3997 partium
937 3910 1082 3974 Othonis
1097 3911 1254 3998 quamvis
1283 3910 1450 3976 uberrima
1481 3937 1566 3978 con·
1601 3973 1608 3984 ,

325 4022 488 4086 viciorum
504 4020 537 4083 in
555 4018 730 4083 Vitellium
747 4018 887 4082 materia
901 4017 1160 4105 (abstinebant).
1177 4057 1220 4066 -
1237 4019 1279 4090 ΙΙ,
1303 4019 1356 4082 3ι.
1377 4020 1465 4084 Sane
1484 4032 1566 4087 ante

324 4129 498 4215 utriusque
526 4128 752 4213 exitumque
773 4126 942 4210 egregiam
972 4126 1060 4190 Otho
1081 4125 1217 4193 lamam.
1244 4125 1398 4190 l'itellius
1414 4131 1565 4213 flagitio·

325 4237 493 4299 sissimam
510 4258 673 4304 meruere.
696 4234 807 4296 minus
823 4232 949 4296 l'itcllii
973 4234 1114 4317 ignarae
1132 4232 1322 4319 voluptates
1338 4256 1438 4320 quam
1456 4237 1567 4302 Otho-

324 4344 376 4407 nis
416 4343 696 4427 flagrantissimae
729 4339 887 4404 libidines
924 4340 1170 4405 timebantur...
1196 4339 1352 4405 l'itellins
1384 4351 1506 4408 ventre
1534 4357 1567 4412 et

324 4450 402 4536 gula
418 4449 480 4513 sibi
505 4449 717 4527 inhonestus,
743 4448 833 4511 Otho
854 4448 949 4516 luxu.
985 4448 1138 4526 strovilia,
1167 4448 1306 4511 audacia
1332 4450 1378 4512 rei
1403 4449 1566 4535 publicae

325 4558 497 4621 exitiosior
518 4555 714 4620 ducebatur.
737 4595 780 4604 --
798 4556 840 4633 ΙΙ,
859 4555 912 4619 32.
941 4555 1034 4618 Tunc
1050 4556 1232 4619 Suetonius
1257 4554 1463 4623 Paulinus...
1493 4561 1566 4624 dis-

326 4667 428 4729 seruit
475 4665 659 4727 exercitum
706 4662 832 4727 l'itellii
878 4664 1074 4726 universum
1104 4663 1296 4742 advenisse,
1328 4686 1388 4727 nec
1413 4665 1568 4734 multum

326 4773 447 4836 virium
468 4796 486 4834 a
502 4778 638 4856 tergo...
656 4808 701 4820 —
718 4758 760 4846 ΙΙ,
781 4769 833 4835 38.
862 4770 937 4833 Non
963 4769 1148 4834 discessere
1177 4769 1217 4833 ab
1235 4770 1338 4833 armis
1363 4772 1396 4833 in
1417 4771 1570 4841 Pharsa-

326 4878 370 4942 lia
386 4902 422 4942 ac
439 4877 605 4964 Philippis
620 4878 745 4940 civium
766 4876 930 4961 legiones,
949 4877 1072 4941 nedum
1098 4875 1241 4941 Othonis
1257 4900 1293 4940 ac
1318 4876 1446 4941 l'itellii
1468 4903 1570 4947 exer·

326 4987 413 5049 citus
429 4993 548 5070 sponte
563 4984 704 5070 posituri
721 4983 847 5047 bellum
865 4984 1000 5048 luerint.
1027 5022 1071 5034 -
1095 4983 1138 5064 ΙΙ,
1168 4988 1221 5060 da.
1244 4986 1417 5049 Attonitas
1449 4987 1571 5056 subito
