3709 6234
803 891 925 944 leeris
1475 885 1507 942 13

272 1015 455 1103 (Valerius)
473 1015 594 1080 Festus
616 1012 804 1078 Adrumeto
817 1013 838 1092 ¹,
863 1013 918 1079 ubi
939 1012 1213 1101 speculabundus
1233 1013 1441 1090 substiterat,
1465 1013 1507 1078 ad

271 1123 439 1208 legionem
461 1122 647 1188 contendit.

225 1230 429 1298 .i1)t'.-t.-
454 1229 496 1303 ll.
521 1236 574 1307 do.
598 1228 808 1316 (Othoniani)
828 1229 1039 1293 confluentes
1063 1228 1147 1293 Padi
1172 1237 1206 1294 et
1229 1229 1368 1294 Aduac²
1397 1227 1507 1293 tlurni-

272 1362 366 1420 num,
388 1338 534 1402 sedecim
555 1336 633 1402 indo
653 1336 784 1400 milium
805 1336 915 1423 spatio
936 1335 1115 1416 distantes
1138 1335 1309 1423 petebant.

226 1446 386 1526 Anni-'13
409 1444 621 1510 Altlrvt'st.
648 1483 691 1492 -
710 1443 742 1514 3,
770 1445 823 1519 fo.
851 1441 1037 1508 Galliarum
1064 1444 1259 1510 civitates..
1289 1442 1506 1508 rebellionem

272 1560 483 1641 coeptavere.
508 1552 604 1617 cuius
626 1549 863 1616 exstimulatur
887 1551 1112 1616 acerrimus...
1134 1550 1224 1639 apud
1244 1551 1382 1615 Aeduos
1403 1550 1507 1614 lulius

272 1661 441 1726 Sacrovir.
458 1699 500 1709 -
517 1659 547 1735 3,
567 1657 620 1736 43.
639 1658 742 1746 Apud
758 1657 897 1722 Aeduos
913 1658 1020 1722 maior
1032 1658 1138 1722 moles
1154 1667 1269 1724 exorta
1287 1661 1403 1746 (quam
1420 1657 1509 1746 apud

273 1768 455 1854 Treviros).
473 1804 517 1819 —
533 1766 564 1844 3,
586 1768 639 1843 fd.
658 1767 707 1829 At
723 1765 849 1829 ltonrao
864 1788 932 1830 non
948 1765 1104 1830 Treviros
1121 1765 1266 1830 modoet
1284 1765 1434 1841 Aeduos.
1450 1764 1509 1829 scd

273 1883 434 1964 quattuor
448 1882 481 1939 et
496 1872 672 1958 sexaginta
687 1871 875 1936 Galliarum
891 1872 1047 1938 civitates
1062 1872 1285 1939 descivisse...
1302 1872 1506 1959 (creditum).

273 2019 317 2031 -
336 1982 369 2048 3,
391 1982 445 2055 45.
468 1978 614 2044 Silius..
631 1985 744 2042 vastat
761 1979 994 2066 Sequanorum
1016 2002 1133 2065 pagos,
1157 1979 1214 2066 qui
1235 1978 1352 2042 linium
1368 1977 1511 2042 extremi

275 2096 308 2152 ct
325 2086 454 2151 :teduis
468 2084 669 2151 conterinini
690 2085 838 2173 sociique
858 2085 891 2148 in
905 2086 1008 2149 armis
1022 2094 1130 2150 erant.
1149 2125 1192 2134 --
1208 2087 1239 2152 3.
1258 2085 1311 2161 db.
1330 2085 1511 2172 (Loquitur

274 2195 363 2282 apud
390 2194 515 2259 milites
542 2193 660 2279 Silius)
691 2225 705 2253 a
736 2198 912 2271 ...Quanto
941 2194 1083 2281 pecunia
1108 2194 1195 2258 dites
1221 2202 1254 2259 et
1280 2193 1510 2280 voluptatibus

275 2302 466 2390 opulentos
489 2309 583 2366 tanto
604 2301 712 2386 magis
735 2300 876 2365 inbelles
899 2301 1037 2365 Aeduos
1059 2300 1215 2367 evincite.
1238 2352 1244 2365 .
1270 2327 1285 2364 a
1310 2340 1353 2350 -
1378 2326 1426 2381 rr,
1455 2303 1506 2366 ab.

276 2410 471 2474 Orationem
503 2408 668 2496 principis
706 2407 869 2495 (Claudii)
908 2417 1024 2474 secuto
1058 2417 1191 2496 patrum
1225 2409 1380 2473 consulto
1413 2408 1510 2496 primi

275 2516 385 2581 Aedui
401 2522 595 2581 senatorum
608 2516 641 2580 in
656 2514 737 2579 urbe
753 2516 805 2579 ius
820 2514 933 2603 adepti
945 2523 1035 2580 sunt.
1051 2515 1175 2581 Datum
1190 2517 1222 2580 id
1234 2515 1358 2580 foederi
1373 2516 1511 2604 antiquo

275 2635 308 2688 et
331 2624 409 2712 quia
433 2623 496 2687 soli
518 2622 692 2688 Gallorum
718 2622 939 2687 fraternitatis
962 2646 1083 2687 nomen
1111 2647 1186 2688 cum
1210 2623 1333 2712 populo
1358 2625 1511 2688 ltonrano

276 2740 454 2818 usurpant.
478 2769 515 2779 -
546 2730 570 2804 l,
594 2731 648 2795 51.
676 2730 841 2817 Sequanis
862 2730 1058 2818 Aeduisque
1078 2755 1116 2795 ae
1135 2730 1269 2796 deinde.
1295 2740 1395 2818 prout
1421 2754 1509 2817 opu-

276 2838 380 2904 lentia
393 2838 588 2902 civitatibus
602 2844 685 2903 erat.
700 2837 821 2901 infensi
831 2838 1038 2923 (Germanici
1049 2838 1230 2924 exercitus)
1243 2839 1512 2924 expugnationes

275 2945 453 3011 urbium...
476 2945 661 3009 hauserunt
683 2944 807 3009 animo.
834 2982 875 2993 —
903 2942 928 3022 l,
951 2946 1005 3021 64.
1031 2944 1169 3009 Frustra
1189 2945 1352 3009 adversus
1374 2945 1511 3009 Aeduos

276 3055 429 3141 quaesita
454 3054 487 3137 (a
509 3051 712 3135 Vitellianis)
732 3050 812 3115 belli
829 3074 931 3116 causa
958 3069 965 3115 :
994 3051 1077 3115 iussi
1101 3052 1276 3139 pecuniam
1298 3062 1398 3139 atque
1418 3076 1510 3117 arma

276 3160 405 3225 deferre
433 3160 599 3246 gratuitos
633 3159 771 3245 insuper
799 3166 1007 3223 commeatus
1039 3158 1232 3246 praebuere.
1270 3160 1367 3237 Quod
1401 3159 1511 3224 .ledui

277 3266 469 3337 formidine.
495 3265 741 3353 Lugdunenses
766 3265 888 3352 gaudio
916 3265 1034 3329 fecere.
1052 3303 1096 3315 -
1113 3265 1155 3333 ll.
1178 3265 1232 3331 fn.
1254 3267 1420 3330 llariccns
1439 3268 1511 3355 qui-

277 3374 367 3445 dam,
392 3399 410 3438 c
435 3373 531 3461 plebe
549 3373 762 3440 Boiorum...
784 3373 926 3437 concitis
951 3381 1025 3437 octo
1046 3371 1184 3436 milibus
1204 3373 1378 3437 hominurn
1401 3375 1511 3460 proxi·

279 3505 351 3546 mos
377 3481 595 3546 Aeduorum*
620 3504 725 3567 pagos
750 3479 913 3548 trahebat.
940 3503 1015 3545 curn
1041 3480 1241 3566 gravissima
1265 3481 1383 3546 civitas
1407 3482 1513 3548 eleeta

278 3590 464 3658 iuventute.
481 3587 622 3653 adiectis
637 3612 653 3651 a
675 3586 813 3650 l'itellio
829 3586 1037 3654 cohortibus,
1061 3587 1241 3652 fanaticam
1261 3588 1511 3653 multitudinem

278 3696 422 3760 disiecit.
439 3733 482 3743 —
497 3694 557 3762 lll.
577 3695 631 3759 35.
652 3693 772 3758 lulium
794 3692 958 3758 Calenum
981 3693 1153 3758 tribunum
1174 3711 1179 3746 ί
1189 3696 1221 3758 in
1238 3697 1386 3760 (exercitu
1409 3697 1512 3761 l'itel·

279 3803 426 3889 liano)...
455 3802 601 3866 tlalenus
626 3802 765 3867 ¹leduus
792 3804 904 3886 (erat).
933 3840 973 3849 —
1003 3802 1060 3874 ll',
1097 3826 1145 3889 ¹7·
1172 3802 1297 3887 (l'erba
1326 3804 1401 3867 facit
1423 3805 1513 3892 apud

279 3910 397 3976 tlallos
424 3909 530 3974 lulius
559 3908 692 3997 Civilis)
715 3935 730 3972 a
757 3908 806 3972 Nc
830 3909 983 3996 Vindicis
1006 3910 1111 3974 aciem
1137 3910 1322 3994 cogitarent
1352 3931 1357 3975 :
1387 3912 1513 3977 llataro

279 4019 392 4106 equite
412 4016 573 4104 protritos
593 4015 731 4080 Aeduos
751 4017 1034 4104 Arvernosque...
1061 4045 1075 4075 »
1097 4055 1128 4063 -
1157 4015 1213 4084 ll',
1237 4018 1288 4104 57.
1313 4017 1512 4083 ttbtestantc

281 4124 414 4210 (Dillio)
433 4122 558 4187 l'ocula
579 4174 599 4186 ..
620 4123 668 4186 sie
684 4122 763 4185 olirn
789 4123 1003 4186 Sacrovirum
1019 4132 1052 4187 et
1074 4122 1243 4189 aeduosss.
1269 4147 1374 4211 nuper
1399 4126 1513 4189 lindi-

279 4256 350 4297 cern
373 4230 567 4319 Galliasque
588 4229 732 4318 singulis
752 4229 888 4316 proeliis
908 4230 1127 4295 concidisset.

236 4338 421 4406 AEETES.
448 4376 488 4385 -
513 4337 545 4404 ti.
573 4338 626 4413 dd.
653 4340 726 4415 Qua
753 4345 952 4424 tempestate
980 4337 1053 4400 laso
1077 4345 1154 4424 post
1180 4346 1331 4403 enectam
1359 4339 1513 4405 bledearn

271 4548 277 4579 ¹
293 4545 333 4594 bl:
348 4546 492 4593 adrimeto.

269 4627 459 4674 ²l'rrteolirnrrs
476 4624 619 4675 :Addnae
637 4651 659 4658 —
682 4622 834 4672 l'srmaoor.
852 4622 1160 4684 rufinianensem
1179 4624 1251 4672 detta
1270 4641 1358 4689 prona
1381 4624 1513 4689 baltaglia

237 4706 267 4753 di
286 4706 415 4755 fterlriaco
430 4706 505 4758 (Atti
521 4705 591 4753 detta
614 4704 643 4753 lt.
657 4709 718 4752 ,teo
733 4704 762 4753 d.
776 4719 813 4751 ar.
828 4701 857 4749 di
876 4702 985 4760 Torino,
1006 4704 1102 4752 xxxi.
1118 4723 1166 4765 pao
1184 4707 1245 4767 sqq)
1261 4720 1267 4754 ε
1287 4710 1390 4755 ΑΓΔΜ,

270 4787 281 4820 ³
298 4789 377 4850 Apud
393 4791 500 4836 veteres
516 4801 596 4847 stirpe
614 4784 724 4833 Haedui
747 4784 788 4830 rel
806 4783 908 4831 Halai.

272 4867 281 4902 ⁴
294 4867 319 4917 Ι
331 4885 337 4917 :
351 4867 529 4917 baednorum.

273 4952 283 4983 '³
296 4949 321 4999 Ι
334 4965 339 4996 :
353 4950 481 4997 baedaos.

274 5030 437 5078 ‘l'raeterca
453 5028 528 5090 ltpek
546 5043 595 5089 pro
615 5025 740 5074 t'biornar
754 5025 789 5086 iffi
804 5039 810 5072 :
827 5024 970 5082 sibonum)
984 5026 1097 5074 coniecit
1117 5027 1271 5076 Aeduorum
1290 5029 1336 5088 {¹3-
1355 5031 1404 5090 57.
