3709 6234
288 849 342 903 llo
823 848 1033 901 numerares

331 993 397 1057 niis
410 993 570 1081 praefecit
584 992 705 1080 (Gaius
723 990 859 1071 Caesar,
878 991 1050 1077 Agrippae
1066 989 1181 1071 filius).
1194 1030 1236 1039 -
1257 1014 1288 1071 2,
1306 989 1360 1055 56.
1376 989 1565 1076 (Armenia)

329 1101 454 1165 nostris
475 1099 657 1186 provinciis
670 1098 738 1163 late
751 1105 926 1184 praetenta
947 1098 1082 1185 penitus
1103 1098 1145 1162 ad
1170 1097 1289 1162 Medos
1310 1097 1506 1183 porrigitur.
1526 1137 1565 1146 —

331 1232 361 1288 2,
380 1207 432 1272 60.
460 1208 587 1295 Regem
608 1206 780 1270 Rhamsen
806 1204 923 1291 Libya,
950 1205 1129 1291 Aethiopia
1155 1205 1331 1293 Medisque
1351 1212 1385 1269 et
1410 1204 1565 1270 Persis...

329 1316 486 1403 potitum.
499 1353 542 1363 —
557 1314 590 1394 6,
612 1314 665 1390 34.
685 1313 931 1377 Pharasmanes
947 1312 1205 1400 (disserebat)...
1231 1311 1399 1377 horridam
1427 1334 1566 1376 suorum

329 1421 563 1509 (Hiberorum)
578 1421 695 1500 aciem,
713 1420 802 1507 picta
818 1441 899 1483 auro
914 1418 1091 1484 Medorum
1106 1420 1253 1506 agmina,
1270 1418 1348 1483 hinc
1369 1419 1475 1499 viros,
1490 1418 1567 1485 inde

329 1529 531 1615 praedam...
557 1565 597 1576 -
620 1552 670 1606 12,
704 1529 753 1603 14.
787 1526 872 1590 Dein
905 1526 1067 1592 Gotarzes
1094 1526 1314 1612 (Parthorum
1341 1529 1418 1609 rex)
1446 1524 1565 1591 morbo

330 1635 425 1714 obiit,
442 1636 636 1721 accitusque
656 1634 689 1697 in
714 1656 856 1719 regnum
881 1632 1041 1698 Vonones
1065 1632 1183 1697 Medos
1202 1640 1275 1697 tum
1296 1631 1506 1719 praesidens.
1525 1671 1568 1682 -

334 1742 383 1820 13,
401 1745 456 1818 tr.
479 1740 718 1828 Exploratores
739 1740 880 1805 attulere
901 1738 1117 1827 (Corbuloni)
1129 1739 1353 1828 longinquum
1364 1741 1454 1826 regis
1470 1740 1567 1828 (Tiri-

329 1849 432 1934 datis)
451 1850 526 1929 iter,
541 1856 574 1913 et
589 1848 681 1913 Medi
701 1871 743 1911 an
763 1846 889 1911 Albani
923 1855 1117 1935 peterentur
1149 1848 1326 1913 incertum.
1355 1884 1387 1895 α
1426 1850 1476 1926 14,
1510 1847 1564 1914 26.

329 1956 499 2021 Tiridaten
539 1980 599 2044 per
627 1955 745 2020 Medos
779 1964 930 2020 extrema
964 1954 1145 2019 Armeniae
1173 1955 1430 2019 intrantem-
1455 1956 1504 2029 15,
1533 1978 1565 2019 α.

328 2063 575 2150 Vologaeses...
600 2063 646 2128 ite
659 2062 811 2128 orditur:
832 2091 847 2123 «
882 2063 980 2127 Hunc
996 2086 1058 2149 ego
1075 2063 1276 2150 (Tiridaten)
1293 2062 1411 2127 eodem
1434 2085 1567 2127 mecum

329 2178 422 2258 patre
437 2172 589 2257 genitum
611 2224 631 2237 ..
655 2172 688 2234 in
714 2172 965 2259 possessionem
988 2171 1171 2235 Armeniae
1186 2169 1323 2251 deduxi,
1355 2170 1413 2257 qui
1447 2169 1568 2235 tertius

329 2279 498 2366 potentiae
520 2278 647 2366 gradus
662 2278 825 2357 habetur;
847 2301 925 2343 nam
943 2278 1062 2343 Medos
1088 2278 1235 2342 Pacorus
1257 2284 1334 2342 ante
1354 2284 1501 2365 ceperat.
1524 2315 1567 2328 —

334 2385 450 2467 15,31.
475 2386 655 2473 Digressus
672 2385 704 2471 (a
721 2384 913 2449 Corbulone
934 2385 1100 2449 Tiridates
1120 2384 1272 2471 fratrem)
1294 2385 1458 2449 Pacorum
1475 2383 1567 2471 apud

329 2492 488 2559 Medos..
511 2493 668 2579 repperit.
691 2529 735 2541 —
768 2491 808 2570 V,
828 2495 859 2556 8.
884 2493 972 2555 Dum
999 2492 1162 2578 Assyrios
1184 2513 1287 2579 penes
1312 2490 1499 2580 Medosque
1533 2500 1567 2557 et

330 2599 451 2664 Persas
468 2598 587 2663 Oriens
608 2599 712 2665 luit...

290 2705 504 2772 Mlil⁴‘lTlS¹.
523 2745 566 2756 -
587 2705 648 2783 lll,
673 2706 726 2770 33.
748 2704 869 2794 (Capta
889 2728 907 2769 a
928 2705 1101 2771 Flavianis
1130 2705 1323 2790 Cremona),
1353 2728 1429 2769 cum
1454 2705 1567 2769 omnia

331 2837 424 2878 sacra
440 2813 647 2901 profanaque
660 2812 695 2877 in
710 2813 787 2899 igne
798 2812 1024 2890 considerent,
1035 2812 1145 2877 solum
1159 2812 1457 2900 Metitistemplum
1471 2812 1567 2878 stetit

328 2928 406 2984 ante
422 2921 565 3000 moenia,
580 2919 653 2984 loco
665 2944 724 2985 seu
741 2920 878 2984 numine
893 2919 1083 2985 defensum.

284 3027 554 3092 MEGALESES
571 3026 689 3091 LVDl.
716 3067 759 3075 —
789 3027 820 3100 3,
848 3026 879 3092 6.
902 3026 1068 3112 (Tiberius
1087 3026 1265 3115 populum)
1297 3027 1428 3091 monuit
1453 3025 1565 3092 edicto

329 3134 511 3222 (exsequiis
526 3134 718 3198 Germanici
743 3133 961 3221 peractis)...¹
994 3141 1183 3220 repeterent
1208 3133 1385 3197 sollemnia
1406 3140 1450 3213 et,
1486 3134 1566 3221 quia

327 3240 484 3304 ludorum
514 3239 757 3327 lllegalesium‘²
782 3239 1013 3327 spectaculum
1054 3240 1202 3316 suberat,
1239 3241 1340 3305 etiam
1372 3239 1566 3328 voluptates

168 3435 170 3439 Ι
329 3355 548 3414 resumerent.

285 3455 630 3521 Mlllllilll).·t'l'llS³.
657 3496 699 3504 -
728 3478 775 3532 11,
798 3480 848 3520 ιο,
880 3455 969 3520 Nece
998 3456 1163 3520 Vardanis
1185 3456 1337 3520 turbatae
1362 3458 1565 3522 Parthorum

329 3589 381 3628 res
395 3565 482 3629 inter
499 3563 688 3650 ambiguos,
705 3564 780 3651 quis
797 3564 829 3626 in
848 3587 988 3648 reguum
1006 3564 1270 3650 acciperetur...;
1294 3565 1430 3650 quidam
1455 3565 1565 3651 (ineli-

329 3672 469 3757 nahant)
487 3672 528 3735 ad
550 3670 768 3735 Meherdaten
785 3671 912 3756 prolem
931 3670 1097 3742 Phraatis,
1117 3669 1248 3734 obsidio
1274 3670 1371 3734 nobis
1403 3672 1561 3739 datum...

328 3780 500 3844 Potitus...
524 3780 650 3862 regiam
664 3779 855 3862 (Gotarzes)
872 3801 929 3864 per
941 3778 1117 3841 saevitiam
1138 3802 1175 3841 ac
1196 3778 1314 3841 luxum
1341 3778 1453 3865 adegit
1482 3780 1564 3844 l'ar·

328 3887 404 3949 thos
422 3887 554 3950 mittere
573 3886 614 3948 ad
635 3886 822 3971 principem
844 3885 1035 3948 ltomanum
1062 3885 1214 3949 occultas
1230 3908 1359 3971 preces,
1386 3887 1462 3974 quis
1491 3912 1566 3975 per-

330 3992 416 4055 mitti
444 3991 659 4055 Meherdaten
673 3994 819 4077 patrium
837 3992 878 4055 ad
891 3992 1061 4077 fastigium
1074 3991 1226 4056 orabant.
1257 4031 1286 4040 -
1303 4017 1351 4072 12,
1377 4016 1425 4058 10.
1445 3994 1564 4081 Legati

331 4098 533 4162 Parthorum
553 4098 593 4162 ad
606 4099 845 4186 expetendum,
864 4109 900 4163 ut
910 4099 1037 4172 rettuli,
1057 4099 1274 4162 Meherdaten
1291 4101 1385 4164 missi
1407 4109 1562 4166 senatum

328 4205 606 4290 ingrediuntur...
630 4244 673 4252 -
699 4230 747 4283 12,
778 4231 827 4271 11.
851 4205 1041 4294 (Claudius)
1073 4206 1201 4270 addidit
1221 4216 1397 4294 praecepta
1414 4228 1421 4284 ς
1439 4210 1564 4273 etenim

329 4313 444 4376 aderat
467 4312 720 4378 Meherdates...
746 4352 786 4361 -
816 4338 864 4392 12,
902 4337 950 4378 12.
982 4313 1160 4381 Cassius..
1197 4324 1311 4379 monet
1342 4314 1563 4381 Meherdaten

326 4418 545 4483 barbarorum
563 4420 708 4506 impetus
724 4443 859 4483 aeres'...
893 4461 909 4467 -
938 4444 986 4496 12,
1005 4422 1055 4483 13.
1077 4419 1360 4505 (Adiabenorum)
1381 4444 1440 4485 rex
1456 4422 1564 4487 Izates

328 4527 522 4590 societatem
539 4526 744 4590 Meherdatis
760 4526 870 4613 palam
888 4526 1055 4604 induerat,
1073 4528 1107 4590 in
1123 4528 1287 4591 Gotarzen
1305 4551 1364 4613 per
1378 4528 1511 4593 occulta
1529 4538 1562 4594 et

316 4794 322 4827 ¹
344 4794 423 4855 t'ulg.
441 4810 501 4842 eum
515 4797 582 4845 dett.
598 4811 603 4843 :
622 4796 759 4858 Mephitis.

311 4875 323 4909 ²
340 4875 446 4936 Lipsius
463 4892 469 4924 :
484 4877 692 4938 ‚tlepatensiuna
711 4877 755 4924 Sic
772 4877 845 4936 vulg.
860 4882 922 4925 ante
936 4879 1100 4927 Ernestium.

315 4955 326 4987 ³
344 4955 531 5012 1‘1111s01·.,331.
