3709 6234
316 863 366 919 ¹3⁸
867 866 1041 918 antrannis

359 1008 442 1085 niae,
467 1008 578 1072 addita
607 1009 743 1095 insuper
773 1016 1009 1073 veteranorum
1029 1007 1172 1075 colonia.
1202 1046 1245 1059 —
1271 1007 1318 1074 isi.
1341 1009 1411 1073 Nisi
1431 1010 1593 1075 Paulinus

360 1115 495 1202 cognito
516 1114 706 1202 provinciae
731 1123 823 1180 motu
852 1137 993 1203 propere
1019 1115 1243 1182 subvenisset.
1265 1117 1388 1181 amissa
1419 1118 1593 1182 Britannia

359 1225 484 1290 toret...
507 1222 574 1287 Neo
594 1222 723 1288 l'cttius
749 1222 910 1292 Bolanus.
935 1223 1150 1288 manentibus
1175 1223 1283 1288 adhue
1310 1224 1467 1289 civilibus
1480 1224 1591 1298 bellis.

359 1331 500 1418 agitavit
513 1330 722 1395 Britanniam
742 1329 934 1418 disciplina.
956 1368 997 1379 —
1020 1354 1069 1418 ¹7·
1092 1330 1157 1395 l'bi
1182 1353 1258 1395 cum
1274 1339 1385 1397 cetero
1409 1331 1489 1397 orbe
1510 1333 1593 1398 l'es-

357 1441 515 1528 pasianus
536 1445 569 1503 et
585 1437 795 1503 Britanniam
816 1439 1028 1527 reciperavit,
1052 1439 1165 1524 magni
1181 1438 1297 1510 duces.
1313 1440 1438 1526 egregii
1467 1442 1595 1506 exerei-

359 1557 426 1626 tus,
444 1548 572 1612 minuta
593 1545 741 1610 hostium
758 1569 844 1633 spes.
865 1584 904 1596 -—
926 1546 977 1612 18.
995 1545 1091 1610 llune
1113 1545 1305 1612 Britanniae
1335 1555 1503 1614 statum...
1525 1573 1592 1613 me-

360 1656 413 1720 dia
434 1658 498 1721 iam
515 1661 642 1721 aestate
661 1662 894 1741 transgressus
907 1654 1069 1741 Agricola
1083 1655 1255 1722 invenit...
1271 1655 1408 1720 lionam
1431 1656 1590 1734 insulam,

358 1789 375 1828 a
392 1764 487 1829 euius
503 1762 715 1851 possessione
732 1772 923 1828 revocatum
941 1762 1120 1828 Paulinum
1141 1761 1324 1828 rebellione
1341 1764 1444 1827 totius
1461 1765 1593 1830 Britan·

357 1874 430 1936 niae
446 1871 787 1960 supramemoravi...
811 1907 853 1921 -
871 1895 922 1937 aa.
946 1870 1129 1935 Praesidiis
1153 1870 1370 1959 castellisque
1404 1871 1592 1936 circumda-

359 1989 409 2045 tae
424 1979 616 2064 (civitates),
639 1986 671 2043 et
686 1986 779 2044 tanta
796 1978 924 2043 ratione
941 2001 1087 2066 curaque
1105 1978 1251 2047 habitae.
1268 1986 1305 2043 ut
1320 1977 1413 2042 nulla
1427 1987 1505 2044 ante
1522 1980 1592 2043 Bri·

360 2087 492 2153 tanniae
519 2110 603 2152 nova
623 2110 701 2175 pars
712 2087 847 2171 pariter
867 2085 1050 2151 illacessita
1067 2085 1250 2152 transierit.
1267 2124 1311 2135 -
1332 2084 1385 2150 23.
1415 2086 1451 2150 Si
1485 2087 1593 2151 virtus

358 2195 567 2260 exercituum
588 2201 621 2260 et
636 2194 777 2258 Bonrani
794 2193 942 2257 nominis
957 2194 1065 2278 gloria
1082 2200 1265 2282 pateretur,
1286 2193 1446 2258 inventus
1466 2195 1499 2258 in
1521 2194 1590 2282 ipsa

358 2303 533 2368 Britannia
558 2302 764 2368 terminus...
792 2303 905 2379 -αά,
938 2301 1063 2368 Bam..
1097 2309 1227 2389 partem
1263 2301 1469 2371 Britanniae.
1507 2324 1592 2389 quae

362 2410 555 2475 Hiberniam
585 2410 742 2498 adspicit.
764 2409 871 2496 copiis
899 2409 1061 2474 instruxit
1075 2408 1264 2496 (Agricola)
1298 2408 1332 2473 in
1361 2432 1455 2496 spem
1483 2410 1593 2496 magis

358 2542 458 2606 quam
469 2518 512 2582 ob
527 2517 751 2593 formidinem,
774 2517 940 2604 siquidem
957 2516 1117 2582 llibernia
1145 2515 1256 2581 medio
1276 2515 1363 2581 inter
1386 2516 1591 2581 Britanniam

356 2635 457 2714 atque
475 2626 672 2713 llispaniam
697 2626 802 2691 sita...
819 2626 974 2712 Spatium
998 2626 1084 2696 eius.
1102 2625 1131 2689 si
1146 2623 1339 2690 Britanniae
1365 2633 1589 2712 comparetur,

359 2734 579 2819 angustius...
615 2733 733 2797 Solum
776 2732 974 2820 caelumque
998 2739 1032 2798 et
1062 2732 1195 2819 ingenia
1218 2732 1396 2820 cultusque
1419 2731 1591 2797 bominum

358 2840 446 2904 baud
463 2840 607 2905 multum
626 2864 644 2904 a
668 2840 841 2906 Britannia
856 2840 1060 2906 dillernnt...
1080 2840 1186 2927 Saepe
1212 2862 1254 2904 ex
1270 2861 1308 2904 eo
1329 2837 1442 2903 audivi
1460 2838 1592 2925 legione

360 2971 424 3012 una
440 2955 473 3013 et
489 2947 630 3012 modieis
656 2947 792 3012 auxiliis
821 2946 984 3012 debellari
1016 2947 1226 3036 obtinerique
1252 2945 1449 3012 Hiberniam
1479 2969 1590 3034 posse.

360 3055 459 3142 idque
475 3056 576 3121 etiam
587 3054 1234 3143 adversusBritanniamprofuturum...
1251 3092 1293 3104 -
1311 3053 1590 3142 27.Bxereitus...

358 3162 600 3251 peiretrandam
630 3162 849 3228 Caledoniam
886 3161 1197 3250 inveniendumque
1231 3161 1366 3227 tandem
1400 3161 1591 3226 Britanniae

359 3272 579 3338 terminum...
603 3271 802 3337 fremebant.
824 3309 869 3322 -
885 3271 939 3337 28.
966 3269 1096 3335 Cohors
1113 3269 1292 3358 Vsiporum
1316 3293 1375 3357 per
1395 3271 1593 3335 Germanias

356 3380 546 3467 conscripta
569 3388 600 3444 et
622 3379 655 3443 in
675 3379 883 3443 Britanniam
900 3378 1142 3444 transmissa...
1161 3377 1211 3443 lta
1227 3378 1441 3443 circumverti
1464 3378 1593 3444 Britan-

358 3490 490 3554 niam...
512 3488 658 3574 primum
681 3486 946 3564 aSueliis,1nox
968 3509 985 3550 a
1017 3484 1132 3549 Frisiis
1163 3485 1341 3572 intercepti
1361 3493 1451 3552 sunt.
1479 3523 1515 3535 -
1538 3487 1588 3550 30.

358 3595 538 3684 (loquitur
569 3594 750 3681 Calgacus)
792 3625 805 3651 a
841 3594 988 3678 llagnus
1026 3593 1106 3658 inihi
1149 3594 1283 3657 animus
1310 3601 1361 3657 est
1390 3592 1588 3656 hodiernum

358 3705 489 3769 diem...
513 3702 644 3766 initium
669 3701 837 3766 libertatis
859 3703 917 3766 toti
944 3701 1135 3766 Britanniae
1152 3699 1263 3767 lore...
1283 3701 1368 3778 Quia
1389 3699 1589 3763 nobilissimi

359 3813 462 3875 totius
485 3810 677 3874 Britanniae
698 3832 804 3897 enque
818 3809 851 3872 in
869 3809 952 3895 ipsis
967 3807 1197 3895 penetralibus
1213 3807 1310 3873 siti...
1332 3806 1448 3872 oeulos
1462 3829 1593 3896 quoque

358 3944 375 3982 a
391 3928 548 3983 contactu
569 3917 810 3981 dominationis
837 3917 1019 3981 inviolatos
1035 3915 1283 3982 habebamus...
1307 3915 1402 3980 Nune
1430 3915 1595 3980 terminus

362 4027 553 4090 Britanniae
575 4033 677 4115 patet.
696 4024 789 4089 nulla
810 4025 876 4088 iam
898 4025 986 4090 ultra
1003 4047 1087 4110 gens
1111 4048 1141 4088 a.
1159 4062 1202 4073 -
1222 4023 1275 4088 31.
1293 4047 1310 4088 a
1330 4023 1503 4088 Britannia
1524 4045 1595 4088 ser·

360 4134 500 4197 vitutem
529 4155 624 4196 suam
646 4131 797 4220 quotidie
812 4133 906 4202 emit,
936 4131 1086 4220 quotidie
1110 4132 1229 4220 pascit.
1252 4155 1267 4192 a
1284 4169 1326 4180 -·
1347 4129 1401 4195 33.
1416 4130 1596 4218 {loquitur

360 4239 534 4324 Agricola)
560 4271 573 4298 a
592 4238 763 4326 Septimus
778 4262 887 4303 annus
902 4249 966 4309 est.
991 4239 1251 4316 commilitones,
1275 4263 1316 4304 ex
1336 4261 1444 4326 quo...
1464 4238 1595 4303 Britan·

361 4349 450 4414 niam
466 4347 634 4412 vicistis...
656 4345 772 4411 l'inem
787 4347 980 4412 Britanniae
1000 4370 1067 4411 nou
1084 4347 1170 4412 fama
1191 4370 1251 4412 nee
1267 4369 1413 4416 rumore.
1434 4345 1494 4410 sed
1522 4368 1596 4410 cas·

362 4456 422 4520 tris
458 4461 492 4520 et
519 4455 621 4519 armis
643 4463 817 4524 tenemus:
840 4456 977 4519 inventa
995 4455 1169 4519 Britannia
1201 4463 1234 4519 et
1263 4452 1402 4519 subacta
1425 4477 1455 4517 a.
1477 4493 1520 4502 -
1537 4450 1592 4518 38.

361 4563 549 4648 (Agricola)
587 4561 754 4649 praelecto
781 4563 899 4627 elassis
927 4562 1131 4627 circumiebi
1152 4561 1359 4628 Britanniam
1387 4558 1592 4647 praecipit...

361 4669 530 4736 Classis...
558 4669 817 4734 Trucculensem
852 4679 985 4756 portum
1007 4671 1126 4739 tenuit.
1150 4668 1237 4734 unde
1262 4667 1416 4756 proximo
1453 4667 1595 4732 Britan·-

362 4778 436 4841 niae
466 4776 562 4841 litore
595 4775 681 4841 leeto
723 4779 827 4848 iiinni.
860 4777 1016 4843 redierat.
1049 4817 1091 4828 —
1118 4778 1172 4866 39.
1206 4775 1451 4863 (Domitianus)
1500 4773 1591 4861 opti-

364 4907 455 4947 mum
479 4885 714 4972 inpraesentia
740 4884 857 4950 statuit
894 4908 1054 4974 reponere
1088 4884 1261 4963 odium...,
1287 4905 1365 4948 nam
1389 4882 1491 4946 etiam
1522 4890 1595 4946 tum

364 4992 521 5074 Agricola
552 4992 758 5057 Britanniam
780 4992 966 5058 obtinebat.
989 5031 1030 5042 -
1052 4997 1099 5070 to.
1120 4991 1297 5057 Credidere
1321 4988 1473 5077 plerique
1491 4986 1597 5052 liber·
