3709 6234
794 843 988 899 ttettululal:
1490 842 1544 901 317

308 987 333 1068 Ι,
357 1011 406 1053 ia.
431 987 581 1077 Pompeii
610 988 837 1076 Propinqui...
866 987 998 1054 litterae
1023 986 1234 1066 adferuntur,
1257 988 1438 1076 superioris
1458 990 1542 1057 Ger-

305 1095 436 1161 maniae
456 1095 607 1183 legiones
627 1104 724 1183 rupta
745 1095 946 1161 sacramenti
971 1095 1159 1160 reverentia
1183 1096 1420 1183 imperatorem
1438 1098 1540 1164 alium

306 1201 499 1288 flagitare...
516 1240 559 1252 —
583 1202 608 1278 l,
627 1202 679 1289 37.
699 1202 879 1291 (Loquitur
895 1201 999 1288 Otho)
1034 1226 1051 1266 u
1076 1201 1184 1280 Quam
1199 1201 1342 1289 gloriam
1359 1204 1401 1268 ad
1417 1206 1541 1292 princi·

307 1317 422 1397 patum
438 1309 717 1397 attulit(Galha).
734 1310 797 1374 nisi
828 1310 971 1375 occisi...
992 1309 1120 1374 Fonteii
1141 1310 1316 1397 Capitonis
1344 1311 1378 1375 in
1398 1314 1540 1379 Germa-

305 1416 402 1484 nia...
414 1420 430 1482 ?
448 1442 464 1481 n
480 1456 522 1466 -
539 1417 566 1496 Ι,
584 1421 638 1506 49,
657 1418 795 1483 Servius
819 1416 970 1482 Galba...
988 1415 1068 1480 dum
1089 1416 1226 1500 vigebat
1258 1425 1362 1494 aetas,
1402 1420 1539 1486 militari

306 1523 405 1589 laude
431 1525 520 1613 apud
550 1526 749 1590 Germanias
778 1525 901 1591 floruit.
923 1523 1081 1592 -1.50.
1116 1525 1163 1588 l)e
1183 1523 1320 1590 Vitellio
1354 1527 1537 1594 nuntius..

304 1639 383 1698 ante
409 1631 546 1697 caedem
568 1632 697 1698 Galbae
717 1656 932 1721 suppressus,
954 1640 992 1697 ut
1020 1638 1151 1696 tantum
1186 1632 1369 1719 superioris
1398 1636 1538 1700 Germa·

304 1738 378 1804 niae
408 1740 593 1806 exercitum
614 1740 796 1804 descivisse
825 1738 1029 1805 crederetur.
1051 1775 1095 1789 —
1117 1738 1142 1812 Ι,
1167 1740 1220 1803 52.
1246 1738 1356 1804 Aulus
1380 1741 1538 1807 Vitellius

303 1845 496 1912 inferiorem
514 1848 730 1912 Germaniam
751 1847 966 1934 ingressus...
987 1882 1030 1895 -
1049 1845 1074 1918 l.
1087 1845 1139 1911 53.
1153 1848 1201 1916 At
1227 1846 1261 1911 in
1277 1849 1539 1935 superioreGer-

304 1955 414 2019 mania
432 1955 619 2021 Caecina...
638 1954 747 2020 studia
764 1953 908 2019 militum
933 1952 1139 2020 inlexerat...
1160 1955 1336 2041 (Superior
1355 1957 1537 2045 exercitus)

303 2061 379 2128 in...
392 2071 603 2128 sacramento
614 2062 771 2150 (Galbae)
783 2061 918 2126 vexillis
937 2061 1103 2125 inferioris
1114 2061 1315 2127 Germaniae
1331 2073 1536 2151 praeventus

303 2177 385 2235 erat.
416 2209 459 2218 -
488 2194 514 2248 1,
544 2169 597 2235 55.
631 2170 803 2234 lnlerioris
836 2177 947 2234 tamen
974 2169 1175 2234 Germaniae
1209 2169 1360 2257 legiones
1379 2170 1536 2237 sollemni

304 2275 526 2342 kalendarum
544 2278 774 2342 lanuariarum
791 2283 1004 2341 sacramento
1022 2299 1082 2364 pro
1099 2275 1206 2341 Galba
1218 2277 1368 2344 adactae.
1384 2318 1427 2327 -
1447 2279 1533 2351 1.6r.

301 2383 452 2470 Triginta
480 2385 571 2449 milia
603 2384 746 2450 Caecina
780 2408 797 2448 e
827 2383 999 2471 superiore
1015 2384 1195 2449 Germania
1211 2384 1368 2454 ducebat.
1391 2409 1534 2473 quorum

301 2490 404 2556 robur
424 2492 512 2578 legio
527 2492 817 2558 unaetvicensima
833 2492 906 2557 luit.
934 2530 976 2539 -
998 2515 1025 2562 1.
1039 2493 1091 2579 75.
1111 2490 1329 2558 lnsidiatores
1343 2492 1385 2557 ab
1402 2494 1534 2560 Othone

300 2598 334 2662 in
359 2600 587 2675 Germaniam,
623 2625 641 2663 a
661 2598 799 2664 Vitellio
826 2600 859 2663 in
875 2598 994 2663 urbem
1023 2598 1130 2665 missi.
1158 2638 1201 2648 —
1232 2599 1274 2680 ΙΙ,
1302 2601 1350 2665 ι6.
1373 2601 1484 2687 (Corsi
1500 2602 1534 2666 in

299 2705 400 2771 verba
417 2707 544 2772 Vitellii
559 2706 683 2794 adacti)
699 2707 930 2772 intirmitatem
947 2729 1042 2771 suam
1059 2707 1317 2793 reputabant...
1336 2707 1436 2794 longe
1451 2710 1534 2774 Ger-

300 2814 447 2878 maniam
463 2815 619 2901 viresque
635 2814 850 2901 legionum...
874 2853 917 2861 —
933 2812 975 2883 ll.
996 2837 1049 2882 aa.
1067 2813 1240 2879 Turullius
1260 2814 1444 2882 Cerialis...
1463 2817 1532 2904 pri·

297 2921 462 3009 mipilaris
490 2930 523 2986 et
552 2922 715 2986 Caecinae
743 2921 831 2985 haud
859 2920 1001 2998 alienus,
1033 2920 1123 3009 quod
1153 2921 1289 2987 ordines
1302 2922 1531 2989 inGermania

299 3028 452 3094 duxerat.
470 3069 512 3077 -
532 3029 573 3096 ll.
606 3030 659 3116 (iq.
678 3030 881 3094 Batavorum
898 3028 1095 3093 cohortes...
1116 3028 1149 3115 (a
1166 3029 1317 3116 Vitellio)
1342 3030 1375 3094 in
1392 3032 1532 3096 Germa-

297 3135 388 3199 niam
410 3136 582 3206 remissae.
600 3136 801 3224 principium
814 3137 948 3200 interno
959 3134 1060 3200 simul
1075 3143 1282 3225 externoque
1300 3136 1390 3201 bello
1410 3162 1532 3225 paran-

297 3242 387 3307 tibus
402 3242 490 3311 latis.
513 3281 554 3294 -
592 3243 634 3322 ll,
657 3243 710 3330 93.
733 3244 920 3330 Omnisque
942 3242 1109 3308 inferioris
1122 3245 1323 3309 Germaniae
1344 3245 1532 3328 miles(l⁴'a·

296 3349 401 3434 bium)
432 3350 608 3416 l'alcntem
635 3349 883 3422 adsectabatur.
921 3350 1010 3414 unde
1044 3350 1190 3438 primum
1216 3351 1529 3438 creditur(.·tlieno)

297 3457 459 3522 Caecinae
498 3458 580 3521 tides
609 3457 769 3523 lluitasse.
805 3496 848 3505 -
883 3456 925 3533 ll,
944 3482 999 3547 97.
1016 3456 1155 3523 Auxilia
1176 3466 1288 3523 tamen
1302 3458 1531 3544 (Vitelliusle

295 3565 476 3630 Germania
493 3565 733 3653 Britanniaque
749 3574 780 3629 et
799 3564 971 3652 llispaniis
982 3565 1118 3636 excivit.
1141 3566 1291 3652 segniter
1302 3573 1335 3631 et
1351 3567 1531 3631 necessita-

295 3679 363 3737 tem
383 3671 613 3738 dissimulans
638 3711 681 3721 -
706 3672 765 3740 lll.
784 3696 814 3736 a.
836 3672 1051 3738 Antonius...
1069 3671 1320 3737 festinationem
1337 3672 1420 3761 ipsis
1440 3671 1530 3760 (pla,

294 3780 420 3863 vianis)
437 3780 567 3848 utilem.
588 3779 722 3845 l'itellio
748 3779 926 3844 exitiosam
956 3779 1156 3845 disseruit...
1175 3777 1243 3844 Nec
1257 3778 1372 3866 procul
1389 3781 1529 3845 Germa·

295 3887 397 3959 niam.
414 3888 504 3952 unde
525 3888 654 3953 vires..
680 3927 721 3934 —
744 3886 803 3966 lll,
822 3887 876 3951 35.
905 3887 941 3950 ln
959 3886 1175 3951 Germaniam
1195 3886 1373 3974 Alpinium
1388 3887 1529 3953 Monta-

295 4016 375 4059 num
390 3994 595 4083 praesectum
612 3995 759 4059 cohortis
775 3996 823 4079 (in
840 3994 989 4060 exercitu
1005 3994 1214 4081 Vitelliano).
1231 3994 1322 4083 quod
1336 3994 1389 4060 hic
1413 3995 1531 4061 Trevir

291 4103 448 4188 (crath...
468 4104 626 4190 (victores
645 4102 811 4190 Flaviani)
827 4102 976 4168 ostentui
991 4102 1124 4167 misere.
1151 4102 1260 4167 Simul
1281 4103 1445 4169 transitus
1461 4103 1529 4167 Al·

293 4209 385 4296 pium
398 4210 574 4297 praesidiis
594 4210 760 4296 occupati.
788 4218 944 4297 suspecta
971 4209 1164 4288 Germania,
1196 4218 1367 4298 tamquam
1382 4211 1416 4275 in
1434 4208 1528 4274 auxi·

292 4315 374 4382 lium
389 4315 516 4382 Vitellii
545 4317 791 4402 adcingeretur.
810 4356 852 4364 -
874 4316 935 4396 ΙΙΙ,
953 4319 1007 4393 dr.
1025 4316 1166 4402 (Fabius
1180 4316 1321 4405 Valens)
1336 4326 1433 4383 atrox
1452 4341 1529 4383 con·

291 4423 403 4489 silium
424 4425 511 4496 iniit.
529 4434 565 4488 ut
579 4425 722 4513 arreptis
743 4424 886 4489 navibus
905 4425 938 4488 in
958 4447 1206 4513 quamcumque
1235 4433 1365 4513 partem
1396 4424 1526 4490 Narbo·

289 4532 404 4596 nensis
431 4533 622 4618 provinciae
655 4555 812 4616 egressus
847 4529 976 4595 Gallias
1013 4540 1048 4596 et
1074 4532 1243 4597 exercitus
1271 4540 1305 4597 et
1327 4532 1528 4598 Germaniae

289 4647 408 4726 gentes
424 4663 617 4728 novumque
638 4639 762 4704 bellum
792 4639 905 4704 cieret.
929 4676 970 4686 -
997 4638 1056 4712 lll,
1075 4639 1128 4715 (6.
1146 4638 1294 4706 'lurbata
1313 4663 1372 4728 per
1388 4639 1526 4705 eosdem

289 4746 362 4811 dies
398 4745 619 4814 Germania...
664 4785 709 4798 -
746 4747 806 4821 lll,
847 4746 901 4812 62.
945 4746 1139 4812 Pervasisse
1177 4748 1211 4811 in
1232 4746 1431 4813 Germanias
1455 4747 1527 4833 (Vi-

292 4853 419 4919 telliani
461 4850 613 4920 Fabiuml
655 4854 832 4920 l'aleutem
874 4861 907 4919 et
949 4862 1080 4919 veteres
1105 4853 1174 4920 illic
1213 4878 1387 4943 novosque
1425 4879 1525 4921 exer-

289 4962 479 5027 eituscicre
514 4962 695 5027 credebaut
733 5002 774 5011 —
819 4962 878 5036 lll.
920 4985 974 5050 7⁰·
1016 4991 1031 5020 a
1061 4962 1131 5026 lam
1174 4963 1348 5051 llispaniis
1379 4964 1524 5028 Germa-
