3709 6234
781 843 945 899 ctavmvs
1452 844 1503 900 199

265 984 358 1072 gioni
378 984 534 1051 tribunus
550 986 736 1073 Vipstanus
755 983 917 1050 Messalla
932 993 1128 1073 praeerat...
1155 1026 1198 1036 —
1225 985 1285 1067 ΙΙΙ,
1303 1010 1356 1053 ar.
1376 987 1503 1075 (Anto-

265 1092 342 1158 nius
357 1093 508 1175 Primus)
523 1093 642 1159 sistere
658 1094 791 1160 tertiam
807 1093 974 1159 decimam
995 1093 1163 1181 legionem
1183 1094 1217 1159 in
1233 1095 1307 1182 ipso
1320 1096 1395 1161 viae
1421 1096 1503 1161 Pos-

264 1201 389 1267 tumiae
403 1224 525 1287 aggere
536 1201 641 1282 iubet,
663 1203 717 1267 cui
732 1203 847 1267 iuncta
869 1226 887 1267 a
908 1201 1004 1267 laevo
1021 1203 1165 1290 septima
1180 1202 1405 1283 Galbiana...,
1422 1204 1502 1270 dein

266 1308 408 1397 septima
429 1308 615 1374 Claudiana
636 1311 760 1396 agresti
787 1308 918 1375 lossa...
944 1311 1197 1397 praemunita...
1215 1309 1333 1384 -ΙΙΙ,
1354 1336 1407 1401 27.
1432 1313 1503 1376 An-

264 1417 378 1481 tonius
398 1417 533 1504 cingi...
547 1417 675 1481 vallum
695 1441 818 1483 corona
846 1417 1003 1499 iussit...;
1019 1417 1209 1483 dexteriora
1230 1417 1313 1483 valli
1336 1417 1503 1507 (legiones

266 1526 455 1614 sumpsere)
475 1533 597 1591 octava
623 1549 662 1592 ac
688 1527 831 1614 septima
851 1525 1051 1591 Claudiana.
1069 1565 1112 1576 -
1128 1526 1170 1606 V,
1201 1549 1249 1591 ra.
1276 1525 1422 1615 (ludaei)
1443 1550 1503 1615 per

265 1633 441 1698 avaritiam
458 1633 721 1700 Claudianorum
735 1642 925 1721 temporum
940 1640 1055 1720 empto
1071 1633 1141 1699 iure
1158 1633 1331 1699 muniendi
1349 1643 1502 1700 struxere

265 1763 380 1805 muros
394 1740 429 1807 in
444 1764 525 1830 pace
539 1749 712 1831 tamquam
728 1741 770 1807 ad
785 1741 925 1807 bellum.

221 1846 676 1925 (lt.tvn1vs,c.t1‹:snlr.
698 1847 1007 1928 'l'l.cl..tv1›1vs,
1034 1847 1169 1913 DlVVS
1190 1846 1428 1917 CLAVDlVS.
1460 1890 1503 1899 -

270 1980 297 2034 r,
320 1979 347 2020 r.
369 1954 493 2021 Tiberii
507 1957 651 2045 Caiique
666 1964 699 2021 et
715 1955 848 2020 Claudii
864 1978 902 2020 ae
918 1955 1062 2020 Neronis
1074 1979 1127 2021 res
1140 1954 1341 2022 florentibus
1356 1957 1440 2044 ipsis
1459 1956 1502 2023 ob

266 2071 391 2128 metum
408 2063 525 2132 salsae.
542 2104 584 2112 -
605 2089 633 2142 ι,
650 2064 703 2141 54.
728 2064 881 2128 'liberius
900 2063 1099 2151 Drususque
1115 2073 1149 2129 et
1178 2063 1343 2129 Claudius
1371 2072 1405 2132 et
1419 2066 1503 2131 Ger-

263 2171 415 2236 manicus
430 2171 624 2236 adiciuntur
635 2170 824 2259 (sodalibus
840 2170 1089 2255 Augustalibus
1106 2180 1196 2239 sorte
1207 2172 1346 2258 ductis).
1364 2211 1407 2222 -
1418 2172 1451 2252 3,
1468 2195 1500 2240 2.

265 2278 397 2343 Drusus
412 2279 464 2366 (ut
478 2278 614 2343 obviam
626 2279 689 2344 iret
703 2278 874 2343 cineribus
888 2279 1100 2366 Germanici)
1115 2280 1332 2345 Tarracinam
1347 2303 1503 2367 progres-

264 2408 322 2450 sus
337 2392 389 2451 est
406 2408 482 2451 cum
499 2385 641 2452 Claudio
658 2385 759 2451 lratre
771 2384 954 2474 liberisque
966 2386 1173 2466 Germanici,
1191 2388 1248 2476 qui
1271 2388 1305 2451 in
1321 2386 1403 2452 urbe
1433 2386 1503 2452 lue·

264 2501 352 2560 rant.
370 2533 413 2543 —
429 2493 461 2574 3,
474 2493 506 2558 3.
524 2494 669 2559 Matrem
689 2494 874 2558 Antoniam
890 2517 1001 2560 non...
1024 2494 1153 2582 reperio
1166 2493 1237 2560 ullo
1253 2495 1377 2582 insigni
1392 2493 1503 2559 officio

264 2600 415 2666 functam
448 2601 496 2689 (in
530 2601 702 2689 exsequiis
739 2602 962 2688 Germanici),
992 2623 1070 2666 cum
1102 2625 1203 2690 super
1224 2601 1449 2689 Agrippinam
1470 2609 1504 2667 et

266 2710 413 2774 Drusum
428 2716 462 2774 et
479 2708 659 2774 Claudium
683 2709 784 2774 ceteri
804 2731 939 2798 quoque
952 2710 1197 2796 consanguinei
1213 2709 1414 2774 nominatim
1428 2732 1502 2797 per·

264 2817 382 2904 scripti
397 2817 477 2881 sint.
493 2856 537 2865 —
547 2816 579 2897 3,
598 2817 647 2881 18.
661 2815 850 2882 Addiderat
869 2815 1074 2882 Messalinus
1089 2816 1222 2882 Tiberio
1235 2818 1456 2905 ctAugustae
1469 2825 1503 2884 et

263 2924 433 2989 Antoniae
448 2931 482 2989 et
497 2924 706 3012 Agrippinae
732 2924 910 3013 Drusoque
926 2924 970 2989 ob
981 2924 1168 2989 vindictam
1185 2924 1379 2989 Germanici
1388 2932 1502 3012 grates

262 3032 422 3117 agendas,
440 3032 666 3121 omiseratque
679 3031 813 3097 Claudii
827 3032 1047 3097 mentionem.
1067 3032 1110 3097 Et
1131 3030 1353 3097 Messalinum
1365 3032 1502 3121 quidem

264 3137 301 3206 L.
323 3139 499 3227 Asprenas
522 3147 642 3205 senatu
662 3161 776 3204 coram
792 3146 1010 3227 percontatus
1025 3147 1088 3220 est,
1107 3162 1149 3203 an
1161 3139 1310 3227 prudens
1325 3140 1503 3226 praeteris-

262 3253 339 3326 set;
363 3268 400 3310 ac
427 3253 499 3311 tum
524 3246 660 3312 demum
689 3269 812 3311 nomen
840 3246 975 3312 Claudii
995 3245 1205 3335 adscriptum
1235 3254 1297 3313 est.
1320 3285 1363 3295 —
1381 3245 1414 3328 3,
1444 3267 1499 3335 29.

206 3411 210 3417 .
263 3354 429 3419 Adversis
443 3354 565 3419 animis
577 3362 766 3441 acceptum,
784 3355 877 3444 quod
890 3354 960 3420 filio
977 3354 1111 3420 Claudii
1126 3377 1222 3420 socer
1238 3355 1381 3421 Seianus
1397 3352 1501 3418 desti-

261 3470 409 3528 naretur.
425 3502 469 3512 -
481 3464 515 3540 Δ,
532 3462 616 3527 31...
635 3461 768 3542 Suillio,
789 3486 891 3551 quem
907 3463 992 3528 vidit
1008 3486 1155 3552 sequens
1189 3470 1282 3529 aetas
1301 3469 1502 3551 praepoten-

262 3578 342 3647 tem,
360 3569 513 3634 venalem
524 3577 558 3634 et
573 3569 708 3635 Claudii
724 3570 886 3657 principis
897 3571 1045 3636 amicitia
1061 3571 1119 3635 diu
1132 3594 1303 3660 prospere,
1316 3592 1502 3658 numquam

261 3677 347 3744 bene
366 3701 478 3743 usum.
495 3717 539 3726 —
553 3676 586 3756 6,
605 3677 658 3744 32.
678 3679 730 3764 (L.
750 3678 924 3766 Vitellius)
938 3678 1096 3766 regendis
1110 3679 1294 3767 provinciis
1309 3678 1420 3766 prisca
1435 3677 1502 3742 vir·

263 3793 335 3851 tute
350 3785 431 3873 egit.
450 3785 546 3849 Vnde
562 3809 738 3873 regressus
748 3793 783 3851 et
798 3785 978 3851 tormidine
989 3786 1064 3852 Gaii
1082 3786 1248 3868 Caesaris,
1274 3785 1502 3852 familiaritate

262 3892 397 3958 Claudii
415 3900 513 3980 turpe
527 3893 561 3957 in
578 3893 755 3959 servitium
766 3900 959 3964 mutatus...
977 3933 1021 3943 —
1034 3894 1067 3977 6,
1081 3894 1135 3973 46.
1154 3893 1336 3981 (Tiberius)
1361 3892 1502 3959 dubita-

262 4001 311 4066 rit
328 3999 369 4064 dc
393 3999 558 4065 tradenda
586 4023 622 4066 re
654 3999 803 4089 publica,
820 4000 970 4089 primum
984 4002 1074 4067 inter
1102 4009 1286 4089 nepotes...
1319 4001 1431 4067 Etiam
1460 4000 1503 4066 de

262 4107 406 4173 Claudio
421 4107 575 4193 agitanti,
599 4107 689 4197 quod
712 4108 741 4172 is
756 4110 945 4195 composita
970 4116 1080 4176 aetate
1108 4109 1274 4175 bonarum
1298 4109 1422 4175 artium
1443 4131 1502 4173 cu·

263 4214 360 4303 piens
380 4223 463 4289 erat.
495 4216 673 4281 imminuta
693 4239 790 4281 mens
821 4216 894 4281 eius
920 4216 1065 4284 obstitit.
1098 4239 1262 4299 -rr,1.
1294 4217 1503 4305 Adiungitur

263 4322 398 4411 (Suillio
416 4322 543 4387 Valerii
568 4324 711 4389 Asiatici
742 4326 947 4412 accusatori)
965 4324 1163 4392 Sosibius...
1187 4325 1245 4414 qui
1273 4348 1334 4413 per
1355 4324 1502 4412 speciem

263 4430 519 4497 benevolentiae
533 4439 684 4497 moneret
698 4431 877 4497 Claudium
889 4455 1008 4498 cavere
1019 4433 1090 4498 vim
1115 4441 1217 4522 atquc
1238 4455 1320 4520 opes
1341 4430 1501 4521 principi-

262 4539 327 4604 bus
341 4537 533 4606 intensas...
550 4538 714 4605 Claudius
729 4540 813 4604 nihil
829 4539 918 4606 ultra
933 4548 1106 4606 scrutatus
1117 4541 1194 4606 citis
1209 4538 1500 4607 cummilitibus...

265 4645 458 4734 Crispinum
478 4648 637 4735 praetorii
658 4647 865 4734 praelectum
891 4649 995 4714 misit.
1023 4686 1067 4697 -
1091 4673 1140 4729 rr,
1161 4671 1191 4712 2.
1218 4647 1389 4733 (Valerius
1405 4646 1502 4711 Asia·

225 4902 258 5028 P!
275 4901 316 4952 Ti.
338 4882 472 4953 Claudius
492 4904 563 4954 Naro
585 4906 773 4967 Germanicus,
803 4908 843 4957 ri.
873 4907 1004 4956 Claudius
1028 4908 1129 4957 Caesar
1150 4908 1289 4972 Augustus
1313 4904 1501 4956 Germanicus.

248 4996 351 5041 noser..
368 4985 421 5046 752⁴

246 5179 1050 5537 Λ-
