3709 6234
362 866 417 924 654
960 871 1046 926 reru

362 1013 403 1092 Q.
423 1011 620 1079 TEDlVS¹.
641 1038 726 1087 -1,
762 1037 812 1080 ιο.
844 1013 885 1092 Q.
916 1013 1029 1078 Tedii'²
1057 1020 1089 1078 et
1110 1012 1207 1078 Vedii
1245 1013 1409 1079 Pollionis
1440 1013 1545 1079 luxus
1568 1011 1656 1102 (sub

407 1122 563 1208 Augusto
584 1120 762 1210 principe).

361 1227 593 1294 TELAMON.
621 1269 665 1279 —
680 1229 711 1313 3,
739 1227 792 1293 62.
819 1228 952 1317 (Cyprii
965 1228 1197 1294 disseruerunt
1225 1228 1266 1294 de
1281 1228 1434 1310 delubro,
1450 1228 1557 1318 quod)
1575 1228 1657 1294 lovi

406 1336 591 1402 Salaminio
601 1337 738 1416 Teucer,
753 1336 947 1401 Telamonis
964 1336 1070 1424 patris
1084 1336 1133 1400 ira
1146 1335 1329 1425 profugus(
1333 1336 1531 1424 posuisset).

362 1442 613 1510 TELEBOAE.
631 1479 674 1496 ·-
706 1445 737 1522 ά,
767 1443 821 1533 67.
851 1443 999 1509 Graecos
1027 1467 1064 1508 ea
1087 1444 1238 1509 tenuisse
1258 1440 1473 1532 Capreasque
1487 1443 1658 1509 Telebois

409 1551 577 1618 habitatas
592 1551 680 1617 tama
700 1551 815 1617 tradit.

363 1659 377 1686 *
389 1658 427 1724 L.
441 1658 701 1735 TELESlNVS,
716 1682 749 1723 v.
766 1658 957 1725 LVCClVS
974 1657 1231 1724 TELESINVS.

364 1765 537 1833 TBMNll.
552 1768 616 1815 ⁰—
646 1791 676 1847 2,
717 1768 768 1856 47.
794 1767 952 1832 Temnios
975 1766 1097 1856 (levari
1121 1768 1155 1831 in
1175 1766 1444 1855 quinquennium
1458 1764 1654 1852 tributo)...

409 1872 546 1961 placuit.

365 1977 602 2046 TENCTEBI.
628 2019 671 2029 —
701 1981 749 2061 13,
773 1980 826 2047 56.
846 1980 1082 2069 (Ampsivarii)
1115 1981 1305 2062 Bructeros,
1335 1980 1530 2060 Tencteros,
1561 1979 1655 2047 ulte-

411 2087 516 2151 riores
532 2088 633 2153 etiam
653 2090 805 2154 nationes
821 2088 929 2154 socias
959 2087 1048 2153 bello
1076 2087 1255 2154 vocabant.
1292 2088 1451 2178 (Durius)
1476 2088 1653 2156 Avitus...

411 2193 562 2283 legiones
576 2195 610 2260 in
621 2219 739 2285 agrum
752 2197 952 2261 Tencterum
972 2195 1118 2275 induxit,
1136 2195 1304 2261 excidium
1326 2196 1499 2277 minitans,
1518 2196 1553 2262 ni
1568 2219 1653 2262 eau-

413 2324 485 2366 sam
500 2326 597 2367 suam
614 2303 847 2370 dissociarent.
868 2303 976 2390 Igitur
989 2302 1232 2369 absistentibus
1252 2303 1304 2368 his
1325 2303 1398 2391 pari
1419 2311 1511 2368 metu
1536 2311 1653 2369 exter-

410 2410 466 2474 riti
482 2411 676 2478 Bructeri...
686 2411 795 2491 -lv,
805 2436 822 2475 2
832 2436 859 2476 ι.
872 2412 1063 2499 Iunguntur
1074 2411 1238 2499 (Batavis)
1253 2411 1406 2476 Bructeri
1421 2411 1651 2503 Tencterique

411 2519 564 2584 etexcita
590 2519 718 2584 nuntiis
743 2519 923 2584 Germania
944 2519 986 2584 ad
1012 2507 1169 2607 p'raedam
1201 2518 1405 2608 famamque.
1431 2556 1476 2569 -
1499 2517 1558 2596 IV,
1591 2517 1649 2594 64.

411 2624 577 2703 Tencteri,
595 2626 713 2691 Rheno
724 2625 867 2691 discreta
888 2649 985 2714 gens,
1002 2625 1116 2691 missis
1130 2625 1253 2713 legatis
1275 2625 1432 2691 mandata
1461 2625 1551 2713 apud
1564 2647 1650 2689 con-

410 2732 527 2797 cilium
542 2733 846 2822 Agrippinensium
875 2733 931 2799 edi
950 2733 1109 2800 iubent...
1127 2771 1171 2783 -
1192 2733 1249 2814 lV,
1264 2733 1318 2800 65.
1335 2733 1391 2799 Sic
1407 2733 1521 2799 lenitis
1540 2732 1650 2798 Tenc-

411 2840 492 2904 teris
508 2840 610 2928 legati
624 2840 666 2905 ad
682 2840 826 2907 Civilem
842 2840 898 2926 (ab
915 2841 1223 2929 Agrippinensibus
1238 2841 1333 2907 missi
1346 2842 1451 2928 sunt).
1463 2839 1573 2916 -lV‚
1592 2863 1649 2929 77.

412 2946 538 3013 Dextro
554 2970 658 3013 cornu
669 2948 1048 3029 cohortesBatavorum,
1065 2950 1203 3014 sinistro
1219 2948 1370 3014 Bructeri
1381 2948 1648 3036 Tencterique...

410 3054 588 3122 adsiluere.
601 3094 644 3105 -
658 3056 697 3123 G.
725 3056 778 3122 32.
793 3056 944 3122 Proximi
958 3056 1089 3122 Chattis
1104 3063 1232 3123 eertum
1246 3057 1314 3122 iam
1327 3055 1422 3120 alveo
1445 3055 1648 3121 Rhenum...

412 3164 507 3251 Vsipi
524 3187 562 3229 ac
581 3164 734 3230 Tencteri
759 3164 886 3230 colunt.
917 3164 1112 3232 Tencteri...
1144 3165 1311 3254 equestris
1346 3162 1546 3251 disciplinae
1576 3172 1651 3229 arte

378 3339 381 3346 ,
411 3272 633 3360 praecellunt,
648 3295 708 3337 nec
720 3272 825 3336 maior
847 3271 936 3360 apud
952 3270 1092 3338 Chattos
1107 3271 1260 3361 peditum
1272 3271 1347 3336 laus
1356 3294 1457 3359 quam
1473 3269 1653 3336 Tencteris

412 3380 574 3467 equitum.
591 3418 634 3429 —
646 3379 698 3444 33.
717 3380 813 3444 quta
829 3380 1010 3444 Tencteros
1032 3381 1182 3445 Bructeri
1208 3379 1288 3443 olim
1305 3378 1542 3458 occurrebant3
1557 3402 1651 3443 nune

413 3486 603 3552 Chamavos
623 3495 656 3552 et
672 3488 894 3573 Angrivarios
905 3487 1117 3574 immigrasse
1133 3497 1328 3553 narratur...
1353 3524 1397 3536 -
1415 3486 1469 3552 38.
1491 3485 1593 3550 Nunc
1611 3486 1653 3551 de

412 3593 532 3658 Suebis
547 3594 727 3660 dicendum
746 3605 809 3662 est.
832 3618 975 3684 qnorum
994 3618 1060 3659 non
1082 3619 1159 3667 una,
1179 3604 1217 3660 ut
1241 3595 1441 3660 Chattorum
1468 3592 1653 3659 Tenctero-

413 3725 543 3772 rumve.
557 3726 651 3788 gens.

371 3809 504 3874 TENll.
519 3849 561 3858 -
579 3810 608 3888 3,
623 3810 883 3896 61t.(00nsu10s,
910 3835 986 3875 euni
1002 3810 1043 3875 de
1060 3811 1129 3875 iure
1147 3810 1232 3897 asyli
1266 3811 1298 3874 in
1333 3818 1449 3874 senatu
1478 3818 1654 3896 ageretur,

415 3916 661 3998 disseruerunt)
676 3919 798 3982 'l'enios
814 3918 965 3983 eiusdem
983 3918 1185 4006 (Apollinis)
1202 3941 1335 3983 carmen
1351 3917 1569 4005 referreque
1600 3942 1656 3984 sa-

414 4047 507 4088 crare
528 4024 675 4113 Neptuni
691 4026 837 4112 elligiem
851 4025 1035 4113 aedemque
1044 4027 1125 4090 iussi
1143 4026 1251 4091 sint...

404 4282 409 4314 ¹
432 4281 555 4332 l’uosor..
574 4282 792 4330 contestentur
808 4284 918 4328 notatur
933 4297 1040 4331 nomeu.

400 4362 456 4414 911
472 4377 478 4409 :
494 4377 546 4426 qne
573 4361 646 4408 tedii.
676 4361 751 4410 Corr.
777 4362 933 4410 Bhenanus.
956 4389 984 4397 —
1007 4362 1163 4409 «Hominis
1185 4363 1304 4425 alioquin
1331 4362 1425 4425 ignoti,
1439 4361 1539 4410 diversi
1557 4377 1659 4413 sance

371 4443 455 4490 'tedio
484 4443 558 4490 Atro.
585 4443 695 4490 consule
718 4441 871 4504 designato,
893 4442 943 4506 qni
967 4442 1134 4491 conterritus
1154 4443 1235 4491 minis
1264 4443 1387 4507 Augusti
1412 4458 1440 4492 sc
1456 4442 1660 4506 praecipitarit

370 4524 503 4574 «Sueten.
521 4523 620 4572 Oetae..
640 4525 689 4585 27).
707 4522 825 4570 Woltius
842 4524 980 4584 cogitabat
997 4524 1030 4570 de
1046 4524 1238 4572 sehstituendo
1259 4527 1287 4581 Q.
1308 4523 1555 4582 Pedio,0etaviani
1572 4526 1661 4574 cohe-

372 4605 434 4652 rede
451 4605 583 4664 (Surton.,
606 4606 690 4656 tlara,
710 4603 759 4665 83).
786 4605 813 4652 t).
832 4604 957 4660 Matium,
975 4620 1056 4666 quem
1075 4621 1106 4651 ex
1138 4606 1356 4664 Ann.,12,60...
1383 4605 1478 4653 stauos
1494 4606 1618 4667 posthoc
1634 4608 1660 4656 et

376 4685 509 4739 Vedios...,
532 4699 585 4746 quo
613 4689 702 4731 tamen
726 4682 786 4730 loeo
824 4686 955 4745 potentia.
975 4700 1027 4731 non
1050 4686 1129 4732 luxus
1153 4686 1249 4733 horum
1275 4684 1586 4745 virorumsignilicatur,
1614 4688 1661 4737 hie

371 4767 541 4814 snhstitunnt
558 4765 759 4813 Freinshemius
773 4768 799 4811 et
818 4765 949 4826 ttyekius,
961 4766 1098 4813 diversum
1108 4782 1167 4815 esse
1179 4768 1275 4815 volunt
1287 4770 1336 4815 aC.
1346 4767 1442 4824 Metto,
1455 4767 1516 4815 Iulii
1528 4768 1661 4819 Caesaris

371 4848 466 4895 amieo.
481 4848 557 4894 cuius
573 4848 660 4893 exstat
676 4845 790 4907 epistula
808 4847 833 4892 in
851 4846 916 4896 Cie..
930 4846 963 4893 ed
980 4845 1056 4906 snm..
1072 4848 1183 4904 11,28.»
1204 4847 1332 4900 :stiterunt
1347 4875 1370 4883 -
1388 4848 1473 4896 Both:
1491 4850 1522 4906 Q.
1537 4849 1660 4910 Attedit,

371 4943 402 4974 ex
420 4927 519 4981 turen,
546 4927 578 4981 Υ,
598 4927 647 4972 118.
667 4954 694 4960 -
715 4927 878 4982 Hirschfeld,
896 4926 1017 4985 Hermes,
1040 4936 1078 4984 24.
1105 4936 1161 4984 rot:
1180 4931 1208 4986 Q.
1234 4928 1346 4977 t'itelh'i.
1366 4957 1395 4966 -
1418 4929 1573 4979 Mommsen
1604 4947 1664 4999 que

372 5006 437 5056 tedii
452 5008 596 5054 delendum
610 5007 724 5056 censuit.
743 5008 861 5067 itemque
881 5007 1201 5070 Nipperdey-Andresen.
