3709 6234
839 817 930 916 sian
1472 861 1525 917 aar

291 1000 545 1068 audentioribus
561 1003 679 1091 spatiis
688 1001 835 1092 petebat.
852 1042 895 1053 -
912 1004 955 1080 ll.
969 1005 999 1071 5.
1013 1004 1179 1093 (licinius
1194 1004 1386 1094 Mucianus)
1394 1005 1523 1094 Syriae,

291 1109 548 1198 (Vespasianus)
565 1110 707 1176 Iudaeae
720 1112 946 1199 praepositus,
965 1112 1086 1178 vicinis
1101 1113 1351 1200 provinciarum
1363 1111 1526 1179 adminis-
1570 1124 1577 1136 ‘

291 1216 492 1283 trationibus
523 1217 652 1283 invidia
679 1216 896 1285 discordes...
918 1257 964 1270 -
987 1219 1030 1301 ll,
1057 1219 1089 1285 6.
1124 1218 1310 1309 Auditique
1331 1222 1466 1309 saepius
1491 1222 1525 1286 in

290 1325 388 1411 Syria
403 1324 591 1414 Iudaeaque
603 1325 765 1391 Caesares
778 1349 879 1416 quam
895 1327 1040 1414 inspecti
1128 1328 1265 1415 Septem
1287 1327 1438 1415 legiones
1458 1337 1526 1395 sta-

292 1433 352 1497 tim
393 1432 559 1521 (partibus
602 1434 821 1522 Vespasiani)
850 1443 883 1500 ct
924 1457 1002 1500 cum
1039 1434 1234 1522 ingentibus
1267 1435 1402 1500 auxiliis
1430 1436 1527 1523 Syria

293 1542 550 1631 Iudaeaque-
567 1541 609 1621 ll,
634 1566 667 1631 9.
686 1540 823 1626 (balsos
849 1541 954 1628 Nero)
977 1542 1011 1607 in
1030 1543 1234 1608 maestitiam
1262 1544 1470 1631 compositus
1495 1552 1528 1609 et

292 1651 391 1717 {idem
413 1673 549 1715 suorum
571 1648 740 1739 quondam
773 1648 920 1715 militum
945 1650 1120 1728 invocans,
1145 1657 1272 1715 uteum
1301 1650 1334 1716 in
1356 1651 1453 1738 Syria
1470 1661 1528 1718 aut

291 1761 450 1846 Aegypto
470 1757 640 1834 sisterent,
663 1755 793 1822 orabat.
807 1795 850 1844 -Τ
865 1755 909 1834 ΙΙ,
923 1756 977 1845 73.
993 1756 1059 1822 Vix
1074 1756 1235 1823 credibile
1257 1766 1444 1824 memoratu
1461 1767 1525 1841 est,

291 1874 455 1956 quantum
478 1863 654 1953 superbiae
683 1847 924 1952 socordiaeque
946 1864 1082 1931 Vitellio
1116 1863 1315 1948 adoleverit,
1347 1875 1527 1955 postquam

290 1973 550 2062 speculatorese
570 1973 668 2059 Syria
685 1971 873 2060 Iudaeaque
894 1972 1054 2037 adactum
1077 1973 1110 2037 in
1133 1973 1234 2038 verba
1258 1974 1331 2038 eius
1355 1975 1527 2039 Orientem

291 2083 500 2147 nuntiavere.
516 2078 616 2159 -ll,
632 2082 686 2168 74.
702 2079 848 2145 Tertiam
865 2079 1048 2167 legionem,
1065 2080 1156 2168 quod
1175 2104 1192 2146 e
1210 2081 1308 2166 Syria
1322 2081 1355 2144 in
1365 2081 1528 2146 Moesiam

294 2190 481 2263 transisset,
495 2211 590 2254 suam
604 2187 806 2252 numerabat
821 2187 1092 2275 (Vespasianus).
1110 2226 1153 2238 -
1170 2186 1212 2265 ll,
1229 2186 1282 2276 76.
1303 2187 1430 2270 (Verba
1450 2187 1529 2254 lacit

290 2297 379 2385 apud
397 2296 643 2383 Vespasianum
669 2293 860 2383 Mucianus)
883 2323 898 2352 a
917 2294 1019 2360 'ribie
1037 2294 1159 2359 ludaea
1169 2303 1202 2360 et
1210 2295 1308 2383 Syria
1324 2303 1358 2360 et
1370 2297 1528 2384 Aegypto

291 2427 412 2469 novem
428 2402 580 2489 legiones
600 2403 751 2488 integrae
772 2431 801 2467 a.
817 2400 917 2476 -ll,
939 2408 992 2489 78.
1010 2402 1073 2467 Est
1092 2402 1248 2467 Iudaeam
1269 2403 1356 2468 inter
1377 2403 1528 2491 Syriam-

292 2535 356 2601 que
377 2509 554 2575 Carmelus
570 2509 682 2596 (mons
696 2510 905 2598 deusque)...
930 2508 1030 2574 llaud
1049 2508 1151 2575 dubia
1165 2508 1389 2575 destinatione
1404 2509 1529 2576 disces-

290 2642 362 2684 sere
383 2619 561 2684 Mucianus
576 2617 807 2694 Antiochiam,
837 2618 1066 2705 Vespasianus
1081 2618 1280 2682 Caesaream
1294 2638 1302 2694 ;
1315 2616 1372 2682 illa
1397 2619 1526 2694 Suriae,

292 2727 354 2792 hoc
371 2725 514 2792 Iudaeae
528 2732 630 2812 caput
648 2733 711 2791 est.
728 2764 770 2773 —
788 2724 831 2800 ΙΙ,
848 2750 901 2814 79.
913 2724 1071 2790 iudaicus
1086 2725 1254 2790 exercitus
1274 2725 1393 2813 quinto
1422 2748 1530 2790 nonas

294 2834 396 2899 lulias
408 2832 498 2921 apud
507 2832 770 2920 (Vespasianum
782 2832 932 2920 iuravit),
951 2855 990 2897 eo
1005 2831 1138 2914 ardore,
1151 2841 1189 2897 at
1219 2855 1261 2897 ne
1281 2831 1376 2898 Titus
1391 2833 1527 2922 quidem

288 2942 651 3027 liliusexspectaretur‚
661 2939 759 3025 Syria
776 2962 929 3005 remeans
942 2948 976 3004 et
990 2939 1209 3005 consiliorum
1225 2941 1313 3005 inter
1329 2938 1523 3006 Mucianum

291 3072 328 3113 ac
344 3056 473 3137 patrem
491 3045 643 3113 nuntius.
666 3083 708 3094 —
728 3046 769 3123 ll,
792 3046 846 3113 80.
863 3046 956 3111 Nihil
971 3070 1077 3135 aeque
1097 3048 1306 3134 provinciam
1326 3048 1526 3113 exercitum-

290 3180 354 3245 que
366 3155 520 3221 accendit
530 3177 631 3243 quanr
643 3154 733 3242 quod
749 3153 972 3220 adseverabat
982 3154 1159 3220 Mucianus
1168 3155 1328 3220 statuisse
1337 3154 1526 3236 Vitellium,

291 3273 327 3329 ut
342 3262 561 3328 Germanicas
571 3260 724 3347 legiones
743 3261 777 3325 in
787 3262 920 3348 Syriam
931 3262 975 3327 ad
990 3261 1528 3350 militiamopulentamquietam-

289 3396 354 3461 que
375 3369 583 3448 transferret,
602 3378 718 3433 contra
743 3369 892 3455 Syriacis
915 3368 1108 3456 legionibus
1124 3368 1324 3434 Germanica
1343 3368 1525 3438 hiberna...

290 3484 513 3544 mutarentur.
536 3475 915 3544 -11.⁸1.Anteidus
946 3473 1049 3539 lulias
1072 3476 1170 3563 Syria
1196 3476 1307 3540 omnis
1339 3475 1374 3540 in
1407 3476 1525 3541 eodem

290 3592 499 3651 sacramento
515 3583 589 3649 luit.
609 3619 649 3632 -
672 3582 732 3653 ΙΙΙ.
753 3584 806 3659 αά.
821 3581 994 3648 Orientem
1011 3582 1130 3660 solem,
1146 3583 1192 3648 ita
1209 3583 1243 3647 in
1259 3583 1358 3670 Syria
1373 3607 1446 3648 mos
1460 3592 1523 3665 est,

290 3693 423 3760 tertiani
443 3692 643 3757 salutavere.
666 3688 789 3767 -Ν,
817 3690 849 3755 3.
877 3690 1021 3778 Sumpta
1042 3714 1102 3778 per
1126 3690 1256 3755 Gallias
1278 3690 1527 3780 Hispaniasque

289 3801 400 3868 civilia
412 3823 555 3872 arma...,
572 3806 750 3886 postquam
768 3798 977 3885 Aegyptum,
987 3797 1353 3886 IudaeamSyriamque
1367 3807 1528 3866 etomnes

290 3909 479 3998 provincias
500 3907 735 3993 exercitusque
751 3905 989 3971 lustraverant.
1006 3943 1049 3953 -
1063 3903 1121 3988 Ν,
1143 3930 1192 3994 ¹7·
1214 3906 1396 3994 (Loquitur
1422 3906 1528 3973 lulius

290 4016 423 4102 Civilis)
457 4044 472 4073 a
503 4015 676 4079 Servirent
690 4012 788 4099 Syria
806 4012 956 4100 Asiaque
983 4019 1017 4076 et
1037 4020 1153 4077 suetus
1177 4011 1312 4099 regibus
1328 4014 1489 4081 Oriens...
1511 4045 1526 4074 a

288 4165 331 4179 -
349 4123 405 4199 Ν,
424 4122 478 4212 39.
496 4121 606 4185 'l'ertia
626 4119 727 4206 legio.
754 4118 930 4183 familiaris
949 4120 1050 4183 Arrio
1079 4120 1166 4184 Varo
1192 4119 1300 4196 miles,
1332 4121 1367 4185 in
1393 4122 1526 4208 Syriam

289 4232 441 4298 remissa.
454 4267 494 4277 --
513 4228 570 4304 Ν,
588 4228 642 4304 84.
658 4226 810 4291 Seleucia
830 4225 913 4290 urbe
927 4225 1045 4313 Syriae
1067 4226 1212 4292 accitum
1236 4236 1398 4314 regnante
1415 4229 1527 4294 Ptole-

290 4364 396 4414 maeo,
419 4361 519 4427 quem
540 4336 638 4402 tertia
666 4342 758 4399 aetas
789 4333 910 4400 tulit...
928 4334 1022 4413 -V,
1046 4358 1072 4401 1.
1099 4334 1343 4423 (Vespasianus
1363 4337 1523 4402 exercitui

291 4447 440 4531 ludaico)
461 4444 618 4508 addidite
633 4443 731 4528 Syria
751 4441 987 4506 duodecimam
1001 4440 1244 4527 (legionenrl...
1260 4479 1303 4492 -
1320 4443 1359 4518 V,
1387 4468 1413 4509 2.
1438 4444 1525 4510 Sunt

290 4555 347 4643 qui
360 4553 493 4618 tradant
513 4550 675 4637 Assyrios
688 4571 898 4615 convenas..
917 4557 1011 4636 parte
1035 4548 1184 4636 Aegypti
1199 4549 1324 4636 potitos
1344 4573 1423 4615 mox
1444 4574 1527 4638 pro-

291 4662 380 4749 prias
401 4659 499 4723 urbes
512 4658 749 4744 Hebraeasque
771 4664 876 4721 terras
894 4665 927 4721 et
943 4656 1099 4743 propiora
1114 4657 1232 4742 Syriae
1248 4656 1405 4723 coluisse.
1419 4696 1461 4708 -
1483 4659 1524 4738 V,

291 4768 322 4834 a.
344 4765 615 4853 Septentrionem
631 4787 648 4828 c
663 4763 766 4828 latere
778 4763 895 4849 Syriae
905 4761 1006 4849 longe
1021 4770 1240 4850 prospectant
1254 4764 1358 4848 (terra
1377 4767 1527 4854 linesque

291 4873 514 4959 ludaeorum).
536 4871 636 4948 -V,
661 4896 693 4960 9.
718 4869 960 4958 Simoquidam
994 4870 1066 4957 (qui
1096 4868 1186 4957 apud
1213 4870 1371 4956 ludaeos)
1398 4873 1526 4956 regiain

294 5004 416 5056 nornen
431 4980 614 5059 invaserat,
631 5003 648 5042 a
671 4977 835 5058 Quintilio
851 4977 940 5041 Varo
956 4976 1129 5043 obtinente
1156 4976 1288 5076 Syriam
1316 4979 1467 5072 punitus.
1484 5017 1529 5039 -
