3709 6234
894 860 986 915 osrut
1529 857 1581 912 497

342 1008 401 1068 aut
415 1000 653 1067 dubitantibus
668 1002 932 1079 subveniunt...,
946 1002 1105 1080 clamore,
1133 1001 1221 1082 telis,
1238 1002 1336 1090 equis
1360 1008 1579 1079 concurrunt,

343 1109 528 1175 instantius
544 1109 792 1174 Pharasmanes
807 1132 815 1188 ;
839 1132 917 1174 nam
935 1109 1057 1175 vulnus
1069 1132 1129 1197 per
1143 1109 1275 1196 galeam
1296 1109 1420 1196 adegit.

300 1214 573 1282 ORPHEVS.-
589 1217 627 1280 0.
647 1240 697 1283 ια.
717 1240 734 1281 «
750 1218 903 1283 Aureum
918 1216 1132 1284 saeculum...
1150 1216 1259 1303 poetis
1274 1225 1308 1283 et
1321 1215 1457 1283 vatibus
1471 1216 1581 1283 abun-

341 1322 455 1404 dabat,
473 1325 530 1412 qui
564 1324 650 1389 bene
670 1322 759 1389 laeta
779 1332 982 1391 canerent...
1001 1323 1070 1390 Nec
1084 1323 1162 1388 aliis
1188 1331 1248 1390 aut
1262 1323 1370 1411 gloria
1392 1324 1501 1390 maior
1520 1332 1578 1390 aut

342 1432 520 1519 augustior
543 1431 662 1511 honor,
678 1432 827 1519 primum
856 1431 947 1520 apud
980 1430 1120 1511 deos...,
1152 1431 1275 1497 deinde
1299 1431 1389 1520 apud
1422 1431 1500 1496 illos
1528 1432 1581 1496 dis

343 1539 475 1625 genitos
489 1562 670 1627 sacrosque
689 1562 799 1625 reges,
829 1540 918 1604 inter
941 1562 1027 1627 quos
1071 1539 1242 1604 neminem
1266 1522 1486 1617 causidicum,
1521 1539 1581 1604 sed

343 1645 477 1733 Orphea
493 1654 527 1712 et
541 1646 665 1711 Linum
684 1669 765 1712 ao...
782 1646 894 1733 ipsum
909 1645 1108 1733 Apollinem
1124 1646 1329 1733 accepimus.
1350 1675 1366 1706 »

300 1754 311 1776 ’
336 1751 597 1830 OllPllllllVS,
617 1752 856 1832 OllPlllTVS,
876 1777 909 1819 v.
934 1752 1385 1830 (lllFlDlVS,01ll·'lTVS.

298 1859 515 1925 ORTYGIA.
535 1859 622 1936 -3‚
645 1860 700 1925 61.
721 1860 901 1947 Ephesii...
918 1867 1188 1927 memorantes...
1212 1881 1288 1925 esse
1303 1860 1394 1949 apud
1422 1883 1457 1925 se
1491 1859 1580 1926 Cen·

341 1967 471 2032 chrium
487 1990 633 2046 amnem,
654 1968 769 2032 luoum
781 1968 958 2055 Ortygiam
976 1968 998 2045 ¹,
1017 1966 1075 2033 ubi
1096 1968 1303 2034 Latonam...
1321 1967 1469 2034 edidisse
1482 1969 1580 2055 (Dia-

341 2095 420 2139 nam
444 2083 478 2140 et
497 2074 720 2163 Apollinem).
772 2083 774 2088 '

297 2180 449 2247 OSCVM
466 2180 717 2249 LVDlCllVlll.
737 2221 778 2231 -
794 2185 825 2259 ,4,
853 2186 902 2260 ιά.
925 2181 1110 2269 (Tiberius)
1140 2181 1264 2247 Caesar
1296 2182 1338 2247 de
1366 2181 1579 2248 immodestia

339 2289 541 2354 histrionum
558 2289 729 2355 rettulit...
740 2342 747 2359 ,
759 2291 884 2354 (lscum
901 2290 1072 2378 quondam
1088 2288 1268 2367 ludicrum,
1282 2290 1474 2355 levissimae
1489 2290 1580 2378 apud

338 2397 479 2481 vulgum
494 2396 743 2471 oblectationis,
761 2419 800 2461 eo
815 2398 1021 2484 flagitiorum
1034 2405 1068 2463 et
1082 2397 1205 2462 virium
1219 2397 1366 2478 venisse,
1384 2406 1421 2463 ut
1431 2397 1577 2463 auctori-

341 2511 409 2569 tate
420 2512 553 2591 patrum
569 2505 792 2569 coercendum
809 2505 864 2570 sit.

297 2611 309 2634 *
333 2609 487 2690 OSCVS,
505 2635 538 2675 v.
557 2610 781 2677 MOSCHVS.

294 2716 482 2785 ost-(J.
502 2722 555 2784 28.
574 2719 694 2785 Vtrum
706 2718 862 2784 Aravisci
882 2718 916 2783 in
942 2719 1151 2783 Pannoniam
1177 2717 1219 2783 ab
1244 2718 1322 2784 Osis
1333 2718 1385 2786 ⁹...
1402 2742 1444 2784 an
1460 2720 1521 2785 Osi
1533 2718 1576 2784 ab
1681 2791 1690 2810 ⁸

337 2825 511 2890 Araviscis
530 2827 565 2890 in
576 2827 794 2892 Germaniam
807 2826 1160 2910 commigraverint...,
1177 2826 1344 2891 incertum
1376 2834 1439 2893 est.
1456 2865 1501 2878 -
1518 2826 1574 2904 43.

337 2932 440 2997 lletro
455 2933 631 3020 Marsigni,
651 2934 777 3012 Cotini,
800 2932 871 3010 Osi,
888 2934 969 2998 Buri
983 2940 1077 3020 terga
1105 2932 1403 2999 Marcomanorum
1437 2933 1575 3012 Quado-

336 3063 478 3127 rumque
503 3040 706 3107 claudunt...
739 3042 826 3105 (lsos
860 3041 1055 3108 Pannonica
1084 3039 1200 3127 lingua
1225 3041 1379 3128 coarguit
1404 3063 1472 3105 non
1498 3063 1572 3106 esse

334 3145 534 3221 Germanos,
557 3156 591 3213 et
604 3148 696 3235 quod
716 3147 842 3213 tributu
857 3148 1046 3235 patiuntur.

292 3252 451 3320 OSllllS.
469 3253 653 3333 -1V‚8.t.
673 3257 780 3320 Deum
801 3256 915 3343 ipsum
929 3255 1118 3342 (Serapin).
1130 3305 1151 3320 ..
1169 3255 1308 3343 quidam
1324 3253 1451 3331 Osirin,
1482 3254 1569 3319 anti-

333 3362 536 3449 quissimum
555 3362 624 3426 illis
639 3362 800 3448 gentibus
815 3386 983 3428 numen...
1000 3363 1103 3448 (esse)
1123 3363 1324 3427 coniectent.
1484 3386 1486 3389 ⁴

290 3467 434 3533 OSTIA.
470 3508 514 3519 -
544 3493 575 3544 2,
598 3473 652 3546 to.
684 3469 820 3558 lamque
849 3470 981 3534 Ostiam
1005 3470 1176 3535 invectum
1207 3468 1345 3555 (falsum
1383 3468 1570 3554 Agrippam

334 3575 551 3654 Postumum)
566 3575 749 3641 multitudo
764 3578 883 3662 ingens
901 3574 1134 3661 (celebrabat).
1160 3613 1203 3626 -
1234 3601 1284 3648 rr,
1308 3576 1360 3640 26,
1386 3575 1454 3640 Nec
1483 3573 1570 3640 ultra

331 3691 539 3769 exspectato.
563 3706 665 3771 quam
681 3685 761 3748 dum
777 3684 933 3748 sacriticii
952 3684 1061 3769 gratia
1082 3682 1244 3748 Claudius
1273 3683 1403 3746 tlstiam
1420 3683 1570 3768 proticis-

331 3799 503 3854 ceretur...
518 3829 563 3840 -
582 3816 589 3853 ι
604 3815 632 3864 r,
648 3816 700 3878 29·
721 3790 836 3874 Longa
851 3789 941 3877 apud
954 3790 1086 3855 Ostiam
1094 3788 1248 3854 Caesaris
1264 3812 1369 3854 mora.
1383 3828 1426 3840 -
1445 3812 1494 3868 rr,
1513 3790 1566 3854 31.

331 3895 458 3961 Ferunt
473 3898 623 3962 Vettium
634 3897 810 3962 Valentem
827 3897 964 3961 lascivia
976 3898 1011 3961 in
1028 3896 1213 3984 praealtam
1230 3895 1384 3960 arborem
1400 3896 1566 3973 conisum,

331 4004 619 4089 interrogantibus
635 4005 716 4092 quid
732 4005 910 4091 aspiceret,
928 4004 1143 4091 respondisse
1163 4010 1399 4091 tempestatem
1414 4001 1456 4067 ab
1473 4004 1567 4069 Ostia

329 4119 487 4189 atrocem,
511 4112 580 4176 sire
596 4120 754 4198 coeperat
769 4135 808 4175 ea
828 4111 969 4198 speeies,
986 4134 1045 4175 seu
1065 4111 1150 4176 sorte
1170 4111 1266 4197 lapsa
1288 4134 1354 4176 vox
1379 4110 1413 4174 in
1434 4133 1567 4196 praesa-

327 4218 421 4303 gium
440 4221 606 4283 vertit-
628 4220 676 4290 15,
696 4219 749 4307 39.
768 4219 866 4303 (Post
878 4219 1004 4283 llomae
1015 4218 1223 4305 incendium)
1236 4218 1455 4296 subvecta...,
1468 4226 1566 4283 uten-

326 4324 401 4389 silia
417 4324 458 4389 ab
477 4326 572 4391 tlstia
593 4334 626 4389 et
641 4326 840 4413 propinquis
855 4326 1060 4412 municipiis.
1079 4363 1122 4375 -
1151 4323 1202 4404 16,
1224 4350 1256 4412 9.
1292 4324 1441 4402 Silanus,
1479 4332 1565 4390 tam-

324 4455 425 4520 quam
441 4433 574 4498 Naxum
591 4432 825 4510 deveheretur,
845 4431 976 4497 Ostiam
992 4440 1168 4497 amotus..
1185 4471 1229 4480 -
1252 4433 1294 4500 ll.
1318 4432 1371 4498 63.
1404 4431 1564 4496 Plancius

324 4540 434 4604 Varus
451 4550 606 4627 praetura
627 4542 775 4617 l'unctuS,
794 4564 834 4605 ex
853 4540 982 4604 intimis
1004 4538 1180 4623 (Cornelii)
1214 4539 1409 4605 Dolabellae
1430 4539 1560 4610 amicis,

317 4890 323 4921 ¹
344 4889 370 4939 m
388 4905 393 4938 ι
410 4891 549 4954 ortigiam,
572 4894 679 4944 Strabo.
698 4901 734 4951 rt.
751 4909 770 4951 r,
784 4906 832 4941 20:
850 4887 865 4954 i,
883 4891 1010 4958 Ὀρτυγία,
1029 4891 1117 4939 l'aus..
1131 4907 1155 4952 7,
1170 4892 1193 4943 5.
1215 4906 1261 4940 ro:
1280 4891 1322 4955 τὴν
1341 4891 1484 4957 'Ops-ariae.

315 4969 450 5022 ²180:
468 4988 482 5018 a
502 4973 568 5021 boiis
585 4976 618 5037 (Β
630 4978 654 5022 in
676 4990 758 5034 ruam.
777 4992 781 5023 :
801 4973 875 5022 asian.

346 5075 424 5125 Uarr.
442 5091 475 5124 nn
494 5079 577 5134 Laos.
592 5110 621 5119 -
641 5085 722 5131 rnen
1451 5079 1483 5127 3?

244 5415 457 5501 Β.
