3709 6234
289 845 323 912 r
843 858 1021 911 rusciano

291 992 472 1066 constant,
508 982 546 1053 in
576 983 715 1078 eisquc,
748 993 786 1051 ut.
820 993 1009 1080 parerat,
1047 980 1281 1080 propriorum
1310 979 1564 1051 tantummodo

290 1098 482 1169 nominum
511 1097 706 1169 lectionem
724 1097 881 1195 respexi.
905 1098 1075 1169 Alterum
1104 1123 1220 1192 genus
1245 1108 1311 1175 est.
1335 1123 1418 1168 cum
1450 1096 1565 1167 libro-

289 1239 370 1285 rum
387 1213 631 1311 quorumdam
649 1213 750 1284 locos
764 1212 1028 1300 demonstravi,
1047 1213 1110 1311 qui
1127 1214 1230 1311 plura
1247 1214 1291 1286 de
1312 1240 1350 1284 re
1373 1213 1429 1284 rel
1445 1213 1565 1284 {roim-

288 1356 334 1402 ue
354 1327 629 1426 requirentibus
645 1328 864 1427 inspiciendi
881 1340 1025 1418 essent;
1058 1329 1340 1429 praecipueque,
1376 1330 1438 1401 ubi
1468 1330 1565 1400 idem

289 1471 423 1518 nomen
447 1455 524 1516 erat
539 1444 682 1517 duabus
696 1445 913 1543 pluribusve
932 1446 1112 1544 pcrsouiS,
1130 1473 1279 1544 operam
1296 1446 1394 1534 dedi,
1418 1473 1462 1517 ue
1479 1473 1566 1517 cou-

287 1562 382 1633 t'usio
396 1562 598 1633 exsisteret.
620 1560 782 1632 Tertium
797 1588 912 1658 genus
932 1574 999 1638 est,
1018 1562 1161 1659 quoties
1177 1562 1292 1634 Taciti
1322 1562 1439 1661 capita
1476 1589 1565 1633 cnu-

287 1679 438 1763 mcravi‚
456 1678 493 1749 in
516 1676 666 1776 (piibus,
689 1677 757 1749 etsi
774 1703 847 1748 nou
869 1678 1021 1776 proprio
1041 1679 1190 1750 nomine
1207 1678 1394 1773 designata
1422 1690 1476 1751 est
1509 1705 1566 1749 res

287 1796 345 1866 rel
359 1820 528 1894 persona,
548 1794 592 1865 de
614 1820 654 1864 ca
672 1805 794 1865 tamen
816 1794 950 1889 agitur.

338 1912 463 1984 Restat
483 1921 522 1982 ut
537 1910 713 1981 disseram
734 1909 778 1980 de
795 1909 937 1996 ordine,
961 1935 1070 2007 quem
1086 1910 1123 1981 in
1143 1911 1312 1982 universo
1328 1938 1438 2009 opere
1455 1922 1565 2007 atquc

287 2027 323 2100 in
340 2026 495 2123 singulis
511 2024 677 2124 partibus
693 2025 960 2124 componendis
980 2027 1094 2097 tenui.
1114 2071 1160 2080 —
1190 2027 1306 2123 igitur
1336 2027 1564 2122 singularum

286 2145 445 2244 partium
463 2144 552 2214 baec
573 2154 626 2213 est
641 2142 880 2214 constructio.
899 2142 1010 2214 Initio
1031 2169 1167 2215 uomen
1189 2144 1404 2241 inscriptum
1422 2154 1473 2213 est
1508 2143 1564 2214 rel

287 2260 437 2332 nomina
455 2285 461 2339 ;
481 2285 589 2356 saepe
610 2257 707 2329 cuim
725 2259 872 2330 'l‘acitus
901 2258 1067 2330 eamdem
1098 2287 1189 2342 rem,
1226 2261 1438 2358 saepissime
1463 2286 1565 2330 eum-

286 2377 369 2448 dem
386 2376 573 2447 bominem
592 2374 702 2445 variis
721 2375 933 2447 nominibus
949 2376 1007 2447 rel
1022 2377 1121 2447 varia
1138 2377 1351 2447 eorumdem
1371 2376 1564 2446 nominum

287 2491 546 2565 coniunctione
562 2490 739 2584 ctesignat.
758 2492 877 2573 Quam
899 2492 1110 2564 varietatem
1132 2492 1168 2562 in
1206 2493 1364 2590 partium
1410 2492 1565 2592 inscrip-

287 2608 451 2682 tionibus
470 2607 665 2703 ditigentcr
679 2607 855 2705 expressi.
880 2607 967 2679 Loci
983 2617 1106 2679 autem
1123 2608 1151 2678 T
1153 2607 1259 2679 acitci
1281 2609 1328 2679 ita
1345 2609 1438 2679 alius
1452 2608 1562 2680 alium

286 2724 488 2823 excipiunt,
508 2733 546 2793 ut
561 2722 670 2820 primi
691 2722 893 2820 procedant
908 2723 969 2820 qui
988 2750 1031 2795 ex
1066 2724 1295 2798 Antiatibus.
1326 2725 1382 2794 his
1403 2725 1561 2822 proximi

287 2840 412 2937 quiex
433 2838 613 2910 Historiis
628 2848 708 2908 suut
732 2840 908 2937 excerpti,
927 2851 1071 2912 servato
1092 2840 1285 2938 utriusque
1306 2842 1429 2938 operis
1451 2841 1564 2912 libro-

287 2982 369 3028 rum
387 2953 517 3027 ordine
533 2964 641 3051 atque
658 2952 840 3030 ¹trabieis.
860 2981 953 3052 quos
971 2982 1155 3040 vocamus,
1175 2958 1338 3028 iuimcris
1354 2957 1563 3027 Antiatium

288 3072 414 3158 libros,
432 3070 689 3141 Historiarum
707 3068 883 3141 Romanis
903 3071 1209 3167 significantibus.
1230 3057 1445 3169 Sequuntur
1460 3074 1564 3145 dein-

288 3214 373 3286 ccps
384 3189 585 3282 fragmenta
602 3185 855 3257 Historiarum
871 3187 907 3277 (t
916 3188 951 3265 '),
973 3189 1170 3260 Germania
1183 3200 1198 3274 (
1201 3192 1214 3253 t
1217 3193 1231 3256 ι’
1241 3205 1263 3280 t,
1284 3191 1313 3257 .t
1320 3189 1463 3284 qri'cota
1475 3211 1484 3272 t
1495 3247 1505 3258 ,
1515 3191 1525 3257 t
1532 3199 1560 3279 ).

288 3303 561 3400 Diatoqusffl).
592 3344 638 3353 -
672 3302 779 3383 Quod
800 3302 843 3372 ad
868 3302 979 3373 totius
1009 3304 1236 3375 Onomastici
1267 3304 1563 3374 distributionem

288 3420 446 3519 pertinet
468 3417 750 3489 nonsatiscsset
787 3417 1025 3495 dcclaratum.
1057 3420 1086 3490 si
1123 3419 1376 3490 tantummodo
1403 3420 1561 3490 dicerem

288 3535 437 3607 nomina
462 3533 666 3604 secuudum
689 3533 890 3631 primarum
908 3534 1113 3606 litterarum
1131 3535 1262 3606 seriem
1283 3535 1448 3606 ordinata
1469 3562 1559 3607 csse.

289 3652 455 3747 Namque
487 3649 653 3731 varietas
686 3648 790 3719 cuius
811 3675 921 3747 supra
951 3650 1175 3721 mentionem
1210 3651 1292 3722 feci.
1331 3651 1439 3721 ctiam
1475 3650 1558 3721 alias

288 3766 465 3865 quasdam
486 3765 629 3859 regulas
648 3764 892 3836 desiderabat.
918 3765 960 3836 In
982 3767 1206 3839 collocandis
1223 3766 1448 3846 bominibus,
1471 3793 1556 3862 quen

290 3882 594 3956 raricnominarit
613 3881 863 3960 'tacunarum
878 3882 964 3952 mibi
981 3882 1198 3980 praescripsi
1211 3883 1554 3978 legemur{quorun

288 3999 516 4096 gentilicium
542 3994 677 4068 alicubi
703 3995 944 4074 adhibuisset.
974 3999 1027 4068 cis
1057 3998 1178 4068 locum
1208 3999 1396 4093 gentilicio
1430 3998 1551 4069 dctini-

290 4126 365 4187 tum
393 4114 618 4190 tribuerem:
652 4137 809 4208 quorum
841 4112 1062 4208 cognomina
1094 4123 1233 4184 tantum
1265 4115 1320 4184 rel
1356 4114 1549 4212 praeuomi

289 4259 333 4302 ua
373 4241 405 4302 et
427 4229 645 4326 cognomina
668 4226 906 4314 adhibuisset,
932 4254 1059 4298 corum
1087 4255 1400 4326 uimmqucmque,
1421 4232 1547 4302 etiams

287 4347 435 4419 aliunde
462 4356 588 4416 notum
620 4355 710 4414 essct
751 4343 993 4438 gentilicium,
1026 4345 1226 4416 secundum
1258 4373 1463 4440 cognomen
1507 4373 1545 4417 re

287 4462 548 4558 cognominum
573 4460 742 4530 usitatius
775 4458 1100 4530 usitatissiimum'e
1120 4461 1365 4557 disponerem.
1391 4468 1543 4533 Attamc:

287 4662 403 4722 plentur.
423 4659 455 4706 lli
474 4663 537 4706 suut
552 4671 664 4719 operum
684 4656 814 4702 maiorum
831 4656 913 4702 coctu
925 4671 947 4703 s.
962 4682 991 4690 -
1009 4654 1037 4702 ln
1056 4656 1215 4704 Gerurauiac
1231 4658 1394 4705 lectionibus
1411 4659 1538 4706 alferi-udi

285 4741 351 4790 A:
369 4738 514 4787 Vaticanus
540 4739 606 4797 iae»,
626 4737 644 4786 Β
665 4755 695 4780 .-.
717 4737 853 4783 laudunus
880 4736 992 4783 l¹outuni
1018 4738 1076 4783 sire
1103 4738 1306 4786 i'criaouiamis:
1328 4740 1347 4788 C
1366 4759 1395 4782 τ.
1417 4740 1539 4787 Vaticani

289 4822 356 4869 1518.
371 4848 398 4855 —
423 4821 450 4867 In
471 4818 612 4882 Aqrirota.
633 4819 654 4868 Α
676 4836 704 4860 .--
727 4816 875 4863 Vaticanus
898 4816 976 4878 3429:
995 4817 1015 4867 B
1036 4837 1065 4860 -:
1085 4818 1230 4865 Vaticanus
1247 4819 1316 4878 1498.
1335 4846 1365 4855 -
1387 4820 1414 4866 tu
1439 4820 1536 4882 Diatoq

287 4901 351 4950 A:
366 4901 512 4949 Vaticanus
530 4901 605 4958 1⁸623
621 4899 641 4947 Β
659 4912 687 4943 z
708 4897 845 4944 beidcusis
864 4896 1065 4956 t'crizonianus3
1081 4897 1101 4949 c
1118 4918 1147 4941 :
1166 4899 1346 4946 1⁴'arnrsianus
1365 4900 1421 4945 sire
1439 4900 1536 4962 Ncupo]

287 4985 378 5030 tanus:
397 4999 409 5028 a
427 4980 443 5026 b
459 4996 471 5026 r
488 4979 658 5040 :quidquid
675 4977 708 5024 ab
723 4977 805 5024 ultera
823 4992 902 5023 inauu
919 4979 945 5023 in
963 4978 984 5027 Α
1001 4977 1021 5027 Β
1038 4981 1056 5028 C
1073 4982 1205 5028 mutatum
1222 4985 1272 5026 cst.
