3709 6234
769 910 943 964 lanterna
1465 909 1500 965 37

259 1036 496 1103 claritudinem
515 1036 684 1102 credebat.
702 1035 772 1101 Nec
787 1034 906 1117 torma,
923 1041 1028 1115 aetas,
1047 1058 1128 1124 opes
1148 1034 1295 1099 multum
1310 1034 1499 1117 distabant;

259 1153 295 1211 et
321 1152 467 1235 utraque
499 1144 680 1233 impudica,
716 1142 865 1221 infamis,
898 1142 1088 1209 violenta...
1121 1142 1302 1208 Enimvero
1331 1149 1500 1208 certamen

260 1253 477 1331 acerrimum,
500 1254 603 1319 amita
626 1252 740 1342 potius
759 1275 802 1317 an
830 1258 938 1317 mater
957 1250 1048 1339 apud
1074 1250 1243 1316 Neronem
1276 1250 1497 1341 praevaleret.

260 1361 348 1427 Nam
376 1360 504 1450 Lepida
531 1360 772 1427 blandimentis
805 1383 843 1425 ac
874 1358 1113 1447 largitionibus
1151 1359 1333 1425 iuvenilem
1349 1359 1500 1424 animum

259 1468 486 1550 devinciebat,
508 1469 594 1534 truci
622 1476 738 1534 contra
776 1491 814 1533 ac
845 1467 969 1532 minaei
998 1466 1199 1555 Agrippina,
1222 1489 1306 1556 quae
1335 1466 1403 1532 tilio
1421 1467 1500 1532 dare

260 1576 453 1665 imperium,
469 1575 614 1643 tolerare
628 1576 877 1665 imperitantem
891 1573 1064 1662 nequibat.
1079 1610 1121 1622 —
1139 1574 1251 1655 12‚65.
1262 1574 1354 1640 Mors
1374 1574 1499 1641 indicta

258 1684 443 1771 (Domitiae
464 1684 634 1773 Lepidae),
659 1683 803 1749 multum
835 1683 1037 1748 adversante
1075 1681 1245 1765 Narcisso,
1262 1684 1318 1771 qui
1340 1683 1500 1773 Agrippi-

260 1814 340 1856 nam
356 1791 465 1879 magis
480 1792 656 1881 magisque
677 1799 878 1881 suspectans
897 1791 1105 1880 prompsisse
1125 1791 1213 1858 inter
1227 1793 1401 1880 proximos
1418 1794 1499 1860 lere-

258 1897 400 1965 batur...
423 1899 470 1964 ita
492 1899 533 1964 de
553 1923 590 1965 se
609 1900 767 1966 meritum
792 1900 986 1978 Caesarem,
1003 1904 1042 1963 ut
1055 1899 1161 1964 vitam
1174 1900 1250 1965 usui
1274 1900 1347 1965 eius
1362 1900 1499 1990 impen-

257 2006 366 2072 deret.
383 2046 427 2057 -
452 2031 502 2088 12,
520 2006 574 2073 66.
596 2007 799 2097 Agrippina,
824 2006 962 2073 sceleris
988 2005 1070 2071 olim
1086 2014 1176 2073 certa
1207 2013 1241 2073 et
1257 2007 1391 2073 oblatae
1404 2031 1499 2075 occa-

259 2115 365 2180 sionis
380 2138 522 2204 propera
542 2138 603 2181 nee
619 2114 851 2180 ministrorum
864 2138 981 2203 egens,
998 2115 1040 2180 de
1059 2139 1183 2203 genere
1203 2116 1325 2181 veneni
1339 2116 1498 2203 (Claudio

259 2222 380 2310 dandi)
398 2222 617 2289 consultavit.
646 2263 689 2272 —
727 2247 776 2299 m,
809 2222 863 2311 67.
897 2204 1067 2289 Exterrita
1096 2224 1285 2312 Agrippina
1299 2231 1343 2304 et,
1362 2225 1497 2314 quando

258 2330 380 2397 ultima
400 2330 617 2412 timebantur,
636 2339 749 2420 spreta
767 2331 996 2419 praesentium
1015 2331 1141 2397 invidia
1160 2332 1332 2419 provisam
1352 2332 1419 2397 iam
1435 2332 1498 2398 sibi

259 2438 495 2527 Xenophontis
510 2438 631 2504 medici
645 2439 887 2505 conscientiam
907 2438 1057 2505 adhibet.
1084 2478 1127 2488 —
1151 2463 1201 2519 12,
1218 2439 1271 2506 68.
1294 2440 1495 2528 Agrippina,

260 2544 354 2612 velut
368 2546 482 2612 dolore
493 2546 600 2612 evicta
616 2554 648 2612 et
660 2546 782 2612 solacia
796 2546 1011 2635 conquirens,
1025 2553 1139 2612 tenere
1153 2546 1311 2635 amplexu
1327 2548 1497 2613 Britanni-

258 2677 394 2734 cum...,
417 2677 458 2719 ne
478 2653 633 2720 cubiculo
666 2644 891 2742 egrederetur.
913 2692 956 2703 -
978 2678 1027 2734 12,
1067 2652 1122 2742 69.
1159 2653 1343 2722 Claudio...
1371 2655 1497 2722 funeris

259 2761 426 2828 sollemne
441 2763 579 2852 perinde
603 2787 641 2828 ae
663 2764 749 2829 llivo
769 2763 928 2850 Augusto
944 2761 1144 2845 celebratur,
1166 2763 1357 2829 aemulante
1370 2766 1496 2853 Agrip·

259 2870 337 2958 pina
374 2870 531 2960 proaviae
560 2871 675 2936 Liviae
713 2870 1010 2958 magnificentiam.
1045 2908 1089 2918 —
1127 2870 1176 2951 13,
1218 2894 1244 2936 r.
1268 2871 1381 2936 Prima
1408 2895 1495 2937 novo

257 2978 449 3067 principatu
463 3001 553 3042 mors
573 2978 660 3044 lunii
675 2978 780 3044 Silani
800 2976 1014 3066 proconsulis
1030 2979 1132 3044 Asiae
1148 2978 1266 3066 ignaro
1285 2979 1418 3044 Nerone
1437 3004 1496 3068 per

256 3084 373 3152 dolum
413 3084 622 3173 Agrippinae
659 3093 835 3173 paratur...
867 3086 1057 3174 Agrippina
1088 3086 1181 3152 tratri
1209 3087 1280 3152 eius
1319 3088 1357 3153 l..
1380 3087 1494 3154 Silano

257 3217 373 3260 necem
392 3192 511 3259 molita
526 3192 672 3259 ultorem
702 3194 915 3261 metuebat...
938 3194 1007 3260 Nec
1035 3195 1147 3260 minus
1162 3203 1340 3284 properato
1359 3196 1494 3262 Narcis-

257 3325 316 3367 sus
349 3300 485 3368 Claudii
529 3299 688 3382 libertuS,
722 3303 762 3367 de
800 3301 896 3367 cuius
928 3302 1046 3392 iurgiis
1079 3303 1243 3368 adversus
1267 3303 1492 3392 Agrippinam

256 3408 385 3490 rettuli,
410 3409 494 3476 ...ad
514 3416 657 3474 mortem
684 3410 807 3496 agitur.
825 3448 869 3461 -
893 3410 943 3488 13,
963 3435 993 3477 2.
1028 3410 1207 3477 Certamen
1222 3411 1358 3501 utrique
1372 3413 1494 3498 (Burro

257 3525 291 3584 ct
309 3516 473 3603 Senecae)
491 3540 597 3581 unum
613 3525 683 3583 crat
705 3524 823 3582 contra
846 3517 1002 3583 ferociam
1019 3517 1239 3606 Agrippinae,
1260 3541 1345 3605 quae
1364 3520 1495 3585 eunctis

256 3626 364 3692 malae
412 3624 654 3692 dominationis
694 3625 910 3714 cupidinibus
944 3627 1132 3714 flagrans..
1167 3625 1348 3713 Propalam
1382 3635 1495 3695 tamen

256 3757 374 3800 omnes
386 3733 421 3797 in
441 3755 514 3798 eam
543 3732 688 3797 honores
703 3732 974 3799 cumulabantur.
992 3773 1036 3783 —
1056 3733 1104 3809 13,
1128 3736 1159 3799 5.
1182 3733 1333 3801 Multa...
1356 3735 1494 3802 arbitrio

255 3849 395 3908 senatus
419 3839 602 3906 constituta
640 3848 777 3920 sunt...,
813 3864 855 3905 nc
881 3840 1070 3928 designatis
1099 3841 1336 3929 quaestoribus
1374 3843 1494 3910 edendi

254 3950 460 4038 gladiatores
484 3949 668 4015 necessitas
686 3956 787 4015 esset.
803 3949 901 4028 Quod
921 3949 1058 4039 quidem
1074 3949 1272 4016 adversante
1292 3952 1492 4040 Agrippina,

257 4067 431 4146 tamquam
451 4063 525 4122 acta
536 4056 669 4122 Claudii
679 4054 968 4134 subverterentur,
982 4056 1156 4123 obtinuere
1167 4066 1290 4145 patres,
1306 4098 1349 4108 -
1373 4059 1424 4136 13,
1442 4060 1491 4127 13.

256 4165 323 4232 Sed
353 4164 543 4252 Agrippina
562 4163 718 4229 libertam
738 4163 918 4245 aemulam,
955 4187 1077 4229 nurum
1102 4164 1300 4232 ancillam...
1323 4166 1494 4232 muliebri-

260 4282 310 4340 ter
320 4275 503 4339 lremere...
521 4272 606 4338 Tum
620 4272 808 4360 Agrippina
821 4273 929 4337 versis
942 4272 1071 4338 artibus
1084 4296 1143 4361 per
1155 4271 1386 4340 blandimenta
1401 4276 1495 4341 iuve-

256 4404 333 4447 nem
366 4380 564 4469 (Neronem)
591 4379 757 4466 adgredi..
781 4433 787 4459 ,
826 4386 865 4445 ut
884 4380 987 4446 nimia
1016 4404 1123 4469 nuper
1141 4380 1325 4446 coercendo
1348 4380 1430 4465 filio,
1447 4383 1494 4449 ita

255 4512 390 4554 rursum
417 4487 683 4575 intemperanter
708 4485 911 4553 demissa...
936 4488 1126 4576 Agrippina
1159 4512 1227 4554 non
1259 4489 1311 4553 his
1338 4490 1494 4576 (Neronis

256 4597 371 4684 donis)
390 4595 514 4660 instrui
533 4594 646 4661 cultus
666 4618 757 4674 suos,
785 4594 844 4660 sed
863 4598 984 4661 ceteris
1010 4597 1115 4661 arceri
1135 4598 1322 4686 proclamat
1351 4604 1385 4663 et
1406 4597 1494 4665 divi-

257 4703 335 4769 dere
359 4702 482 4784 lilium,
517 4727 603 4793 quae
629 4710 751 4769 cuncta
775 4728 817 4770 ex
847 4704 920 4793 ipsa
953 4706 1103 4774 haberet.
1128 4708 1236 4772 -13.
1260 4710 1309 4786 14.
1328 4708 1494 4799 Praeceps

256 4812 397 4901 posthae
418 4810 608 4901 Agrippina
633 4834 730 4877 ruere
755 4811 797 4877 ad
821 4820 984 4881 terrorem
1008 4823 1043 4882 et
1069 4816 1191 4892 minas,
1207 4839 1317 4906 neque
1332 4817 1494 4907 principis

256 4918 394 4985 auribus
416 4917 597 5001 abstinere,
625 4943 693 5009 quo
712 4920 826 4987 minus
853 4928 1034 4989 testaretur
1053 4923 1207 4992 adultum
1227 4924 1293 4989 iam
1318 4947 1391 4991 esse
1421 4926 1495 4990 Bri-

258 5026 472 5103 tannicum...
485 5064 530 5077 -
556 5026 607 5110 13,
629 5030 679 5098 15.
692 5028 822 5097 Nero...
846 5029 1089 5125 urgentibus...
1106 5030 1315 5122 Agrippinae
1333 5032 1492 5115 minis,...
