3709 6234
793 871 965 926 Avuvsrvs
1468 862 1520 923 ¹13

290 1018 373 1083 Divo
399 1017 558 1104 Augusto
588 1016 718 1103 parenti
742 1022 801 1079 tuo
830 1012 993 1102 probatus
1012 1019 1046 1077 et
1078 1012 1141 1078 tibi
1168 1012 1353 1091 amicus...‚
1376 1010 1521 1075 salutem

289 1122 432 1190 infelicis
445 1123 504 1188 lilii
517 1146 598 1209 rogo
625 1152 640 1182 »ι
662 1162 698 1174 -
716 1121 747 1198 3,
771 1122 820 1187 ι8.
848 1121 958 1187 Multa
975 1143 1016 1185 ex
1031 1119 1178 1209 (Aurelii
1199 1119 1333 1206 Cottae)
1354 1119 1522 1184 sententia

290 1231 442 1319 mitigata
463 1238 542 1297 sunt
570 1229 782 1318 aprincipe:
807 1252 849 1294 ne
867 1252 989 1294 nomen
1022 1229 1155 1293 Pisonis
1175 1227 1271 1293 lastis
1305 1227 1522 1305 eximeretur,

290 1339 426 1429 quando
462 1338 540 1404 lulli
565 1338 720 1416 Antonii,
743 1336 949 1426 quidomum
964 1337 1114 1425 Augusti
1135 1334 1311 1414 violasset,
1331 1334 1524 1422 (maneret).

289 1485 331 1498 -
347 1447 378 1525 3,
397 1446 450 1512 23.
471 1445 626 1534 (Lepida)
644 1444 813 1510 destinata
838 1444 1010 1533 quondam
1039 1468 1126 1510 uxor
1141 1446 1179 1511 L.
1198 1444 1334 1510 Caesari
1363 1466 1401 1509 ac
1437 1443 1524 1507 Divo

289 1558 446 1643 Augusto
461 1575 578 1622 nurus,
593 1592 634 1602 -
649 1552 680 1631 3,
696 1555 736 1629 at
759 1552 804 1618 Vt
816 1552 928 1618 valida
944 1553 1029 1617 Divo
1046 1554 1203 1640 Augusto
1217 1553 1252 1617 in
1268 1575 1338 1618 rem
1354 1550 1525 1640 publicam

291 1663 436 1736 fortuna,
459 1663 507 1726 ita
523 1660 614 1725 domi
632 1660 841 1748 improspera
857 1659 921 1725 luit
940 1660 984 1723 ob
1004 1659 1250 1747 impudicitiam
1279 1660 1368 1725 filiae
1387 1682 1426 1724 ac
1445 1681 1526 1747 nep·

291 1773 346 1846 lis,
378 1794 464 1860 quas
500 1769 584 1835 urbe
624 1768 758 1856 depulit
790 1767 1031 1856 adulterosque
1060 1791 1175 1833 earum
1209 1776 1318 1834 morte
1352 1776 1411 1833 aut
1448 1766 1528 1855 luga

292 1880 467 1968 punivit...
510 1878 550 1941 l).
587 1874 726 1941 Silanus
764 1876 798 1939 in
835 1876 928 1964 nepti
960 1876 1110 1962 Augusti
1138 1875 1283 1954 adulter,
1322 1898 1528 1964 quamquam

292 2011 359 2055 non
388 1985 477 2052 ultra
520 1983 608 2048 soret
644 1984 825 2060 saevitum,
865 2006 968 2071 quam
1010 1991 1049 2049 ut
1079 1983 1227 2048 amicitia
1256 1982 1412 2048 Caesaris
1453 2005 1529 2070 pro-

292 2095 475 2172 hiberetur,
517 2092 657 2157 exilium
707 2090 771 2155 sibi
816 2090 1043 2156 demonstrari
1090 2089 1259 2156 intellexit
1265 2140 1331 2158 .....
1375 2089 1531 2155 Tiberius

292 2210 404 2291 grates
431 2200 545 2289 agenti
560 2199 675 2264 Silano
702 2198 759 2287 (ob
773 2197 885 2263 fratris
910 2198 1113 2286 reditum)...
1143 2198 1317 2286 respondit
1346 2222 1381 2264 se
1397 2221 1530 2287 quoquc

292 2309 464 2389 laetari...‚
488 2307 553 2372 sibi
573 2315 686 2372 tamen
713 2305 876 2371 adversus
901 2329 978 2370 eum
1003 2306 1152 2394 integras
1175 2307 1325 2394 parentis
1352 2307 1404 2371 sui
1427 2307 1531 2372 ollen-

295 2418 406 2482 siones
426 2438 535 2505 neque
558 2415 668 2481 reditu
683 2414 790 2479 Silani
809 2413 988 2493 dissoluta,
1004 2437 1089 2503 quae
1107 2414 1285 2501 Augustus
1299 2414 1473 2480 voluisset.
1489 2453 1533 2464 -

296 2524 385 2602 3‚25.
404 2524 564 2590 llelatum
585 2522 662 2587 dein
681 2522 723 2587 de
753 2521 957 2586 moderanda
982 2521 1085 2610 Papia
1107 2522 1276 2610 Poppaea,
1295 2546 1396 2611 quam
1421 2522 1533 2587 senior

295 2633 473 2719 Augustus
499 2638 576 2720 post
613 2630 715 2695 lulias
741 2630 933 2716 rogationes
957 2628 1140 2694 incitandis
1164 2629 1329 2695 caelibum
1354 2629 1471 2719 poenis
1499 2638 1532 2695 ct

296 2739 450 2827 augendo
467 2738 595 2803 aerario
609 2744 826 2802 sanxerat—
837 2735 928 2818 3,28.
943 2736 1047 2802 Sexto
1063 2736 1197 2801 demum
1214 2736 1393 2802 consulatu
1409 2737 1533 2803 Caesar

298 2848 488 2934 Augustus,
511 2845 681 2933 potentiae
698 2867 848 2924 securus,
869 2867 955 2932 quae
976 2844 1189 2909 triumviratu
1206 2845 1363 2926 iusserat,
1385 2844 1534 2911 abolevit

298 2955 458 3043 deditque
491 2954 576 3030 iura,
601 2952 678 3041 quis
705 2975 787 3039 pace
809 2959 843 3017 et
869 2952 1020 3039 principe
1053 2961 1235 3018 uteremur.
1261 2991 1305 3001 —
1337 2953 1428 3043 3‚29.
1464 2952 1533 3038 (Ti-

298 3062 423 3144 berius)
453 3069 531 3125 ut...
555 3083 695 3125 munere
717 3058 914 3147 capessendi
940 3059 1193 3146 vigintiviratus
1221 3060 1409 3126 solveretur
1430 3059 1532 3146 (Nero

298 3168 387 3234 lilius
402 3167 608 3247 Germanici)
622 3176 654 3232 et
667 3167 899 3255 quinquennio
913 3167 1077 3231 maturius
1106 3190 1206 3256 quam
1229 3192 1288 3255 per
1309 3167 1401 3255 leges
1413 3192 1533 3256 quaes-

300 3285 408 3341 turam
428 3282 569 3363 peteret.
592 3327 614 3352 .‚
637 3274 823 3362 postulavit
848 3275 880 3360 (a
894 3274 1048 3356 senatui:
1079 3273 1318 3362 praetendebat
1345 3275 1408 3340 sibi
1433 3284 1533 3365 atque

298 3383 392 3449 fratri
439 3381 574 3447 decreta
615 3381 733 3446 eadem
778 3388 913 3469 petente
957 3383 1128 3468 Augusto.
1171 3419 1216 3433 -
1263 3382 1354 3461 334.
1402 3384 1533 3449 Drusus

297 3490 663 3577 (commemoravit....)
685 3490 844 3577 quotiens
874 3489 999 3553 Divum
1025 3489 1220 3576 Augustum
1241 3491 1275 3554 in
1314 3489 1532 3556 Occidentem

299 3607 398 3687 atque
433 3596 604 3662 Orientem
637 3597 802 3661 meavisse
844 3596 967 3661 comite
1003 3597 1119 3660 Livia!
1144 3636 1185 3648 -
1219 3598 1309 3675 3,d8.
1334 3598 1531 3687 (Sulpicius)

299 3705 513 3785 Quirinius...
569 3704 713 3792 impiger
764 3702 903 3768 militiae
946 3712 980 3768 et
1022 3703 1156 3769 acribus
1208 3705 1405 3771 ministeriis
1452 3729 1533 3771 con-

299 3814 447 3879 sulatum
484 3811 546 3875 sub
583 3812 670 3875 Divo
705 3812 904 3897 Augusto...
950 3809 1104 3899 adeptus.
1143 3850 1186 3859 —
1221 3810 1312 3893 354.
1353 3812 1533 3902 (Loquitur

298 3920 518 4008 Tiberius)....
551 3919 644 3983 «Tot
673 3941 691 3982 a
720 3917 903 3982 maioribus
928 3926 1080 4005 repertae
1108 3918 1213 4006 leges,
1231 3926 1282 3984 tot
1310 3943 1394 4008 quas
1425 3921 1531 3987 Divus

299 4029 475 4116 Augustus
520 4025 609 4103 tulit,
645 4024 723 4090 illae
760 4024 943 4105 oblivione,
984 4025 1058 4106 hae,
1099 4026 1189 4114 quod
1228 4025 1428 4114 llagitiosius
1466 4038 1529 4110 est,

298 4141 495 4223 contemptu
510 4133 656 4199 abolitae
673 4132 875 4197 securiorem
891 4132 1010 4197 luxum
1039 4132 1187 4199 secere...
1209 4162 1224 4192 »
1251 4172 1291 4186 -
1306 4135 1384 4216 3‚56
1416 4138 1533 4204 Potes·

301 4251 402 4308 tatem
436 4240 692 4307 tribuniciam...
725 4240 762 4304 ld
797 4240 920 4305 summi
960 4240 1085 4328 lastigii
1119 4240 1321 4307 vocabulum
1354 4246 1532 4331 Augustus

301 4349 457 4438 repperit,
481 4371 523 4413 ne
555 4348 645 4434 regis
668 4356 725 4413 aut
762 4347 938 4412 dictatoris
970 4371 1092 4412 nomen
1126 4348 1330 4427 adsumeret,
1353 4374 1391 4415 ac
1420 4358 1531 4417 tamen

299 4455 525 4544 appellatione
551 4455 665 4543 aliqua
691 4464 800 4520 cetera
817 4455 957 4542 imperia
976 4456 1242 4542 praemineret...
1258 4458 1361 4544 (Cum
1376 4457 1531 4525 Tiberius

300 4587 372 4629 eam
400 4569 615 4651 potestatem,
655 4562 768 4626 missis
802 4560 843 4626 ad
875 4569 1030 4627 senatum
1069 4562 1202 4643 litteris,
1241 4563 1351 4629 Druso
1389 4573 1529 4653 peteret,

302 4670 517 4756 memoravit)
531 4692 605 4734 esse
620 4668 712 4735 illi...
730 4692 845 4734 eam...
878 4676 1037 4745 aetatem,
1055 4693 1119 4759 qua
1135 4670 1207 4758 ipse
1224 4671 1394 4759 quondam
1411 4696 1429 4738 a
1445 4674 1533 4739 Divo

301 4779 460 4865 Augusto
484 4776 528 4841 ad
562 4776 810 4865 capessendum
830 4775 892 4840 boc
919 4799 1043 4840 munus
1070 4784 1210 4842 vocatus
1221 4780 1353 4866 (esset).
1370 4817 1411 4830 ·-
1427 4780 1457 4859 3,
1476 4779 1530 4846 62.

304 4884 673 4973 Aphrodisienses...et
686 4884 956 4949 Stratonicenses
975 4883 1150 4949 dictatoris
1165 4884 1319 4950 Caesaris
1339 4885 1381 4950 ob
1402 4894 1535 4953 vetusta

303 4991 336 5056 in
347 5000 460 5080 partes
477 4991 598 5056 merita
613 4997 647 5056 et
665 5012 784 5056 recens
795 4989 872 5055 Divi
882 4990 1032 5077 Augusti
1046 4990 1219 5058 decretum
1232 4991 1396 5067 adtulere‚
1408 4993 1535 5059 laudati

325 5123 403 5174 Uarr·
422 5138 455 5173 oa
472 5124 558 5175 Lrou.
572 5149 601 5161 -
620 5123 714 5174 Fami.
1429 5127 1444 5172 3
