3709 6234
816 883 1036 937 MYTILENAEVS
1513 877 1564 933 457

331 1027 487 1092 invectus
514 1033 567 1091 est
597 1026 776 1091 Musonius
807 1025 915 1091 llulus
944 1026 977 1090 in
1012 1026 1051 1092 P.
1082 1024 1246 1098 Celerem,
1281 1049 1300 1089 a
1324 1048 1390 1113 quo
1425 1025 1566 1090 Baream

331 1136 498 1201 Soranum
528 1133 613 1198 falso
641 1134 835 1198 testimonio
859 1133 1127 1199 circumventum
1156 1133 1357 1220 arguebat...
1387 1132 1567 1197 Proximus

329 1243 497 1327 (senatus)
518 1241 589 1306 dies
605 1265 726 1305 causae
739 1240 949 1322 destinatur;
971 1264 1032 1307 nec
1050 1250 1119 1306 tam
1141 1240 1317 1305 Musonius
1341 1249 1400 1305 aut
1423 1239 1564 1305 Publius

328 1371 432 1437 (pram
452 1348 658 1432 (Helvidius)
676 1348 812 1413 Priscus
834 1357 867 1413 et
894 1349 1043 1436 (Eprius)
1064 1347 1248 1413 Marcellus
1267 1347 1447 1435 ceterique,
1465 1346 1567 1410 motis

330 1455 373 1521 ad
400 1454 564 1521 ultionem
596 1456 731 1538 animm,
762 1456 1056 1543 exspectabantur.
1087 1495 1131 1505 —
1160 1455 1218 1532 lV,
1245 1457 1298 1531 do.
1345 1455 1464 1542 llepeti
1490 1453 1567 1520 inde

332 1564 558 1650 cognitionem
587 1563 674 1627 inter
702 1563 898 1628 Musonium
930 1562 1055 1627 llulum
1087 1571 1120 1627 et
1162 1562 1200 1629 P.
1251 1561 1402 1627 Celerem
1440 1561 1568 1649 placuit

332 1669 580 1758 damnatusque
605 1669 788 1736 Publius...
821 1671 947 1734 Iustam
990 1670 1175 1735 vindictam
1204 1669 1357 1757 explesse
1391 1668 1568 1734 Musonius

335 1777 524 1843 videbatur.

289 1885 563 1952 MVSl'LAMll.
595 1925 636 1934 -
668 1911 698 1964 2,
731 1884 784 1950 52.
813 1886 990 1950 Postremo
1023 1885 1243 1973 (Tacfarinas)
1277 1908 1344 1949 non
1376 1883 1568 1948 inconditae

334 1991 465 2071 turbae,
483 1993 543 2058 sed
558 1993 842 2058 Musulamiorum
865 1993 936 2058 dux
954 1993 1081 2057 haberi.
1106 2031 1149 2041 -
1162 1995 1194 2069 d,
1213 1994 1266 2069 ad.
1288 1991 1480 2077 (Dolabella
1507 2014 1567 2078 pro

334 2100 472 2165 consule
488 2099 637 2184 Africae)
651 2101 818 2188 principes
833 2100 1116 2165 Musulamiorum
1136 2100 1357 2164 delectionem
1373 2107 1568 2187 coeptantes

334 2208 443 2271 securi
455 2209 611 2296 percutit.

289 2314 483 2380 MV'HLIA
499 2316 674 2397 Plttstln,
694 2316 859 2382 PlllSCA
871 2317 892 2380 ¹.
909 2355 953 2365 -
976 2319 1008 2394 et,
1037 2339 1085 2380 ια.
1103 2316 1273 2402 (Seianus)
1291 2316 1378 2380 inter
1399 2315 1568 2397 (crimina-

336 2431 426 2487 tores
451 2424 674 2511 Agrippinae)
708 2423 880 2510 delegerat
906 2423 1028 2487 lulium
1059 2423 1272 2499 Postumum,
1290 2445 1349 2509 per
1365 2422 1567 2486 adulterium

335 2529 489 2595 Mutiliae
524 2530 657 2595 Priscae
685 2531 774 2595 inter
802 2530 942 2594 intimos
974 2530 1068 2594 aviae
1103 2529 1245 2618 (Liviae)
1276 2539 1309 2595 et
1328 2529 1477 2594 consiliis
1497 2530 1567 2594 suis

337 2638 568 2725 peridoneum,
600 2638 678 2725 quia
706 2638 819 2701 Prisca
840 2638 873 2700 in
899 2638 1048 2700 animum
1077 2638 1254 2722 Augustae
1283 2636 1395 2701 valida
1420 2660 1563 2703 anum...

335 2743 566 2809 insociabilem
584 2746 682 2809 nurui
697 2744 876 2809 alliciebat.

289 2851 481 2917 MVTlNA.
507 2889 551 2901 —
579 2852 604 2926 l,
637 2852 690 2917 50.
721 2852 789 2916 Nec
811 2852 877 2916 iam
902 2853 1049 2916 recentia
1073 2874 1194 2917 saevae
1217 2854 1309 2940 pacis
1324 2852 1491 2940 exempla,
1508 2852 1568 2916 sed

335 2960 477 3046 repetita
502 2958 666 3023 bellorum
700 2959 849 3024 civilium
879 2959 1080 3026 memoria...
1100 2958 1320 3037 Pharsaliam,
1342 2959 1516 3047 Philippos
1536 2968 1570 3024 et

336 3066 510 3131 Perusiam
529 3090 567 3131 ac
594 3068 771 3143 Mutinam,
796 3078 873 3134 nota
892 3068 1102 3156 publicarum
1118 3068 1265 3133 cladium
1281 3069 1430 3143 nomina,
1447 3067 1568 3156 loque-

336 3172 469 3240 bantur.
501 3213 543 3222 -
574 3174 615 3250 ll,
650 3177 702 3240 52.
735 3177 851 3241 Posito
884 3176 1010 3264 ubique
1050 3175 1139 3240 bello
1176 3198 1298 3262 magna
1324 3198 1403 3262 pars
1432 3182 1569 3239 senatus

335 3289 523 3345 extremum
547 3281 728 3346 discrimen
759 3283 853 3355 adiit,
885 3283 1035 3370 prolecta
1062 3306 1139 3347 eum
1163 3281 1296 3347 Othone
1316 3281 1357 3346 ab
1378 3282 1472 3355 urbe,
1491 3281 1569 3346 dein

336 3388 487 3453 Mutinae
503 3389 619 3454 relicta
640 3442 659 3455 ..
677 3427 722 3439 -
747 3389 788 3467 ll,
815 3394 868 3467 54.
893 3390 1093 3456 lntendebat
1123 3390 1335 3454 lorrnidinem
1360 3388 1568 3473 (eorumdem

335 3498 554 3582 senatorum),
573 3497 663 3584 quod
687 3497 813 3584 publici
838 3498 970 3562 consilii
996 3498 1079 3562 facie
1099 3496 1286 3561 discessum
1305 3495 1434 3560 Mutina
1455 3496 1568 3561 deser-

337 3613 455 3691 taeque
479 3612 592 3691 partes
612 3603 784 3693 (Othonis)
808 3605 927 3670 forent.

292 3709 575 3775 MVTlNENSlS.
596 3710 699 3788 -ll,
719 3711 773 3775 52.
803 3711 974 3777 Onerabat
997 3712 1192 3799 paventium
1216 3713 1423 3798 (senatorum
1444 3711 1569 3776 Boma-

336 3817 469 3903 norum)
495 3841 593 3882 curas
628 3817 710 3881 ordo
742 3819 1068 3884 Mutinensisarma
1108 3828 1140 3884 et
1170 3818 1346 3905 pecuniam
1384 3819 1567 3895 offerendo,

336 3923 595 4013 appellabatque
614 3933 727 4012 patres
740 3927 991 4013 conscriptos...

292 4031 488 4097 Ml'lllNA.
528 4070 573 4083 -
624 4057 654 4112 2,
695 4035 748 4120 47.
790 4034 1001 4119 Myrinam...
1051 4033 1154 4097 levari
1204 4033 1251 4118 (in
1300 4034 1570 4121 quinquennium

338 4138 520 4225 tributo)...
539 4139 677 4226 placuit.

291 4244 592 4313 MYTILENAEQ.
611 4287 654 4295 —
671 4248 708 4313 (l.
731 4251 777 4313 ιδ.
801 4247 999 4311 «Sacerdos
1021 4248 1084 4312 iste
1111 4247 1247 4314 Nicetes
1272 4256 1306 4313 et
1328 4248 1355 4311 si
1380 4248 1457 4335 quis
1485 4248 1571 4313 alius

335 4352 507 4441 Ephesum
537 4352 590 4417 vel
615 4353 798 4439 Mytilenas
820 4362 986 4420 concentu
1006 4355 1285 4420 scholasticorum
1312 4364 1345 4420 et
1366 4354 1570 4420 elamoribus

337 4461 446 4547 quatit
474 4485 500 4525 n.

292 4566 590 4632 MYTILENAEV
594 4570 627 4633 S.
650 4609 693 4617 —
708 4570 739 4645 6,
762 4570 811 4637 18.
827 4569 1054 4656 Theophanen
1070 4568 1344 4656 Mytilenaeum3.

324 4841 334 4875 ¹
352 4840 474 4900 Pnosor„
493 4844 547 4906 559.

321 4921 333 4955 ²
349 4920 446 4985 vulp:
464 4923 623 4986 Mitylenae,
643 4925 835 4988 Mitylenaeus,
848 4930 900 4976 etc.

319 4999 392 5053 NJ:
412 5004 624 5067 mitylenaeum:
642 5021 711 5052 corr.
728 5022 734 5054 :
755 5007 967 5068 mytplrnaeum.
