3709 6234
814 869 1019 925 CALPVRNIVS
1511 863 1562 924 '163

285 1012 527 1091 canavas,
545 1036 578 1078 v.
596 1011 734 1076 GAIVS
751 1011 956 1101 CAESAR(
990 1014 1016 1098 ).

287 1118 531 1185 C.·tLLISTVS
544 1119 566 1184 ¹.
579 1158 619 1172 -
638 1143 688 1197 ιι,
704 1141 757 1206 29,
776 1121 827 1183 Ac
839 1119 947 1206 primo
965 1120 1140 1198 Callistus,
1156 1122 1221 1184 iam
1241 1121 1326 1186 mihi
1345 1121 1430 1185 cirea
1447 1143 1563 1185 necem

329 1228 403 1292 Gaii
427 1226 583 1292 Caesaris
609 1234 777 1307 narratus,
802 1234 877 1292 et...
907 1226 1087 1292 Narcissus
1102 1228 1431 1317 flagrantissimaque
1455 1250 1494 1293 eo
1529 1226 1563 1291 in

329 1341 479 1423 tempore
507 1335 616 1422 gratia
638 1333 751 1400 Pallas
778 1334 961 1420 agitavere,
980 1358 1062 1400 num
1077 1335 1296 1401 Messalinam
1312 1336 1450 1401 secretis
1466 1334 1567 1400 ruinis

330 1441 661 1530 depellerentamore
673 1441 789 1507 Silii..
815 1441 900 1506 Dein
917 1450 1050 1510 metu...
1070 1443 1251 1524 desistunt,
1270 1442 1383 1508 Pallas
1398 1465 1458 1531 per
1471 1443 1566 1529 igna-

330 1550 431 1628 viam,
446 1548 611 1615 Callistus
635 1549 756 1638 prioris
777 1572 911 1637 quoque
927 1550 1038 1636 regiae
1059 1551 1187 1638 peritus
1205 1558 1239 1615 et
1254 1550 1439 1638 potentiam
1459 1548 1567 1613 cautis

331 1681 431 1747 quam
451 1658 586 1724 acribus
601 1657 752 1723 consiliis
771 1657 877 1721 tutius
896 1657 1023 1722 haberi.
1042 1696 1085 1707 —
1106 1682 1156 1738 ιι,
1175 1658 1229 1723 38.
1247 1659 1389 1724 Decreta
1409 1656 1567 1722 Narcisso

332 1766 522 1854 quaestoria
553 1765 711 1853 insignia,
734 1763 945 1829 levissimum
967 1764 1200 1842 lastidianus,
1216 1789 1292 1831 cum
1308 1788 1408 1853 super
1432 1762 1569 1829 Pallan-

333 1879 397 1938 tem
413 1881 447 1939 et
460 1872 640 1940 Callistum
653 1879 780 1961 ageret.
797 1911 838 1923 -
852 1896 901 1946 12,
923 1896 948 1937 ι.
972 1871 1144 1937 Convulsa
1162 1873 1324 1962 principis
1343 1873 1477 1945 donms,
1495 1878 1568 1935 orto

334 1980 423 2068 apud
435 1979 767 2047 libertoscertamine
786 1980 875 2065 (cum
891 2003 977 2043 uxor
989 1980 1131 2044 Claudio
1147 1979 1325 2069 deligenda
1338 1976 1569 2066 esset)...Cal-

335 2086 432 2154 listus
447 2087 591 2172 (Lolliae
613 2085 774 2153 Paulinae
790 2085 901 2151 [autor
926 2086 1070 2175 aderat).
1090 2112 1199 2168 -12‚
1219 2114 1249 2153 2.
1268 2087 1431 2153 Callistus
1448 2086 1570 2174 (disse-

335 2195 427 2261 rebat
442 2195 575 2261 Aeliam
598 2194 788 2282 Paetinam)
805 2193 1031 2282 improbatam
1053 2194 1155 2282 longo
1173 2194 1374 2269 discidio...,
1401 2194 1570 2283 longeque

335 2304 458 2369 rectius
469 2301 612 2368 Lolliam
625 2301 781 2368 induci...

298 2409 346 2495 (C.
369 2408 670 2477 CALPETNNVS
693 2408 891 2475 la-txt'lvs
922 2406 1203 2494 Ql'llllNALlS)
1226 2406 1452 2473 tantautis
1473 2405 1570 2472 FES-

336 2517 429 2598 its,
447 2541 480 2583 v.
498 2515 727 2582 VALERIVS
744 2516 923 2581 FESTVS.

299 2623 571 2691 CALPVRNIA.
599 2647 715 2698 -ιι,
738 2622 790 2688 3ο.
822 2622 921 2687 Exim
957 2622 1152 2710 Calpurnia,
1188 2623 1222 2686 id
1260 2621 1380 2710 paelici
1409 2620 1571 2709 (Claudii)

338 2754 471 2810 nomen,
490 2731 547 2797 ubi
562 2730 679 2796 datum
696 2740 876 2809 secretum,
896 2730 1039 2816 genibus
1052 2731 1206 2794 Caesaris
1221 2729 1399 2817 provoluta
1416 2729 1572 2818 nupsisse

339 2838 556 2905 Messalinam
572 2837 655 2904 Silio
675 2838 844 2903 exclamat
857 2838 881 2902 '·'.

301 2943 649 3011 CALPt'RN11t2.-
673 2968 723 3025 12,
747 2969 800 3012 22.
824 2944 1008 3033 Calpurnia
1029 2944 1184 3009 inlustris
1205 2944 1327 3009 lomina
1352 2945 1569 3031 pervertitur,

339 3054 415 3142 quia
429 3053 572 3118 formam
584 3052 656 3117 eius
671 3052 867 3117 laudaverat
883 3053 1053 3141 princeps,
1078 3051 1171 3117 nulla
1192 3050 1343 3126 libidine,
1360 3052 1418 3116 sed
1435 3052 1573 3118 fortuito

339 3183 504 3241 sermone,
519 3159 608 3225 unde
619 3160 667 3224 ira
683 3161 891 3248 Agrippinae
906 3162 989 3226 citra
1005 3159 1124 3225 ultima
1136 3160 1242 3225 stetit.
1256 3197 1298 3209 -
1320 3162 1368 3238 rt,
1388 3184 1437 3225 ιι.
1457 3160 1575 3247 (Nero)

340 3292 405 3357 quo
429 3275 586 3356 gravaret
614 3267 777 3332 invidiam
807 3268 925 3332 matris
951 3291 1056 3357 eaque
1077 3268 1212 3333 demota
1242 3275 1374 3332 auctam
1402 3267 1574 3333 lenitatem

340 3400 434 3442 suain
465 3376 712 3457 testificaretur,
734 3375 878 3439 feminas
898 3374 1059 3440 inlustres
1089 3375 1219 3440 luniam
1249 3383 1283 3440 et
1311 3374 1571 3462 Calpurniam...

341 3483 477 3549 sedibus
496 3482 616 3573 patriis
630 3482 776 3547 reddidit
797 3481 838 3546 ab
855 3481 1044 3571 Agrippina
1058 3482 1137 3546 olim
1154 3481 1310 3571 (pulsas).

301 3589 562 3657 (laLPt'ltNla
599 3588 765 3654 SClTAt
805 3628 848 3640 -
882 3589 931 3668 15,
968 3614 1020 3654 20.
1051 3590 1233 3678 (Loquitur
1261 3590 1384 3654 Paetus
1413 3590 1576 3675 Thrasea)

343 3729 356 3752 u
383 3698 480 3763 Sic...
500 3696 759 3784 magistratuum
775 3696 916 3761 avaritia
933 3696 1114 3784 Calpurnia
1137 3697 1219 3761 scita
1234 3696 1404 3784 (peperit).
1419 3725 1433 3755 n

302 3803 561 3884 CtLPt'ltNll,
582 3801 882 3869 CALPVRNIVM
903 3803 1063 3869 (iliNl'S.
1087 3843 1122 3852 -
1148 3805 1178 3877 (l,
1199 3806 1252 3879 a(
1288 3802 1486 3869 Inlustrium
1509 3804 1576 3869 do-

344 3936 457 3977 muum
477 3910 633 3989 adversa,
655 3912 779 3976 etenim
802 3910 891 3974 haud
907 3910 1052 3975 multum
1068 3910 1209 3975 distanti
1229 3918 1379 3999 tempore
1402 3910 1576 4000 Calpurnii

345 4019 513 4086 Pisonem.
536 4017 672 4083 Aemilii
689 4017 851 4104 Lepidum
872 4018 1096 4083 amiserant...
1113 4056 1156 4066 —
1177 4017 1227 4093 ι5,
1242 4020 1296 4094 (tt.
1318 4017 1370 4103 (C.
1388 4017 1479 4104 l'iso)
1502 4019 1577 4084 Cal·

343 4127 462 4215 purnio
478 4148 599 4213 genere
622 4133 717 4191 ortus
730 4148 767 4190 ac
784 4124 910 4191 multas
934 4126 1152 4214 insignesque
1168 4125 1313 4189 familias
1329 4132 1467 4212 paterna
1485 4126 1580 4193 nobi·-

343 4233 437 4300 litatc
453 4232 663 4321 complexus.
1297 4279 1302 4292 .

304 4338 624 4406 citLl’t'RvaSa
641 4378 684 4389 -—
705 4365 732 4420 ι,
758 4341 811 4430 39.
847 4339 886 4404 Ni
911 4340 1068 4428 aquilifer
1092 4340 1234 4427 (primae
1265 4340 1422 4426 legionis)
1440 4340 1579 4428 Calpur-

345 4449 420 4513 nius
430 4448 501 4512 vim
517 4454 704 4513 extremam
720 4450 923 4513 arcuisset...

336 4664 343 4697 ¹
362 4665 389 4715 C.
409 4665 494 4715 lulius
509 4667 636 4718 Claudius
653 4667 790 4719 Callistus.
809 4667 932 4724 Priusne,
949 4667 968 4727 1,
987 4668 1037 4725 rat.

335 4743 392 4794 Μ’.
406 4748 487 4796 ctiam
506 4763 542 4806 ιι,
560 4763 599 4811 29·

337 4822 349 4857 ³
364 4825 484 4887 Prason,
500 4828 554 4892 267.

337 4904 347 4939 ⁴
363 4906 414 4955 Lex
427 4909 638 4971 repetundarum
655 4909 682 4958 L.
700 4909 838 4973 Calpurnii
850 4908 956 4958 Pisonis
975 4910 1038 4961 trib.
1058 4910 1094 4972 pl.
1109 4925 1132 4959 a.
1151 4910 1196 4957 605
1210 4928 1240 4953 =
1257 4918 1309 4972 159.

344 4986 493 5037 ὖΟιιιίιιιιε
503 4993 546 5039 est
561 4990 588 5037 in
605 4989 717 5039 Paosor.
