3709 6234
851 886 990 941 lAZt'GES
1510 885 1563 940 355

325 1026 459 1115 penitus
483 1028 517 1091 in
538 1027 743 1115 Hyrcaniam
762 1027 865 1107 abiit;
891 1053 1113 1119 regressoque
1136 1028 1326 1096 Vardani...
1352 1066 1392 1079 -
1421 1029 1472 1104 ιδ,
1500 1028 1557 1119 37.

325 1134 485 1215 Corbulo,
516 1136 599 1201 satis
621 1144 793 1225 comperto
820 1136 1032 1224 Vologaesen
1060 1136 1247 1204 delectione
1276 1136 1467 1225 Hyrcaniae
1484 1137 1563 1202 atti-

326 1266 439 1311 nen...

282 1350 958 1436 HYRCANVMBELLVM.-1.4‚25.
986 1354 1101 1421 Parthi
1126 1354 1286 1442 Hyrcano
1308 1351 1397 1420 bello
1421 1352 1563 1420 distine-

327 1459 462 1526 bantur.

282 1564 550 1635 lANlCVLVM.
572 1607 616 1618 -
641 1569 701 1650 ΙΙΙ,
724 1572 777 1636 5ι.
807 1571 951 1652 Proelia,
980 1595 1046 1661 quo
1069 1572 1159 1660 apud
1182 1571 1371 1637 Ianiculum
1397 1571 1560 1636 adversus

326 1676 470 1743 Cinnam
486 1686 673 1765 pugnatum
689 1686 752 1745 cst.

282 1782 545 1853 IANVARIVS.
562 1825 604 1835 —
629 1790 660 1868 Ι,
681 1811 733 1874 7⁰·
748 1782 930 1876 (Tiberius)
944 1787 1121 1854 sollemnia
1136 1788 1330 1877 incipientis
1354 1788 1434 1853 anni
1449 1786 1563 1853 kalen·

326 1894 378 1958 dis
398 1894 562 1959 lanuariis
591 1896 736 1983 epistula
758 1905 926 1983 precatus.
950 1948 956 1961 .
983 1934 1025 1945 -
1056 1897 1105 1977 13,
1133 1920 1181 1963 ιο.
1204 1894 1293 1962 Nero
1317 1903 1466 1962 veterem
1488 1896 1564 1962 reli·

325 2003 461 2089 gionem
486 2001 708 2069 kalendarum
740 2004 969 2070 Ianuariarum
1003 2003 1194 2070 inchoando
1225 2028 1314 2069 anno
1343 2005 1492 2071 retinuit.
1520 2043 1563 2053 -

327 2108 353 2189 l,
372 2134 422 2175 12.
452 2111 572 2176 Paucis
596 2121 672 2199 post
697 2111 859 2179 kalendas
881 2110 1054 2177 lanuarias
1077 2112 1238 2178 diebus..
1257 2151 1300 2160 -
1326 2111 1352 2190 l,
1382 2113 1431 2178 18.
1455 2111 1562 2190 Quan-

327 2223 397 2282 tum
420 2217 495 2284 idus
516 2218 700 2290 lanuarias.
718 2218 853 2284 foedum
878 2219 1042 2284 imbribus
1057 2219 1189 2285 diem...
1208 2257 1251 2267 -
1267 2219 1292 2301 l,
1316 2221 1368 2284 55.
1397 2219 1563 2285 Sollemni

326 2322 547 2392 kalendarum
572 2328 801 2392 ianuariarum
823 2336 1076 2394 sacramento...
1097 2326 1173 2415 lpso
1194 2326 1414 2392 kalendarum
1433 2325 1536 2393 lanua
1554 2366 1563 2375 ·

325 2434 450 2499 riarum
464 2434 622 2501 die...-
649 2433 674 2515 Ι,
703 2435 756 2501 56.
786 2434 893 2500 Nocte
931 2459 1017 2524 quae
1051 2434 1213 2500 kalendas
1242 2434 1414 2501 lanuarias
1448 2445 1562 2503 secuta

326 2550 449 2609 cst-
474 2543 499 2620 l,
519 2545 571 2632 57.
594 2543 743 2608 Tertium
763 2566 871 2607 nonas
888 2541 1072 2608 lanuarias.
1090 2581 1133 2591 -
1155 2542 1216 2624 ΙΙΙ,
1233 2543 1288 2630 67.
1313 2542 1373 2606 XV
1399 2543 1562 2610 kalendas

325 2645 511 2715 lanuarias.
524 2688 568 2700 -
584 2649 641 2731 lV,
660 2650 712 2737 39.
734 2648 898 2716 llalendis
919 2649 1112 2716 lanuariis'.

282 2756 430 2824 IANVS.
455 2797 489 2808 -
513 2783 544 2840 a,
565 2761 619 2846 49.
643 2756 826 2846 (Tiberius)
840 2757 1050 2823 dedicavit...
1068 2758 1148 2823 lano
1172 2759 1349 2847 templum,
1370 2757 1460 2847 quod
1473 2759 1562 2847 apud

326 2866 436 2931 lorum
456 2864 650 2931 holitorium
672 2865 710 2931 C.
740 2865 873 2930 Duilius
899 2872 1080 2932 struxerat.
1098 2903 1136 2917 -
1166 2866 1205 2945 F,
1224 2869 1254 2943 ,4.
1278 2866 1380 2954 (Sene
1404 2867 1561 2954 Augusto

325 2973 427 3038 lanus
455 2973 684 3062 patefactus..
715 2997 823 3062 usque
850 2973 893 3038 ad
912 2973 1110 3063 Vespasiani
1140 2972 1273 3038 duravit
1295 2973 1500 3061 imperium).
1518 3009 1561 3023 -

325 3082 356 3146 5.
372 3079 459 3167 (lani
471 3089 625 3169 portas...
644 3080 685 3145 ab
699 3081 772 3169 ipso
785 3080 993 3168 Vespasiano
1005 3088 1083 3169 post
1097 3104 1222 3146 annum
1240 3089 1373 3169 apertas
1384 3080 1562 3147 Cornelius

323 3188 459 3254 Tacitus
478 3189 631 3277 (prodit).

280 3290 397 3376 IASO‚
417 3295 566 3363 lason.
582 3335 620 3348 -
635 3296 666 3376 6,
683 3297 735 3373 34.
759 3294 832 3375 Qua
849 3303 1050 3384 tempestate
1062 3295 1135 3363 laso
1151 3304 1226 3385 post
1239 3303 1392 3361 avectam
1406 3295 1560 3362 Medeam

323 3404 522 3493 genitosque
543 3427 582 3469 ex
607 3429 645 3469 ea
665 3403 790 3469 liberos
810 3405 945 3470 inanem
971 3428 1051 3469 mox
1071 3405 1197 3491 regiam
1222 3405 1348 3469 Aeetae
1368 3427 1560 3493 vacuosque

324 3511 469 3577 Colchos
496 3512 662 3600 repetivit.
686 3551 728 3560 -
758 3512 796 3577 Ο.
823 3537 855 3600 9.
878 3512 1060 3602 (Loquitpr
1094 3513 1200 3599 Aper)
1232 3541 1247 3573 α
1271 3511 1481 3591 Materne...,
1508 3514 1561 3577 cui

323 3615 411 3685 bono
433 3627 496 3699 est,
515 3621 543 3684 si
564 3619 653 3708 apud
670 3628 701 3685 te
716 3622 954 3707 Agamemnon
970 3628 1029 3685 aut
1045 3618 1143 3684 lason
1159 3619 1285 3684 diserte
1300 3619 1476 3707 loquitur?
1493 3648 1508 3678 »

280 3724 544 3794 IAZVGES.-
571 3752 620 3804 ιη,
658 3752 710 3816 29.
740 3728 901 3815 (Vannio)
937 3750 1057 3792 manus
1088 3728 1222 3816 propria
1255 3725 1560 3815 pedites,fequese

323 3835 488 3901 Sarmatis
519 3833 713 3923 larugibus'2
732 3843 814 3900 erat.
833 3873 876 3885 -
907 3859 955 3915 ia,
989 3835 1043 3901 30.
1084 3834 1151 3900 Sed
1186 3834 1342 3921 lazuges³
1373 3833 1560 3900 obsidionis

322 3937 536 4032 impatientes
549 3952 583 4009 et
598 3944 770 4032 proximos
785 3965 844 4030 per
857 3964 996 4031 campos
1011 3943 1089 4029 virgi
1116 3942 1403 4009 necessitudinem
1425 3965 1559 4031 pugnae

323 4052 476 4119 attulere.
498 4092 536 4103 -
559 4051 619 4131 lll,
636 4052 666 4117 5.
690 4051 865 4139 Principes
886 4050 1118 4116 Sarmatarum
1139 4049 1340 4140 lazugum...
1364 4051 1398 4115 in
1418 4050 1560 4115 commi·

321 4159 430 4226 litium
447 4160 568 4226 adsciti
583 4162 615 4247 (a
632 4156 775 4225 ducibus
795 4152 993 4247 Flavianis).
1019 4157 1157 4225 Plebem
1172 4181 1308 4247 quoque
1324 4165 1358 4225 et
1372 4159 1441 4223 vim
1467 4158 1560 4247 equi·

323 4276 407 4350 tum,
426 4292 492 4359 qua
512 4268 585 4333 sola
601 4268 726 4347 valent,
741 4266 937 4333 ollerebant.

310 4477 316 4512 ¹
338 4478 489 4540 Praeterea,
504 4480 523 4531 1.
545 4480 582 4530 26.
604 4480 650 4530 ubi
670 4478 864 4529 Orelli-Meiser
883 4494 945 4528 cum
960 4478 1142 4528 deterioribus
1161 4477 1303 4526 codicibus
1324 4475 1419 4524 iduum
1433 4475 1478 4524 die
1494 4476 1557 4538 legit

276 4557 322 4621 (Μ.
336 4563 365 4609 ut
380 4562 497 4618 videtur,
515 4561 585 4609 Iduie
602 4562 692 4624 diarii)
702 4578 772 4611 corr.
790 4561 922 4610 Picbena:
944 4559 1039 4608 iduum
1056 4560 1114 4609 Ian.
1125 4558 1179 4608 dic.
1195 4558 1282 4614 Quam
1297 4557 1482 4606 coniecturam
1496 4559 1559 4619 post

278 4640 345 4689 alios
371 4644 526 4705 nuperrime
546 4644 712 4706 improbavit
730 4645 881 4699 Arsames,
903 4640 934 4689 ln
958 4641 1017 4689 Tac.
1041 4639 1105 4688 bist.
1125 4638 1209 4700 stud..
1229 4654 1292 4701 p.11
1311 4652 1317 4687 ε
1336 4657 1348 4684 ι
1367 4637 1445 4694 Quod
1470 4637 1559 4685 adbuc

277 4722 421 4770 verisimile
437 4722 496 4778 tuit,
515 4722 568 4770 iem
582 4725 687 4770 certum
700 4726 751 4778 cst,
766 4723 898 4784 scriptum
914 4735 973 4768 esse
989 4720 1015 4767 in
1031 4719 1124 4767 codice
1139 4735 1145 4768 :
1157 4720 1269 4782 postero
1283 4716 1380 4766 Iduum
1396 4716 1512 4776 dierum,
1527 4730 1558 4764 ac

277 4805 349 4853 tertii
367 4804 491 4852 vocabuli
509 4808 657 4852 extremam
677 4803 810 4866 syllabam
833 4803 867 4851 ab
890 4819 921 4851 eo
944 4801 989 4865 qui
1008 4801 1118 4864 scripsit
1135 4799 1234 4848 librum
1256 4815 1316 4848 csse
1336 4799 1482 4858 sublatam,
1505 4813 1558 4860 qua

276 4886 442 4934 correctione
458 4885 544 4947 ipsius
559 4885 645 4932 Taciti
662 4899 771 4934 manum
789 4886 943 4934 restitutam
960 4898 1019 4933 esse
1038 4899 1053 4931 u
1071 4896 1113 4931 nie
1131 4881 1222 4931 doceri
1241 4896 1311 4944 opus
1324 4895 1377 4929 non
1394 4883 1445 4929 est.
1465 4895 1478 4925 »

308 4967 320 5004 ²
337 4966 382 5018 U:
402 4965 546 5029 insipibus.
563 4964 669 5029 Vulgo:
686 4963 845 5030 Iazyqibua.

307 5048 320 5084 ³
335 5046 380 5100 Ιι
399 5045 521 5111 iaziyics.

478 5193 992 5525 Λ
