<?xml version="1.0" encoding="UTF-8"?>
<!DOCTYPE html PUBLIC "-//W3C//DTD XHTML 1.0 Transitional//EN"
    "http://www.w3.org/TR/xhtml1/DTD/xhtml1-transitional.dtd">
<html xmlns="http://www.w3.org/1999/xhtml" xml:lang="en" lang="en">
 <head>
  <title>
</title>
<meta http-equiv="Content-Type" content="text/html;charset=utf-8" />
  <meta name='ocr-system' content='tesseract 3.04.00' />
  <meta name='ocr-capabilities' content='ocr_page ocr_carea ocr_par ocr_line ocrx_word'/>
</head>
<body>
  <div class='ocr_page' id='page_1' title='image "./onomasticontaci00fabigoog_0307.png"; bbox 0 0 3709 6234; ppageno 0'>
   <div class='ocr_carea' id='block_1_1' title="bbox 834 875 1527 932">
    <p class='ocr_par' dir='ltr' id='par_1_1' title="bbox 834 875 1527 932">
     <span class='ocr_line' id='line_1_1' title="bbox 834 875 1527 932; baseline -0.003 -2"><span class='ocrx_word' id='word_1_1' title='bbox 834 880 931 932; x_wconf 77' lang='lat' dir='ltr'><strong>nlttt</strong></span> <span class='ocrx_word' id='word_1_2' title='bbox 1474 875 1527 928; x_wconf 69' lang='lat'><strong>299</strong></span> 
     </span>
    </p>
   </div>
   <div class='ocr_carea' id='block_1_2' title="bbox 289 1019 1530 5081">
    <p class='ocr_par' dir='ltr' id='par_1_2' title="bbox 289 1019 1530 5081">
     <span class='ocr_line' id='line_1_2' title="bbox 292 1019 1527 1107; baseline -0.002 -23"><span class='ocrx_word' id='word_1_3' title='bbox 292 1020 464 1107; x_wconf 77' lang='lat' dir='ltr'>propiores</span> <span class='ocrx_word' id='word_1_4' title='bbox 488 1019 606 1085; x_wconf 81' lang='lat' dir='ltr'>Gallos</span> <span class='ocrx_word' id='word_1_5' title='bbox 626 1021 770 1086; x_wconf 90' lang='lat' dir='ltr'><strong>concire.</strong></span> <span class='ocrx_word' id='word_1_6' title='bbox 795 1059 835 1071; x_wconf 95' lang='lat'>-</span> <span class='ocrx_word' id='word_1_7' title='bbox 861 1021 892 1092; x_wconf 75' lang='grc' dir='ltr'><strong>ΣΙ,</strong></span> <span class='ocrx_word' id='word_1_8' title='bbox 911 1023 962 1098; x_wconf 69' lang='grc'><strong>45.</strong></span> <span class='ocrx_word' id='word_1_9' title='bbox 982 1019 1180 1085; x_wconf 81' lang='lat' dir='ltr'><strong>Sacrovir...</strong></span> <span class='ocrx_word' id='word_1_10' title='bbox 1195 1041 1381 1084; x_wconf 89' lang='lat' dir='ltr'><strong>memorare</strong></span> <span class='ocrx_word' id='word_1_11' title='bbox 1396 1026 1527 1084; x_wconf 88' lang='lat' dir='ltr'><strong>veteres</strong></span> 
     </span>
     <span class='ocr_line' id='line_1_3' title="bbox 294 1125 1524 1217; baseline 0.004 -29"><span class='ocrx_word' id='word_1_12' title='bbox 294 1126 467 1193; x_wconf 78' lang='lat' dir='ltr'>Gallorum</span> <span class='ocrx_word' id='word_1_13' title='bbox 493 1128 618 1216; x_wconf 79' lang='lat' dir='ltr'><strong>glorias</strong></span> <span class='ocrx_word' id='word_1_14' title='bbox 633 1152 786 1217; x_wconf 91' lang='lat' dir='ltr'><strong>quaeque</strong></span> <span class='ocrx_word' id='word_1_15' title='bbox 810 1128 970 1193; x_wconf 83' lang='lat' dir='ltr'><strong>llomanis</strong></span> <span class='ocrx_word' id='word_1_16' title='bbox 983 1128 1124 1193; x_wconf 82' lang='lat' dir='ltr'><strong>adversa</strong></span> <span class='ocrx_word' id='word_1_17' title='bbox 1136 1126 1343 1194; x_wconf 67' lang='lat' dir='ltr'><strong>intulissent.</strong></span> <span class='ocrx_word' id='word_1_18' title='bbox 1366 1164 1409 1176; x_wconf 91' lang='lat'><em>-</em></span> <span class='ocrx_word' id='word_1_19' title='bbox 1424 1126 1456 1198; x_wconf 82' lang='lat'><strong>3,</strong></span> <span class='ocrx_word' id='word_1_20' title='bbox 1470 1125 1524 1204; x_wconf 66' lang='lat'><strong>46.</strong></span> 
     </span>
     <span class='ocr_line' id='line_1_4' title="bbox 292 1233 1527 1324; baseline 0 -24"><span class='ocrx_word' id='word_1_21' title='bbox 292 1233 433 1301; x_wconf 90' lang='lat' dir='ltr'><strong>Silius..</strong></span> <span class='ocrx_word' id='word_1_22' title='bbox 470 1235 706 1301; x_wconf 87' lang='lat' dir='ltr'><strong>clamitabat...</strong></span> <span class='ocrx_word' id='word_1_23' title='bbox 736 1235 933 1324; x_wconf 88' lang='lat' dir='ltr'><strong>pudendum</strong></span> <span class='ocrx_word' id='word_1_24' title='bbox 952 1236 1037 1321; x_wconf 88' lang='lat' dir='ltr'><strong>(suis</strong></span> <span class='ocrx_word' id='word_1_25' title='bbox 1062 1233 1253 1310; x_wconf 84' lang='lat' dir='ltr'><strong>militibusl,</strong></span> <span class='ocrx_word' id='word_1_26' title='bbox 1271 1233 1362 1323; x_wconf 93' lang='lat' dir='ltr'><strong>quod</strong></span> <span class='ocrx_word' id='word_1_27' title='bbox 1386 1234 1527 1300; x_wconf 87' lang='lat' dir='ltr'><strong>Germa-</strong></span> 
     </span>
     <span class='ocr_line' id='line_1_5' title="bbox 292 1340 1528 1431; baseline -0.001 -25"><span class='ocrx_word' id='word_1_28' title='bbox 292 1342 421 1406; x_wconf 92' lang='lat' dir='ltr'><strong>niarum</strong></span> <span class='ocrx_word' id='word_1_29' title='bbox 435 1343 580 1407; x_wconf 89' lang='lat' dir='ltr'><strong>victores</strong></span> <span class='ocrx_word' id='word_1_30' title='bbox 596 1342 777 1407; x_wconf 89' lang='lat' dir='ltr'><strong>adversum</strong></span> <span class='ocrx_word' id='word_1_31' title='bbox 798 1341 917 1408; x_wconf 83' lang='lat' dir='ltr'><strong>Gallos</strong></span> <span class='ocrx_word' id='word_1_32' title='bbox 937 1349 1111 1431; x_wconf 90' lang='lat' dir='ltr'><strong>tamquam</strong></span> <span class='ocrx_word' id='word_1_33' title='bbox 1127 1341 1161 1405; x_wconf 93' lang='lat' dir='ltr'><strong>in</strong></span> <span class='ocrx_word' id='word_1_34' title='bbox 1191 1341 1324 1406; x_wconf 78' lang='lat' dir='ltr'><strong>hostem</strong></span> <span class='ocrx_word' id='word_1_35' title='bbox 1357 1340 1528 1406; x_wconf 89' lang='lat' dir='ltr'><strong>duceren-</strong></span> 
     </span>
     <span class='ocr_line' id='line_1_6' title="bbox 291 1448 1527 1537; baseline 0.001 -24"><span class='ocrx_word' id='word_1_36' title='bbox 291 1456 354 1514; x_wconf 90' lang='lat' dir='ltr'><strong>tur.</strong></span> <span class='ocrx_word' id='word_1_37' title='bbox 386 1487 431 1500; x_wconf 95' lang='lat'><em>-</em></span> <span class='ocrx_word' id='word_1_38' title='bbox 458 1452 489 1525; x_wconf 69' lang='grc' dir='ltr'><strong>Ι.</strong></span> <span class='ocrx_word' id='word_1_39' title='bbox 514 1450 545 1516; x_wconf 88' lang='grc'><strong>5.</strong></span> <span class='ocrx_word' id='word_1_40' title='bbox 571 1450 794 1537; x_wconf 80' lang='lat' dir='ltr'><strong>Praecipuum</strong></span> <span class='ocrx_word' id='word_1_41' title='bbox 819 1450 922 1514; x_wconf 89' lang='lat' dir='ltr'><strong>robur</strong></span> <span class='ocrx_word' id='word_1_42' title='bbox 952 1449 1109 1514; x_wconf 85' lang='lat' dir='ltr'><strong>Rhenum</strong></span> <span class='ocrx_word' id='word_1_43' title='bbox 1150 1450 1254 1518; x_wconf 88' lang='lat' dir='ltr'><strong>iuxta.</strong></span> <span class='ocrx_word' id='word_1_44' title='bbox 1294 1470 1472 1513; x_wconf 90' lang='lat' dir='ltr'><strong>commune</strong></span> <span class='ocrx_word' id='word_1_45' title='bbox 1493 1448 1527 1514; x_wconf 94' lang='lat' dir='ltr'><strong>in</strong></span> 
     </span>
     <span class='ocr_line' id='line_1_7' title="bbox 291 1555 1525 1645; baseline 0.005 -26"><span class='ocrx_word' id='word_1_46' title='bbox 291 1555 476 1621; x_wconf 90' lang='lat' dir='ltr'><strong>Germanos</strong></span> <span class='ocrx_word' id='word_1_47' title='bbox 513 1556 697 1645; x_wconf 84' lang='lat' dir='ltr'><strong>Gallosque</strong></span> <span class='ocrx_word' id='word_1_48' title='bbox 736 1556 938 1628; x_wconf 80' lang='lat' dir='ltr'><strong>subsidium.</strong></span> <span class='ocrx_word' id='word_1_49' title='bbox 955 1565 1032 1622; x_wconf 89' lang='lat' dir='ltr'><strong>octo</strong></span> <span class='ocrx_word' id='word_1_50' title='bbox 1048 1557 1199 1644; x_wconf 82' lang='lat' dir='ltr'><strong>legiones</strong></span> <span class='ocrx_word' id='word_1_51' title='bbox 1214 1563 1321 1621; x_wconf 86' lang='lat' dir='ltr'><strong>erant.</strong></span> <span class='ocrx_word' id='word_1_52' title='bbox 1338 1593 1384 1606; x_wconf 96' lang='lat'><em>-</em></span> <span class='ocrx_word' id='word_1_53' title='bbox 1403 1581 1453 1628; x_wconf 84' lang='grc' dir='ltr'><strong>ιι,</strong></span> <span class='ocrx_word' id='word_1_54' title='bbox 1476 1557 1525 1625; x_wconf 91' lang='grc' dir='ltr'><strong>ι8.</strong></span> 
     </span>
     <span class='ocr_line' id='line_1_8' title="bbox 291 1662 1527 1750; baseline -0.001 -22"><span class='ocrx_word' id='word_1_55' title='bbox 291 1664 382 1748; x_wconf 75' lang='lat' dir='ltr'><strong>(llus</strong></span> <span class='ocrx_word' id='word_1_56' title='bbox 397 1663 609 1729; x_wconf 77' lang='lat' dir='ltr'><strong>Chaucorum</strong></span> <span class='ocrx_word' id='word_1_57' title='bbox 623 1665 839 1750; x_wconf 85' lang='lat' dir='ltr'><strong>Gannascus)</strong></span> <span class='ocrx_word' id='word_1_58' title='bbox 861 1664 993 1729; x_wconf 84' lang='lat' dir='ltr'><strong>levibus</strong></span> <span class='ocrx_word' id='word_1_59' title='bbox 1012 1664 1154 1750; x_wconf 84' lang='lat' dir='ltr'><strong>navigiis</strong></span> <span class='ocrx_word' id='word_1_60' title='bbox 1169 1662 1429 1750; x_wconf 90' lang='lat' dir='ltr'><strong>praedabundus</strong></span> <span class='ocrx_word' id='word_1_61' title='bbox 1440 1664 1527 1728; x_wconf 88' lang='lat' dir='ltr'><strong>Gal-</strong></span> 
     </span>
     <span class='ocr_line' id='line_1_9' title="bbox 292 1769 1525 1858; baseline 0.006 -26"><span class='ocrx_word' id='word_1_62' title='bbox 292 1769 400 1834; x_wconf 91' lang='lat' dir='ltr'><strong>lorum</strong></span> <span class='ocrx_word' id='word_1_63' title='bbox 417 1772 562 1836; x_wconf 87' lang='lat' dir='ltr'><strong>maxime</strong></span> <span class='ocrx_word' id='word_1_64' title='bbox 577 1794 670 1836; x_wconf 86' lang='lat' dir='ltr'><strong>orum</strong></span> <span class='ocrx_word' id='word_1_65' title='bbox 685 1771 853 1848; x_wconf 82' lang='lat' dir='ltr'><strong>vastabat.</strong></span> <span class='ocrx_word' id='word_1_66' title='bbox 877 1795 944 1836; x_wconf 87' lang='lat' dir='ltr'><strong>non</strong></span> <span class='ocrx_word' id='word_1_67' title='bbox 960 1772 1098 1858; x_wconf 85' lang='lat' dir='ltr'><strong>ignarus</strong></span> <span class='ocrx_word' id='word_1_68' title='bbox 1114 1771 1202 1836; x_wconf 91' lang='lat' dir='ltr'><strong>dites</strong></span> <span class='ocrx_word' id='word_1_69' title='bbox 1223 1778 1256 1836; x_wconf 89' lang='lat' dir='ltr'><strong>et</strong></span> <span class='ocrx_word' id='word_1_70' title='bbox 1271 1770 1424 1836; x_wconf 81' lang='lat' dir='ltr'><strong>imbelles</strong></span> <span class='ocrx_word' id='word_1_71' title='bbox 1440 1795 1525 1839; x_wconf 87' lang='lat' dir='ltr'><strong>esse.</strong></span> 
     </span>
     <span class='ocr_line' id='line_1_10' title="bbox 293 1876 1525 1966; baseline 0.001 -24"><span class='ocrx_word' id='word_1_72' title='bbox 293 1902 403 1954; x_wconf 87' lang='grc' dir='ltr'><strong>-ιι,</strong></span> <span class='ocrx_word' id='word_1_73' title='bbox 435 1882 487 1957; x_wconf 69' lang='lat'><strong>24.</strong></span> <span class='ocrx_word' id='word_1_74' title='bbox 519 1879 700 1966; x_wconf 84' lang='lat' dir='ltr'><strong>(Loquitur</strong></span> <span class='ocrx_word' id='word_1_75' title='bbox 725 1878 887 1944; x_wconf 87' lang='lat' dir='ltr'><strong>Glaudius</strong></span> <span class='ocrx_word' id='word_1_76' title='bbox 908 1877 1076 1962; x_wconf 87' lang='lat' dir='ltr'><strong>Caesar)a</strong></span> <span class='ocrx_word' id='word_1_77' title='bbox 1107 1879 1205 1966; x_wconf 83' lang='lat' dir='ltr'><strong>Capti</strong></span> <span class='ocrx_word' id='word_1_78' title='bbox 1233 1876 1376 1943; x_wconf 91' lang='lat' dir='ltr'><strong>aGallis</strong></span> <span class='ocrx_word' id='word_1_79' title='bbox 1396 1902 1525 1944; x_wconf 75' lang='lat' dir='ltr'><strong>sumus</strong></span> 
     </span>
     <span class='ocr_line' id='line_1_11' title="bbox 291 1985 1527 2072; baseline 0.002 -22"><span class='ocrx_word' id='word_1_80' title='bbox 291 1985 355 2050; x_wconf 86' lang='lat' dir='ltr'><strong>Sed</strong></span> <span class='ocrx_word' id='word_1_81' title='bbox 375 1993 408 2050; x_wconf 89' lang='lat' dir='ltr'><strong>et</strong></span> <span class='ocrx_word' id='word_1_82' title='bbox 423 1985 542 2050; x_wconf 86' lang='lat' dir='ltr'><strong>Tuscis</strong></span> <span class='ocrx_word' id='word_1_83' title='bbox 557 1986 691 2050; x_wconf 84' lang='lat' dir='ltr'><strong>obsides</strong></span> <span class='ocrx_word' id='word_1_84' title='bbox 704 1985 859 2051; x_wconf 86' lang='lat' dir='ltr'><strong>dedimus</strong></span> <span class='ocrx_word' id='word_1_85' title='bbox 873 1994 906 2050; x_wconf 87' lang='lat' dir='ltr'><strong>ct</strong></span> <span class='ocrx_word' id='word_1_86' title='bbox 921 1986 1124 2052; x_wconf 82' lang='lat' dir='ltr'><strong>Samnitium</strong></span> <span class='ocrx_word' id='word_1_87' title='bbox 1138 1987 1253 2072; x_wconf 85' lang='lat' dir='ltr'><strong>iugum</strong></span> <span class='ocrx_word' id='word_1_88' title='bbox 1280 1985 1458 2051; x_wconf 81' lang='lat' dir='ltr'><strong>subiimus.</strong></span> <span class='ocrx_word' id='word_1_89' title='bbox 1476 1988 1527 2052; x_wconf 77' lang='lat' dir='ltr'><strong>Ac</strong></span> 
     </span>
     <span class='ocr_line' id='line_1_12' title="bbox 291 2091 1527 2181; baseline 0 -24"><span class='ocrx_word' id='word_1_90' title='bbox 291 2100 415 2168; x_wconf 91' lang='lat' dir='ltr'><strong>tamen,</strong></span> <span class='ocrx_word' id='word_1_91' title='bbox 456 2093 482 2156; x_wconf 93' lang='lat' dir='ltr'><strong>si</strong></span> <span class='ocrx_word' id='word_1_92' title='bbox 516 2101 635 2158; x_wconf 77' lang='lat' dir='ltr'><strong>cuneta</strong></span> <span class='ocrx_word' id='word_1_93' title='bbox 653 2092 740 2158; x_wconf 89' lang='lat' dir='ltr'><strong>bella</strong></span> <span class='ocrx_word' id='word_1_94' title='bbox 764 2117 952 2166; x_wconf 84' lang='lat' dir='ltr'><strong>recenseas.</strong></span> <span class='ocrx_word' id='word_1_95' title='bbox 973 2092 1105 2158; x_wconf 88' lang='lat' dir='ltr'><strong>nullum</strong></span> <span class='ocrx_word' id='word_1_96' title='bbox 1122 2091 1274 2158; x_wconf 79' lang='lat' dir='ltr'><strong>breviore</strong></span> <span class='ocrx_word' id='word_1_97' title='bbox 1295 2093 1405 2180; x_wconf 89' lang='lat' dir='ltr'><strong>spatio</strong></span> <span class='ocrx_word' id='word_1_98' title='bbox 1425 2116 1527 2181; x_wconf 91' lang='lat' dir='ltr'><strong>quam</strong></span> 
     </span>
     <span class='ocr_line' id='line_1_13' title="bbox 290 2198 1527 2289; baseline -0.001 -25"><span class='ocrx_word' id='word_1_99' title='bbox 290 2198 451 2264; x_wconf 79' lang='lat' dir='ltr'><strong>adversus</strong></span> <span class='ocrx_word' id='word_1_100' title='bbox 471 2200 588 2264; x_wconf 82' lang='lat' dir='ltr'><strong>Gallos</strong></span> <span class='ocrx_word' id='word_1_101' title='bbox 623 2201 813 2266; x_wconf 85' lang='lat' dir='ltr'><strong>conlectum</strong></span> <span class='ocrx_word' id='word_1_102' title='bbox 833 2226 861 2269; x_wconf 80' lang='grc' dir='ltr'><strong>ι).</strong></span> <span class='ocrx_word' id='word_1_103' title='bbox 895 2239 933 2250; x_wconf 89' lang='grc'><strong>-</strong></span> <span class='ocrx_word' id='word_1_104' title='bbox 965 2202 1087 2280; x_wconf 78' lang='lat' dir='ltr'><strong>rr,25.</strong></span> <span class='ocrx_word' id='word_1_105' title='bbox 1110 2199 1181 2266; x_wconf 90' lang='lat' dir='ltr'><strong>Soli</strong></span> <span class='ocrx_word' id='word_1_106' title='bbox 1196 2200 1371 2265; x_wconf 91' lang='lat' dir='ltr'><strong>Gallorum</strong></span> <span class='ocrx_word' id='word_1_107' title='bbox 1386 2200 1527 2289; x_wconf 75' lang='lat' dir='ltr'><strong>(Aedui)</strong></span> 
     </span>
     <span class='ocr_line' id='line_1_14' title="bbox 293 2307 1526 2397; baseline 0.003 -26"><span class='ocrx_word' id='word_1_108' title='bbox 293 2307 511 2373; x_wconf 76' lang='lat' dir='ltr'><strong>fraternitatis</strong></span> <span class='ocrx_word' id='word_1_109' title='bbox 547 2332 670 2373; x_wconf 86' lang='lat' dir='ltr'><strong>nomen</strong></span> <span class='ocrx_word' id='word_1_110' title='bbox 701 2332 777 2373; x_wconf 93' lang='lat' dir='ltr'><strong>cum</strong></span> <span class='ocrx_word' id='word_1_111' title='bbox 809 2308 934 2397; x_wconf 88' lang='lat' dir='ltr'><strong>populo</strong></span> <span class='ocrx_word' id='word_1_112' title='bbox 968 2309 1121 2373; x_wconf 81' lang='lat' dir='ltr'><strong>ltomano</strong></span> <span class='ocrx_word' id='word_1_113' title='bbox 1151 2316 1326 2397; x_wconf 86' lang='lat' dir='ltr'><strong>usurpant.</strong></span> <span class='ocrx_word' id='word_1_114' title='bbox 1355 2347 1382 2355; x_wconf 86' lang='lat'>-</span> <span class='ocrx_word' id='word_1_115' title='bbox 1418 2309 1444 2380; x_wconf 90' lang='lat' dir='ltr'><strong>l.</strong></span> <span class='ocrx_word' id='word_1_116' title='bbox 1470 2307 1526 2375; x_wconf 78' lang='lat'><strong>51.</strong></span> 
     </span>
     <span class='ocr_line' id='line_1_15' title="bbox 291 2414 1527 2504; baseline -0.002 -24"><span class='ocrx_word' id='word_1_117' title='bbox 291 2415 495 2498; x_wconf 80' lang='lat' dir='ltr'><strong>(Germanici</strong></span> <span class='ocrx_word' id='word_1_118' title='bbox 524 2416 705 2503; x_wconf 79' lang='lat' dir='ltr'><strong>exercitus)</strong></span> <span class='ocrx_word' id='word_1_119' title='bbox 733 2416 946 2481; x_wconf 86' lang='lat' dir='ltr'><strong>contumacia</strong></span> <span class='ocrx_word' id='word_1_120' title='bbox 967 2414 1143 2479; x_wconf 85' lang='lat' dir='ltr'><strong>Gallorum</strong></span> <span class='ocrx_word' id='word_1_121' title='bbox 1170 2416 1312 2496; x_wconf 88' lang='lat' dir='ltr'><strong>inritati,</strong></span> <span class='ocrx_word' id='word_1_122' title='bbox 1335 2416 1393 2504; x_wconf 90' lang='lat' dir='ltr'><strong>qui</strong></span> <span class='ocrx_word' id='word_1_123' title='bbox 1408 2416 1527 2480; x_wconf 88' lang='lat' dir='ltr'><strong>remis-</strong></span> 
     </span>
     <span class='ocr_line' id='line_1_16' title="bbox 290 2521 1528 2612; baseline 0 -26"><span class='ocrx_word' id='word_1_124' title='bbox 290 2546 360 2587; x_wconf 90' lang='lat' dir='ltr'><strong>sam</strong></span> <span class='ocrx_word' id='word_1_125' title='bbox 386 2522 450 2588; x_wconf 87' lang='lat' dir='ltr'><strong>sibi</strong></span> <span class='ocrx_word' id='word_1_126' title='bbox 475 2523 614 2589; x_wconf 89' lang='lat' dir='ltr'><strong>aGalba</strong></span> <span class='ocrx_word' id='word_1_127' title='bbox 631 2532 784 2612; x_wconf 89' lang='lat' dir='ltr'><strong>quartam</strong></span> <span class='ocrx_word' id='word_1_128' title='bbox 806 2523 1011 2589; x_wconf 85' lang='lat' dir='ltr'><strong>tributorum</strong></span> <span class='ocrx_word' id='word_1_129' title='bbox 1028 2531 1157 2610; x_wconf 87' lang='lat' dir='ltr'><strong>partem</strong></span> <span class='ocrx_word' id='word_1_130' title='bbox 1178 2531 1211 2588; x_wconf 88' lang='lat' dir='ltr'><strong>ct</strong></span> <span class='ocrx_word' id='word_1_131' title='bbox 1235 2521 1369 2610; x_wconf 86' lang='lat' dir='ltr'><strong>publice</strong></span> <span class='ocrx_word' id='word_1_132' title='bbox 1385 2522 1528 2587; x_wconf 89' lang='lat' dir='ltr'><strong>donatos</strong></span> 
     </span>
     <span class='ocr_line' id='line_1_17' title="bbox 289 2629 1527 2715; baseline 0.001 -22"><span class='ocrx_word' id='word_1_133' title='bbox 289 2631 322 2695; x_wconf 92' lang='lat' dir='ltr'><strong>in</strong></span> <span class='ocrx_word' id='word_1_134' title='bbox 349 2631 567 2715; x_wconf 83' lang='lat' dir='ltr'><strong>ignominiam</strong></span> <span class='ocrx_word' id='word_1_135' title='bbox 598 2632 766 2696; x_wconf 85' lang='lat' dir='ltr'><strong>exercitus</strong></span> <span class='ocrx_word' id='word_1_136' title='bbox 791 2630 975 2696; x_wconf 89' lang='lat' dir='ltr'><strong>iactabant.</strong></span> <span class='ocrx_word' id='word_1_137' title='bbox 1006 2669 1048 2681; x_wconf 90' lang='lat'><em>-</em></span> <span class='ocrx_word' id='word_1_138' title='bbox 1083 2631 1107 2702; x_wconf 85' lang='lat' dir='ltr'><strong>l.</strong></span> <span class='ocrx_word' id='word_1_139' title='bbox 1140 2629 1194 2708; x_wconf 76' lang='grc'><strong>64.</strong></span> <span class='ocrx_word' id='word_1_140' title='bbox 1225 2630 1402 2714; x_wconf 77' lang='lat' dir='ltr'><strong>(Nuntiata</strong></span> <span class='ocrx_word' id='word_1_141' title='bbox 1427 2630 1527 2694; x_wconf 85' lang='lat' dir='ltr'><strong>caede</strong></span> 
     </span>
     <span class='ocr_line' id='line_1_18' title="bbox 293 2735 1526 2825; baseline 0.003 -27"><span class='ocrx_word' id='word_1_142' title='bbox 293 2736 434 2825; x_wconf 83' lang='lat' dir='ltr'><strong>Galbae)</strong></span> <span class='ocrx_word' id='word_1_143' title='bbox 469 2738 577 2803; x_wconf 91' lang='lat' dir='ltr'><strong>Gallis</strong></span> <span class='ocrx_word' id='word_1_144' title='bbox 620 2740 790 2805; x_wconf 86' lang='lat' dir='ltr'><strong>cunctatio</strong></span> <span class='ocrx_word' id='word_1_145' title='bbox 813 2747 968 2825; x_wconf 85' lang='lat' dir='ltr'><strong>exempta</strong></span> <span class='ocrx_word' id='word_1_146' title='bbox 996 2746 1029 2803; x_wconf 92' lang='lat' dir='ltr'><strong>ct</strong></span> <span class='ocrx_word' id='word_1_147' title='bbox 1048 2738 1082 2802; x_wconf 89' lang='lat' dir='ltr'><strong>in</strong></span> <span class='ocrx_word' id='word_1_148' title='bbox 1099 2735 1266 2802; x_wconf 83' lang='lat' dir='ltr'><strong>Othonem</strong></span> <span class='ocrx_word' id='word_1_149' title='bbox 1289 2761 1326 2802; x_wconf 92' lang='lat' dir='ltr'><strong>ac</strong></span> <span class='ocrx_word' id='word_1_150' title='bbox 1351 2737 1526 2803; x_wconf 79' lang='lat' dir='ltr'><strong>Vitellium</strong></span> 
     </span>
     <span class='ocr_line' id='line_1_19' title="bbox 292 2843 1525 2933; baseline 0 -25"><span class='ocrx_word' id='word_1_151' title='bbox 292 2843 406 2909; x_wconf 90' lang='lat' dir='ltr'><strong>odium</strong></span> <span class='ocrx_word' id='word_1_152' title='bbox 422 2868 492 2933; x_wconf 89' lang='lat' dir='ltr'><strong>par,</strong></span> <span class='ocrx_word' id='word_1_153' title='bbox 509 2869 549 2910; x_wconf 87' lang='lat' dir='ltr'><strong>cx</strong></span> <span class='ocrx_word' id='word_1_154' title='bbox 564 2846 701 2911; x_wconf 81' lang='lat' dir='ltr'><strong>l&#39;itrllio</strong></span> <span class='ocrx_word' id='word_1_155' title='bbox 717 2856 750 2912; x_wconf 88' lang='lat' dir='ltr'><strong>rt</strong></span> <span class='ocrx_word' id='word_1_156' title='bbox 783 2854 907 2911; x_wconf 88' lang='lat' dir='ltr'><strong>metus.</strong></span> <span class='ocrx_word' id='word_1_157' title='bbox 934 2884 977 2893; x_wconf 94' lang='lat'>—</span> <span class='ocrx_word' id='word_1_158' title='bbox 1004 2846 1029 2918; x_wconf 83' lang='grc' dir='ltr'><strong>Ι,</strong></span> <span class='ocrx_word' id='word_1_159' title='bbox 1052 2871 1105 2933; x_wconf 83' lang='lat'><strong>70·</strong></span> <span class='ocrx_word' id='word_1_160' title='bbox 1125 2845 1295 2930; x_wconf 86' lang='lat' dir='ltr'><strong>(Gaecina.</strong></span> <span class='ocrx_word' id='word_1_161' title='bbox 1321 2846 1353 2910; x_wconf 92' lang='lat' dir='ltr'><strong>in</strong></span> <span class='ocrx_word' id='word_1_162' title='bbox 1380 2844 1525 2931; x_wconf 86' lang='lat' dir='ltr'><strong>ltaliam)</strong></span> 
     </span>
     <span class='ocr_line' id='line_1_20' title="bbox 293 2953 1527 3040; baseline 0.002 -25"><span class='ocrx_word' id='word_1_163' title='bbox 293 2953 486 3039; x_wconf 90' lang='lat' dir='ltr'><strong>praemissis</strong></span> <span class='ocrx_word' id='word_1_164' title='bbox 509 2953 685 3017; x_wconf 89' lang='lat' dir='ltr'><strong>Gallorum</strong></span> <span class='ocrx_word' id='word_1_165' title='bbox 715 2954 1021 3040; x_wconf 87' lang='lat' dir='ltr'><strong>Lusitanorumque</strong></span> <span class='ocrx_word' id='word_1_166' title='bbox 1049 2961 1081 3017; x_wconf 88' lang='lat' dir='ltr'><strong>et</strong></span> <span class='ocrx_word' id='word_1_167' title='bbox 1112 2953 1351 3017; x_wconf 88' lang='lat' dir='ltr'><strong>Britannorum</strong></span> <span class='ocrx_word' id='word_1_168' title='bbox 1382 2953 1527 3017; x_wconf 90' lang='lat' dir='ltr'><strong>cohorti-</strong></span> 
     </span>
     <span class='ocr_line' id='line_1_21' title="bbox 290 3057 1528 3148; baseline 0.002 -27"><span class='ocrx_word' id='word_1_169' title='bbox 290 3057 394 3125; x_wconf 78' lang='lat' dir='ltr'><strong>bus..</strong></span> <span class='ocrx_word' id='word_1_170' title='bbox 411 3098 455 3110; x_wconf 95' lang='lat'><em>-</em></span> <span class='ocrx_word' id='word_1_171' title='bbox 475 3061 517 3132; x_wconf 85' lang='grc' dir='ltr'><strong>ΙΙ,</strong></span> <span class='ocrx_word' id='word_1_172' title='bbox 536 3060 591 3128; x_wconf 89' lang='grc'><strong>68.</strong></span> <span class='ocrx_word' id='word_1_173' title='bbox 611 3061 751 3125; x_wconf 83' lang='lat' dir='ltr'><strong>lluobus</strong></span> <span class='ocrx_word' id='word_1_174' title='bbox 771 3060 948 3136; x_wconf 82' lang='lat' dir='ltr'><strong>militibus,</strong></span> <span class='ocrx_word' id='word_1_175' title='bbox 973 3060 1079 3125; x_wconf 92' lang='lat' dir='ltr'><strong>altero</strong></span> <span class='ocrx_word' id='word_1_176' title='bbox 1095 3060 1237 3146; x_wconf 75' lang='lat' dir='ltr'><strong>legionis</strong></span> <span class='ocrx_word' id='word_1_177' title='bbox 1256 3061 1406 3148; x_wconf 88' lang='lat' dir='ltr'><strong>quintae,</strong></span> <span class='ocrx_word' id='word_1_178' title='bbox 1422 3059 1528 3126; x_wconf 85' lang='lat' dir='ltr'><strong>altero</strong></span> 
     </span>
     <span class='ocr_line' id='line_1_22' title="bbox 290 3165 1526 3257; baseline 0 -27"><span class='ocrx_word' id='word_1_179' title='bbox 290 3189 308 3230; x_wconf 89' lang='lat' dir='ltr'><strong>e</strong></span> <span class='ocrx_word' id='word_1_180' title='bbox 323 3165 431 3231; x_wconf 89' lang='lat' dir='ltr'><strong>Gallis</strong></span> <span class='ocrx_word' id='word_1_181' title='bbox 446 3168 677 3247; x_wconf 85' lang='lat' dir='ltr'><strong>auxiliaribus,</strong></span> <span class='ocrx_word' id='word_1_182' title='bbox 693 3193 752 3257; x_wconf 85' lang='lat' dir='ltr'><strong>per</strong></span> <span class='ocrx_word' id='word_1_183' title='bbox 768 3168 941 3234; x_wconf 82' lang='lat' dir='ltr'><strong>lasciviam</strong></span> <span class='ocrx_word' id='word_1_184' title='bbox 959 3167 1001 3232; x_wconf 92' lang='lat' dir='ltr'><strong>ad</strong></span> <span class='ocrx_word' id='word_1_185' title='bbox 1016 3175 1186 3232; x_wconf 89' lang='lat' dir='ltr'><strong>certamen</strong></span> <span class='ocrx_word' id='word_1_186' title='bbox 1202 3167 1351 3232; x_wconf 88' lang='lat' dir='ltr'><strong>luctandi</strong></span> <span class='ocrx_word' id='word_1_187' title='bbox 1363 3168 1526 3248; x_wconf 84' lang='lat' dir='ltr'><strong>accensis,</strong></span> 
     </span>
     <span class='ocr_line' id='line_1_23' title="bbox 290 3274 1526 3364; baseline 0.002 -27"><span class='ocrx_word' id='word_1_188' title='bbox 290 3281 468 3363; x_wconf 82' lang='lat' dir='ltr'><strong>postquam</strong></span> <span class='ocrx_word' id='word_1_189' title='bbox 495 3275 698 3362; x_wconf 81' lang='lat' dir='ltr'><strong>legionarius</strong></span> <span class='ocrx_word' id='word_1_190' title='bbox 728 3276 930 3364; x_wconf 88' lang='lat' dir='ltr'><strong>prociderat,</strong></span> <span class='ocrx_word' id='word_1_191' title='bbox 964 3274 1147 3339; x_wconf 89' lang='lat' dir='ltr'><strong>insultante</strong></span> <span class='ocrx_word' id='word_1_192' title='bbox 1170 3274 1268 3339; x_wconf 88' lang='lat' dir='ltr'><strong>Gallo</strong></span> <span class='ocrx_word' id='word_1_193' title='bbox 1282 3282 1312 3338; x_wconf 87' lang='lat' dir='ltr'><strong>et</strong></span> <span class='ocrx_word' id='word_1_194' title='bbox 1336 3275 1388 3352; x_wconf 90' lang='lat' dir='ltr'><strong>iis,</strong></span> <span class='ocrx_word' id='word_1_195' title='bbox 1407 3275 1464 3361; x_wconf 94' lang='lat' dir='ltr'><strong>qui</strong></span> <span class='ocrx_word' id='word_1_196' title='bbox 1486 3274 1526 3339; x_wconf 90' lang='lat' dir='ltr'><strong>ad</strong></span> 
     </span>
     <span class='ocr_line' id='line_1_24' title="bbox 291 3381 1528 3468; baseline 0.002 -24"><span class='ocrx_word' id='word_1_197' title='bbox 291 3381 511 3467; x_wconf 87' lang='lat' dir='ltr'><strong>spectandum</strong></span> <span class='ocrx_word' id='word_1_198' title='bbox 527 3393 766 3454; x_wconf 82' lang='lat' dir='ltr'><strong>convenerant.</strong></span> <span class='ocrx_word' id='word_1_199' title='bbox 785 3385 818 3448; x_wconf 93' lang='lat' dir='ltr'><strong>in</strong></span> <span class='ocrx_word' id='word_1_200' title='bbox 844 3383 958 3449; x_wconf 88' lang='lat' dir='ltr'><strong>studia</strong></span> <span class='ocrx_word' id='word_1_201' title='bbox 973 3381 1121 3447; x_wconf 88' lang='lat' dir='ltr'><strong>diductis</strong></span> <span class='ocrx_word' id='word_1_202' title='bbox 1141 3434 1162 3447; x_wconf 91' lang='lat'><strong>..</strong></span> <span class='ocrx_word' id='word_1_203' title='bbox 1189 3382 1291 3454; x_wconf 84' lang='lat' dir='ltr'><strong>-lt,</strong></span> <span class='ocrx_word' id='word_1_204' title='bbox 1310 3381 1363 3468; x_wconf 72' lang='lat'><strong>69,</strong></span> <span class='ocrx_word' id='word_1_205' title='bbox 1383 3381 1528 3446; x_wconf 84' lang='lat' dir='ltr'><strong>lleddita</strong></span> 
     </span>
     <span class='ocr_line' id='line_1_25' title="bbox 292 3488 1527 3575; baseline 0.001 -24"><span class='ocrx_word' id='word_1_206' title='bbox 292 3497 323 3575; x_wconf 74' lang='lat' dir='ltr'><strong>ta</strong></span> <span class='ocrx_word' id='word_1_207' title='bbox 340 3488 490 3574; x_wconf 79' lang='lat' dir='ltr'><strong>l&#39;itellio)</strong></span> <span class='ocrx_word' id='word_1_208' title='bbox 505 3489 701 3554; x_wconf 86' lang='lat' dir='ltr'><strong>civitatibus</strong></span> <span class='ocrx_word' id='word_1_209' title='bbox 717 3490 893 3554; x_wconf 84' lang='lat' dir='ltr'><strong>Gallorum</strong></span> <span class='ocrx_word' id='word_1_210' title='bbox 909 3489 1047 3560; x_wconf 80' lang='lat' dir='ltr'><strong>auxilia.</strong></span> <span class='ocrx_word' id='word_1_211' title='bbox 1060 3490 1181 3574; x_wconf 78' lang='lat' dir='ltr'><strong>ingens</strong></span> <span class='ocrx_word' id='word_1_212' title='bbox 1196 3512 1356 3552; x_wconf 84' lang='lat' dir='ltr'><strong>numerus</strong></span> <span class='ocrx_word' id='word_1_213' title='bbox 1372 3496 1404 3553; x_wconf 92' lang='lat' dir='ltr'><strong>et</strong></span> <span class='ocrx_word' id='word_1_214' title='bbox 1420 3489 1527 3575; x_wconf 88' lang='lat' dir='ltr'><strong>prima</strong></span> 
     </span>
     <span class='ocr_line' id='line_1_26' title="bbox 293 3594 1528 3683; baseline -0.001 -25"><span class='ocrx_word' id='word_1_215' title='bbox 293 3597 405 3659; x_wconf 88' lang='lat' dir='ltr'><strong>statim</strong></span> <span class='ocrx_word' id='word_1_216' title='bbox 448 3595 636 3661; x_wconf 86' lang='lat' dir='ltr'><strong>delectione</strong></span> <span class='ocrx_word' id='word_1_217' title='bbox 663 3598 748 3662; x_wconf 87' lang='lat' dir='ltr'><strong>inter</strong></span> <span class='ocrx_word' id='word_1_218' title='bbox 781 3599 892 3661; x_wconf 87' lang='lat' dir='ltr'><strong>inania</strong></span> <span class='ocrx_word' id='word_1_219' title='bbox 914 3596 994 3661; x_wconf 90' lang='lat' dir='ltr'><strong>belli</strong></span> <span class='ocrx_word' id='word_1_220' title='bbox 1015 3596 1227 3683; x_wconf 90' lang='lat' dir='ltr'><strong>adsumptus.</strong></span> <span class='ocrx_word' id='word_1_221' title='bbox 1247 3634 1287 3645; x_wconf 97' lang='lat'><em>-</em></span> <span class='ocrx_word' id='word_1_222' title='bbox 1305 3594 1346 3670; x_wconf 89' lang='lat' dir='ltr'><strong>ll,</strong></span> <span class='ocrx_word' id='word_1_223' title='bbox 1369 3594 1423 3680; x_wconf 76' lang='lat'><strong>93.</strong></span> <span class='ocrx_word' id='word_1_224' title='bbox 1448 3595 1528 3659; x_wconf 76' lang='lat' dir='ltr'><strong>l’os-</strong></span> 
     </span>
     <span class='ocr_line' id='line_1_27' title="bbox 293 3701 1528 3791; baseline 0 -25"><span class='ocrx_word' id='word_1_225' title='bbox 293 3708 439 3768; x_wconf 88' lang='lat' dir='ltr'><strong>tremo...</strong></span> <span class='ocrx_word' id='word_1_226' title='bbox 467 3704 649 3769; x_wconf 82' lang='lat' dir='ltr'><strong>infamibus</strong></span> <span class='ocrx_word' id='word_1_227' title='bbox 676 3705 827 3770; x_wconf 83' lang='lat' dir='ltr'><strong>l&#39;aticani</strong></span> <span class='ocrx_word' id='word_1_228' title='bbox 862 3704 948 3769; x_wconf 89' lang='lat' dir='ltr'><strong>locis</strong></span> <span class='ocrx_word' id='word_1_229' title='bbox 975 3726 1097 3788; x_wconf 78' lang='lat' dir='ltr'><strong>magna</strong></span> <span class='ocrx_word' id='word_1_230' title='bbox 1124 3726 1202 3791; x_wconf 89' lang='lat' dir='ltr'><strong>pars</strong></span> <span class='ocrx_word' id='word_1_231' title='bbox 1239 3701 1528 3788; x_wconf 83' lang='lat' dir='ltr'><strong>(Vitellianorum)</strong></span> 
     </span>
     <span class='ocr_line' id='line_1_28' title="bbox 293 3808 1530 3898; baseline 0.001 -26"><span class='ocrx_word' id='word_1_232' title='bbox 293 3810 452 3884; x_wconf 79' lang='lat' dir='ltr'><strong>tetendit:</strong></span> <span class='ocrx_word' id='word_1_233' title='bbox 484 3820 556 3876; x_wconf 88' lang='lat' dir='ltr'><strong>...ct</strong></span> <span class='ocrx_word' id='word_1_234' title='bbox 585 3812 758 3876; x_wconf 83' lang='lat' dir='ltr'><strong>adiacente</strong></span> <span class='ocrx_word' id='word_1_235' title='bbox 787 3811 899 3876; x_wconf 86' lang='lat' dir='ltr'><strong>Tiberi</strong></span> <span class='ocrx_word' id='word_1_236' title='bbox 925 3814 1170 3875; x_wconf 85' lang='lat' dir='ltr'><strong>Germanorum</strong></span> <span class='ocrx_word' id='word_1_237' title='bbox 1201 3809 1444 3898; x_wconf 86' lang='lat' dir='ltr'><strong>Gallorumque</strong></span> <span class='ocrx_word' id='word_1_238' title='bbox 1471 3808 1530 3874; x_wconf 92' lang='lat' dir='ltr'><strong>ob-</strong></span> 
     </span>
     <span class='ocr_line' id='line_1_29' title="bbox 294 3916 1516 4006; baseline 0.002 -26"><span class='ocrx_word' id='word_1_239' title='bbox 294 3917 392 3980; x_wconf 86' lang='lat' dir='ltr'><strong>noxia</strong></span> <span class='ocrx_word' id='word_1_240' title='bbox 409 3918 534 3982; x_wconf 88' lang='lat' dir='ltr'><strong>morbis</strong></span> <span class='ocrx_word' id='word_1_241' title='bbox 549 3943 687 4006; x_wconf 87' lang='lat' dir='ltr'><strong>corpora</strong></span> <span class='ocrx_word' id='word_1_242' title='bbox 701 3919 848 3983; x_wconf 90' lang='lat' dir='ltr'><strong>tluminis</strong></span> <span class='ocrx_word' id='word_1_243' title='bbox 865 3918 1026 3984; x_wconf 85' lang='lat' dir='ltr'><strong>ariditate</strong></span> <span class='ocrx_word' id='word_1_244' title='bbox 1042 3926 1072 3982; x_wconf 86' lang='lat' dir='ltr'><strong>ct</strong></span> <span class='ocrx_word' id='word_1_245' title='bbox 1089 3924 1202 3982; x_wconf 88' lang='lat' dir='ltr'><strong>aestus</strong></span> <span class='ocrx_word' id='word_1_246' title='bbox 1218 3917 1426 4004; x_wconf 89' lang='lat' dir='ltr'><strong>impatientia</strong></span> <span class='ocrx_word' id='word_1_247' title='bbox 1441 3916 1516 3982; x_wconf 87' lang='lat' dir='ltr'><strong>labe</strong></span> 
     </span>
     <span class='ocr_line' id='line_1_30' title="bbox 294 4024 1528 4110; baseline 0.001 -23"><span class='ocrx_word' id='word_1_248' title='bbox 294 4024 390 4090; x_wconf 86' lang='lat' dir='ltr'><strong>tacta.</strong></span> <span class='ocrx_word' id='word_1_249' title='bbox 409 4065 451 4074; x_wconf 91' lang='lat'>—</span> <span class='ocrx_word' id='word_1_250' title='bbox 473 4026 532 4095; x_wconf 88' lang='grc' dir='ltr'>ΙΙΙ.</span> <span class='ocrx_word' id='word_1_251' title='bbox 549 4026 603 4103; x_wconf 69' lang='grc'><strong>34.</strong></span> <span class='ocrx_word' id='word_1_252' title='bbox 633 4027 828 4110; x_wconf 82' lang='lat' dir='ltr'><strong>(Cremona)</strong></span> <span class='ocrx_word' id='word_1_253' title='bbox 850 4026 986 4092; x_wconf 89' lang='lat' dir='ltr'><strong>condita</strong></span> <span class='ocrx_word' id='word_1_254' title='bbox 1002 4033 1114 4091; x_wconf 85' lang='lat' dir='ltr'><strong>erat..·</strong></span> <span class='ocrx_word' id='word_1_255' title='bbox 1137 4025 1315 4110; x_wconf 82' lang='lat' dir='ltr'><strong>ingruente</strong></span> <span class='ocrx_word' id='word_1_256' title='bbox 1346 4025 1379 4088; x_wconf 94' lang='lat' dir='ltr'><strong>in</strong></span> <span class='ocrx_word' id='word_1_257' title='bbox 1396 4024 1528 4090; x_wconf 87' lang='lat' dir='ltr'><strong>ltaliam</strong></span> 
     </span>
     <span class='ocr_line' id='line_1_31' title="bbox 293 4130 1526 4222; baseline 0.005 -28"><span class='ocrx_word' id='word_1_258' title='bbox 293 4130 474 4204; x_wconf 74' lang='lat' dir='ltr'><strong>annibale.</strong></span> <span class='ocrx_word' id='word_1_259' title='bbox 490 4133 781 4222; x_wconf 85' lang='lat' dir='ltr'><strong>propugnaculum</strong></span> <span class='ocrx_word' id='word_1_260' title='bbox 792 4133 958 4198; x_wconf 81' lang='lat' dir='ltr'><strong>advorsus</strong></span> <span class='ocrx_word' id='word_1_261' title='bbox 969 4133 1087 4197; x_wconf 91' lang='lat' dir='ltr'><strong>Gallos</strong></span> <span class='ocrx_word' id='word_1_262' title='bbox 1098 4140 1193 4198; x_wconf 92' lang='lat' dir='ltr'><strong>trans</strong></span> <span class='ocrx_word' id='word_1_263' title='bbox 1204 4131 1333 4196; x_wconf 88' lang='lat' dir='ltr'><strong>Padum</strong></span> <span class='ocrx_word' id='word_1_264' title='bbox 1345 4139 1526 4218; x_wconf 84' lang='lat' dir='ltr'><strong>agentes...</strong></span> 
     </span>
     <span class='ocr_line' id='line_1_32' title="bbox 292 4239 1528 4328; baseline 0.001 -26"><span class='ocrx_word' id='word_1_265' title='bbox 292 4277 334 4286; x_wconf 97' lang='lat'>—</span> <span class='ocrx_word' id='word_1_266' title='bbox 351 4239 410 4319; x_wconf 74' lang='grc' dir='ltr'>ΙΙΙ,</span> <span class='ocrx_word' id='word_1_267' title='bbox 430 4265 483 4327; x_wconf 75' lang='lat'><strong>7²·</strong></span> <span class='ocrx_word' id='word_1_268' title='bbox 503 4239 737 4328; x_wconf 82' lang='lat' dir='ltr'><strong>(Capitolium)</strong></span> <span class='ocrx_word' id='word_1_269' title='bbox 755 4241 870 4305; x_wconf 66' lang='lat' dir='ltr'><strong>sellem</strong></span> <span class='ocrx_word' id='word_1_270' title='bbox 892 4241 1119 4327; x_wconf 83' lang='lat' dir='ltr'><strong>lovistlptimi</strong></span> <span class='ocrx_word' id='word_1_271' title='bbox 1150 4240 1330 4306; x_wconf 81' lang='lat' dir='ltr'><strong>hlaximi...</strong></span> <span class='ocrx_word' id='word_1_272' title='bbox 1344 4262 1445 4327; x_wconf 89' lang='lat' dir='ltr'><strong>quam</strong></span> <span class='ocrx_word' id='word_1_273' title='bbox 1462 4261 1528 4303; x_wconf 93' lang='lat' dir='ltr'><strong>non</strong></span> 
     </span>
     <span class='ocr_line' id='line_1_33' title="bbox 295 4346 1530 4437; baseline 0.003 -29"><span class='ocrx_word' id='word_1_274' title='bbox 295 4346 464 4411; x_wconf 86' lang='lat' dir='ltr'><strong>l&#39;orsenna</strong></span> <span class='ocrx_word' id='word_1_275' title='bbox 480 4346 592 4413; x_wconf 85' lang='lat' dir='ltr'><strong>dedita</strong></span> <span class='ocrx_word' id='word_1_276' title='bbox 608 4347 689 4412; x_wconf 84' lang='lat' dir='ltr'><strong>urbe</strong></span> <span class='ocrx_word' id='word_1_277' title='bbox 711 4372 820 4436; x_wconf 85' lang='lat' dir='ltr'><strong>nequo</strong></span> <span class='ocrx_word' id='word_1_278' title='bbox 836 4348 925 4413; x_wconf 87' lang='lat' dir='ltr'><strong>Galli</strong></span> <span class='ocrx_word' id='word_1_279' title='bbox 940 4357 1034 4437; x_wconf 89' lang='lat' dir='ltr'><strong>capta</strong></span> <span class='ocrx_word' id='word_1_280' title='bbox 1058 4357 1220 4412; x_wconf 88' lang='lat' dir='ltr'><strong>temerare</strong></span> <span class='ocrx_word' id='word_1_281' title='bbox 1233 4348 1465 4434; x_wconf 87' lang='lat' dir='ltr'><strong>potuissent...</strong></span> <span class='ocrx_word' id='word_1_282' title='bbox 1486 4384 1530 4397; x_wconf 93' lang='lat'>-</span> 
     </span>
     <span class='ocr_line' id='line_1_34' title="bbox 296 4452 1528 4543; baseline 0.002 -27"><span class='ocrx_word' id='word_1_283' title='bbox 296 4452 351 4526; x_wconf 76' lang='lat' dir='ltr'><strong>lt&#39;.</strong></span> <span class='ocrx_word' id='word_1_284' title='bbox 376 4455 427 4520; x_wconf 76' lang='lat'><strong>25.</strong></span> <span class='ocrx_word' id='word_1_285' title='bbox 448 4454 687 4519; x_wconf 57' lang='lat' dir='ltr'><strong>ildllucntibus</strong></span> <span class='ocrx_word' id='word_1_286' title='bbox 700 4455 836 4520; x_wconf 83' lang='lat' dir='ltr'><strong>auxiliis</strong></span> <span class='ocrx_word' id='word_1_287' title='bbox 850 4456 1038 4522; x_wconf 88' lang='lat' dir='ltr'><strong>Gallorum.</strong></span> <span class='ocrx_word' id='word_1_288' title='bbox 1056 4455 1111 4543; x_wconf 89' lang='lat' dir='ltr'><strong>qui</strong></span> <span class='ocrx_word' id='word_1_289' title='bbox 1129 4455 1238 4541; x_wconf 88' lang='lat' dir='ltr'><strong>primo</strong></span> <span class='ocrx_word' id='word_1_290' title='bbox 1254 4477 1324 4519; x_wconf 91' lang='lat' dir='ltr'><strong>rem</strong></span> <span class='ocrx_word' id='word_1_291' title='bbox 1342 4454 1528 4518; x_wconf 86' lang='lat' dir='ltr'><strong>llomanam</strong></span> 
     </span>
     <span class='ocr_line' id='line_1_35' title="bbox 293 4560 1528 4641; baseline 0.001 -18"><span class='ocrx_word' id='word_1_292' title='bbox 293 4564 390 4625; x_wconf 84' lang='lat' dir='ltr'><strong>enixo</strong></span> <span class='ocrx_word' id='word_1_293' title='bbox 420 4560 593 4627; x_wconf 83' lang='lat' dir='ltr'><strong>iuvabant.</strong></span> <span class='ocrx_word' id='word_1_294' title='bbox 624 4602 667 4610; x_wconf 96' lang='lat'>-</span> <span class='ocrx_word' id='word_1_295' title='bbox 696 4564 751 4641; x_wconf 83' lang='lat' dir='ltr'><strong>ll&#39;,</strong></span> <span class='ocrx_word' id='word_1_296' title='bbox 787 4563 839 4639; x_wconf 67' lang='lat'><strong>54.</strong></span> <span class='ocrx_word' id='word_1_297' title='bbox 870 4562 960 4627; x_wconf 91' lang='lat' dir='ltr'><strong>Galli</strong></span> <span class='ocrx_word' id='word_1_298' title='bbox 985 4561 1190 4626; x_wconf 87' lang='lat' dir='ltr'><strong>sustulerant</strong></span> <span class='ocrx_word' id='word_1_299' title='bbox 1216 4563 1358 4632; x_wconf 86' lang='lat' dir='ltr'><strong>animos.</strong></span> <span class='ocrx_word' id='word_1_300' title='bbox 1376 4560 1528 4625; x_wconf 83' lang='lat' dir='ltr'><strong>eamdem</strong></span> 
     </span>
     <span class='ocr_line' id='line_1_36' title="bbox 292 4667 1529 4757; baseline 0.001 -25"><span class='ocrx_word' id='word_1_301' title='bbox 292 4667 416 4755; x_wconf 84' lang='lat' dir='ltr'><strong>ubique</strong></span> <span class='ocrx_word' id='word_1_302' title='bbox 443 4670 651 4733; x_wconf 84' lang='lat' dir='ltr'><strong>exercituum</strong></span> <span class='ocrx_word' id='word_1_303' title='bbox 686 4679 877 4735; x_wconf 88' lang='lat' dir='ltr'><strong>nostrorum</strong></span> <span class='ocrx_word' id='word_1_304' title='bbox 904 4671 1074 4735; x_wconf 89' lang='lat' dir='ltr'><strong>lortunam</strong></span> <span class='ocrx_word' id='word_1_305' title='bbox 1102 4670 1164 4735; x_wconf 89' lang='lat' dir='ltr'><strong>rati</strong></span> <span class='ocrx_word' id='word_1_306' title='bbox 1190 4675 1304 4757; x_wconf 88' lang='lat' dir='ltr'><strong>tqnam</strong></span> <span class='ocrx_word' id='word_1_307' title='bbox 1334 4669 1366 4733; x_wconf 92' lang='lat' dir='ltr'><strong>in</strong></span> <span class='ocrx_word' id='word_1_308' title='bbox 1389 4671 1529 4733; x_wconf 78' lang='lat' dir='ltr'><strong>tlorrria·</strong></span> 
     </span>
     <span class='ocr_line' id='line_1_37' title="bbox 292 4775 1529 4863; baseline -0.001 -23"><span class='ocrx_word' id='word_1_309' title='bbox 292 4777 403 4860; x_wconf 75' lang='lat' dir='ltr'><strong>nia)...</strong></span> <span class='ocrx_word' id='word_1_310' title='bbox 422 4777 565 4862; x_wconf 85' lang='lat' dir='ltr'><strong>Gaptam</strong></span> <span class='ocrx_word' id='word_1_311' title='bbox 583 4777 664 4840; x_wconf 90' lang='lat' dir='ltr'><strong>olim</strong></span> <span class='ocrx_word' id='word_1_312' title='bbox 685 4803 701 4840; x_wconf 87' lang='lat' dir='ltr'><strong>a</strong></span> <span class='ocrx_word' id='word_1_313' title='bbox 725 4777 833 4842; x_wconf 88' lang='lat' dir='ltr'><strong>Gallis</strong></span> <span class='ocrx_word' id='word_1_314' title='bbox 856 4778 993 4849; x_wconf 83' lang='lat' dir='ltr'><strong>urbem:</strong></span> <span class='ocrx_word' id='word_1_315' title='bbox 1010 4778 1069 4841; x_wconf 91' lang='lat' dir='ltr'><strong>sed</strong></span> <span class='ocrx_word' id='word_1_316' title='bbox 1091 4778 1219 4863; x_wconf 78' lang='lat' dir='ltr'><strong>integra</strong></span> <span class='ocrx_word' id='word_1_317' title='bbox 1236 4776 1324 4840; x_wconf 83' lang='lat' dir='ltr'><strong>lovis</strong></span> <span class='ocrx_word' id='word_1_318' title='bbox 1339 4775 1418 4841; x_wconf 86' lang='lat' dir='ltr'><strong>sede</strong></span> <span class='ocrx_word' id='word_1_319' title='bbox 1434 4799 1529 4839; x_wconf 89' lang='lat' dir='ltr'><strong>man-</strong></span> 
     </span>
     <span class='ocr_line' id='line_1_38' title="bbox 293 4882 1528 4973; baseline 0.003 -30"><span class='ocrx_word' id='word_1_320' title='bbox 293 4883 374 4946; x_wconf 84' lang='lat' dir='ltr'><strong>sisse</strong></span> <span class='ocrx_word' id='word_1_321' title='bbox 400 4884 588 4970; x_wconf 90' lang='lat' dir='ltr'><strong>imperium.</strong></span> <span class='ocrx_word' id='word_1_322' title='bbox 620 4924 662 4932; x_wconf 95' lang='lat'><em>-</em></span> <span class='ocrx_word' id='word_1_323' title='bbox 698 4885 754 4960; x_wconf 75' lang='lat' dir='ltr'><strong>ll&#39;.</strong></span> <span class='ocrx_word' id='word_1_324' title='bbox 788 4889 838 4973; x_wconf 68' lang='lat'><strong>57.</strong></span> <span class='ocrx_word' id='word_1_325' title='bbox 857 4885 984 4949; x_wconf 74' lang='lat' dir='ltr'><strong>Vocula</strong></span> <span class='ocrx_word' id='word_1_326' title='bbox 1001 4883 1176 4948; x_wconf 88' lang='lat' dir='ltr'><strong>Gallorum</strong></span> <span class='ocrx_word' id='word_1_327' title='bbox 1192 4883 1310 4948; x_wconf 78' lang='lat' dir='ltr'><strong>fraudo</strong></span> <span class='ocrx_word' id='word_1_328' title='bbox 1339 4882 1528 4948; x_wconf 83' lang='lat' dir='ltr'><strong>illectusad</strong></span> 
     </span>
     <span class='ocr_line' id='line_1_39' title="bbox 294 4989 1529 5081; baseline -0.002 -27"><span class='ocrx_word' id='word_1_329' title='bbox 294 4990 422 5055; x_wconf 86' lang='lat' dir='ltr'><strong>hostem</strong></span> <span class='ocrx_word' id='word_1_330' title='bbox 437 4991 653 5058; x_wconf 78' lang='lat' dir='ltr'><strong>contendit...</strong></span> <span class='ocrx_word' id='word_1_331' title='bbox 672 4991 761 5056; x_wconf 89' lang='lat' dir='ltr'><strong>Galli</strong></span> <span class='ocrx_word' id='word_1_332' title='bbox 777 4993 881 5058; x_wconf 89' lang='lat' dir='ltr'><strong>duum</strong></span> <span class='ocrx_word' id='word_1_333' title='bbox 895 4992 1025 5056; x_wconf 91' lang='lat' dir='ltr'><strong>milium</strong></span> <span class='ocrx_word' id='word_1_334' title='bbox 1051 4993 1160 5081; x_wconf 89' lang='lat' dir='ltr'><strong>spatio</strong></span> <span class='ocrx_word' id='word_1_335' title='bbox 1176 4989 1382 5056; x_wconf 89' lang='lat' dir='ltr'><strong>distantibus</strong></span> <span class='ocrx_word' id='word_1_336' title='bbox 1402 4991 1529 5078; x_wconf 85' lang='lat' dir='ltr'><strong>campis</strong></span> 
     </span>
    </p>
   </div>
   <div class='ocr_carea' id='block_1_3' title="bbox 0 0 1860 6228">
    <p class='ocr_par' dir='ltr' id='par_1_3' title="bbox 0 0 1860 6228">
     <span class='ocr_line' id='line_1_40' title="bbox 0 0 1860 6228; baseline 0 0"><span class='ocrx_word' id='word_1_337' title='bbox 0 0 1860 6228; x_wconf 95' lang='lat' dir='ltr'><strong> </strong></span> 
     </span>
    </p>
   </div>
  </div>
 </body>
</html>
