3709 6234
355 844 409 899 540
933 851 967 903 ll.
989 851 1060 905 riso

395 989 482 1055 intra
502 989 640 1054 domum
653 1014 713 1079 pro
733 999 901 1079 potestate
919 992 1137 1059 adverterent
1150 991 1277 1081 (plebei
1292 991 1432 1081 tribuni)
1449 1015 1535 1059 neve
1550 992 1642 1057 mul-

395 1104 465 1162 tam
479 1097 571 1162 abiis
586 1096 710 1162 dictam
724 1107 920 1186 quaestores
938 1100 1055 1165 aerarii
1071 1099 1106 1164 in
1121 1099 1273 1187 publicas
1288 1098 1421 1165 tabulas
1444 1108 1521 1165 ante
1538 1108 1641 1187 quat-

396 1213 472 1269 tuor
482 1227 617 1269 menses
634 1205 809 1271 referrent.
828 1207 938 1283 -13,
957 1207 1011 1271 31.
1030 1205 1162 1272 Nerone
1177 1208 1299 1273 iterum
1314 1206 1351 1271 L.
1372 1206 1495 1271 Pisone
1511 1229 1640 1271 consu-

396 1310 495 1377 libus.
516 1349 556 1360 —
575 1312 624 1382 ιδ.
647 1314 695 1377 ι8.
720 1311 837 1400 (Nero)
854 1321 965 1379 tres...
983 1313 1189 1389 consulares,
1204 1314 1242 1378 L.
1260 1313 1430 1391 Pisonem,
1446 1314 1640 1378 Ducenium

365 1407 368 1412 ’
397 1418 589 1494 Geminum,
609 1418 806 1507 Pompeium
823 1419 1003 1485 Paulinum
1019 1420 1242 1508 vectigalibus
1257 1420 1402 1510 publicis
1425 1420 1638 1508 praeposuit.

354 1526 392 1591 L.
411 1524 524 1591 PlSO.
539 1525 638 1592 PlSO
649 1526 713 1612 (D)
725 1525 748 1592 ¹.
760 1565 794 1576 -
807 1526 863 1604 lV,
881 1527 935 1591 38.
954 1526 1111 1615 (Civitas)
1124 1526 1229 1593 lalsos
1239 1551 1382 1616 pavores
1396 1527 1562 1606 induerat,
1579 1526 1640 1592 de·

397 1631 537 1697 scivisse
553 1631 702 1697 Africam
716 1656 769 1697 res
781 1656 886 1697 novas
903 1633 1063 1699 moliente
1079 1635 1117 1701 L.
1136 1634 1270 1699 Pisone.
1291 1634 1323 1699 ls
1331 1657 1397 1720 pro
1409 1634 1544 1699 consule
1557 1657 1638 1720 pro-

366 1732 368 1735 ’
397 1738 528 1803 vinciae
543 1762 757 1827 nequaquam
778 1738 934 1804 turbidus
950 1740 1128 1828 ingenio...
1151 1779 1187 1789 —
1211 1741 1268 1813 lv,
1287 1742 1340 1817 48,
1359 1740 1430 1805 Sub
1445 1740 1533 1817 idern
1551 1748 1639 1805 tem-

398 1869 461 1933 pus
482 1845 520 1910 L.
544 1845 622 1910 Piso
644 1847 863 1934 proconsule
884 1848 1047 1935 (Africae)
1068 1848 1278 1914 interficitur.
1305 1885 1344 1898 -
1361 1848 1419 1927 lV,
1441 1850 1494 1935 49.
1519 1847 1641 1934 Legio·

398 1976 476 2017 nem
499 1953 532 2017 in
562 1952 677 2017 Africa
702 1952 841 2040 regebat
869 1954 1024 2019 Valerius
1058 1956 1221 2022 Festus..
1258 1955 1331 2019 ls...
1374 1954 1639 2043 temptaveritne

401 2061 557 2125 Pisonem
578 2059 620 2125 ad
636 2083 689 2125 res
704 2083 811 2125 novas
826 2084 868 2127 an
880 2062 1061 2149 temptanti
1074 2063 1247 2139 restiterit,
1269 2063 1448 2140 incertum,
1476 2062 1641 2150 quoniam

400 2175 529 2234 secreto
549 2190 666 2232 eorum
681 2191 781 2233 nemo
794 2168 902 2233 adluit
924 2177 959 2234 ct
974 2169 1084 2233 occiso
1105 2169 1227 2234 Pisone
1247 2169 1398 2256 plerique
1419 2168 1460 2233 ad
1493 2169 1641 2254 gratiam

400 2275 625 2341 interfectoris
641 2274 1038 2353 inclinavere...Quidam
1053 2275 1274 2340 eVitellianis
1291 2275 1372 2340 urbe
1388 2275 1643 2364 profugiosten-

398 2382 516 2470 tabant
533 2383 646 2446 Pisoni
663 2390 822 2448 nutantes
835 2382 977 2457 Gallias,
996 2391 1147 2471 paratam
1167 2383 1384 2448 Germaniam
1405 2435 1426 2449 ..
1444 2382 1535 2447 lnter
1551 2406 1642 2470 quae

400 2489 562 2555 Claudius
584 2489 756 2575 Sagitta..;
788 2490 1040 2556 adseveravit...
1069 2491 1227 2555 mandata
1251 2490 1472 2555 interficiendi
1502 2490 1643 2554 Pisonis

401 2597 589 2662 centurioni
610 2597 760 2684 (Papirio
780 2620 799 2660 a
823 2598 996 2684 Muciano)
1012 2598 1148 2678 data...,
1166 2596 1253 2662 nihil
1271 2597 1314 2661 ad
1330 2620 1369 2662 ea
1384 2604 1475 2661 moto
1499 2597 1640 2662 Pisone.

407 2705 569 2770 Centurio
595 2728 613 2768 a
642 2704 801 2769 Muciano
832 2706 999 2769 missus...
1026 2728 1148 2792 magna
1169 2728 1251 2769 voce
1273 2704 1360 2769 laeta
1386 2703 1499 2767 Pisoni
1526 2703 1644 2767 omnia

404 2821 575 2900 tamquam
617 2812 760 2899 principi
802 2812 1042 2878 continuare...
1085 2811 1217 2898 Vulgus
1256 2810 1429 2876 credulum
1469 2833 1564 2875 ruere
1605 2811 1643 2874 in

390 2920 513 2983 'lorum
527 2917 781 3006 (Carthaginis),
795 2919 1020 3005 praesentiam
1038 2919 1169 2983 Pisonis
1184 2941 1407 3006 exposcere...
1427 2918 1504 2982 Piso
1516 2918 1644 2982 indicio

403 3027 554 3114 Sagittae
568 3025 622 3090 vel
638 3026 738 3091 insita
769 3025 933 3091 modestia
965 3048 1032 3090 non
1062 3026 1095 3090 in
1109 3025 1281 3115 publicum
1306 3049 1463 3112 egressus
1483 3032 1575 3091 est...
1598 3062 1640 3075 —

404 3135 462 3212 lV,
482 3132 535 3199 50.
553 3131 725 3219 (Valerius
745 3133 876 3221 Festus)
892 3134 1024 3221 equites
1048 3134 1082 3198 in
1111 3119 1227 3198 necein
1247 3134 1381 3197 Pisonis
1397 3133 1512 3198 mittit.
1542 3131 1642 3198 llli...

401 3241 539 3305 domum
559 3241 771 3329 proconsulis
795 3241 1035 3329 inrumpunt...
1049 3248 1083 3306 et
1098 3264 1222 3327 magna
1243 3263 1321 3327 pars
1338 3240 1471 3304 Pisonis
1486 3239 1640 3326 ignari...

404 3348 541 3413 obvium
563 3348 647 3413 sorte
669 3371 816 3419 servum,
838 3349 994 3435 quisnam
1015 3356 1048 3412 et
1069 3347 1125 3411 ubi
1141 3356 1230 3411 esset
1257 3348 1345 3423 Piso,
1376 3347 1641 3433 interrogavere.

405 3456 532 3519 Servus
552 3456 686 3542 egregio
707 3454 881 3519 mendacio
910 3479 946 3518 se
975 3455 1132 3519 Pisonem
1161 3478 1234 3518 esse
1255 3454 1429 3542 respondit
1462 3478 1499 3517 ac
1527 3453 1644 3517 statim

405 3564 637 3628 obtruncatur.
658 3562 726 3627 Nec
751 3562 858 3626 multo
873 3571 951 3649 post
968 3563 1045 3626 Piso
1060 3563 1300 3627 interficitur...
1320 3561 1487 3650 (Valerius
1506 3560 1529 3622 1⁴*
1532 3562 1645 3645 estusb

406 3671 623 3735 Caetronium
655 3670 815 3734 Pisanum
846 3671 966 3734 vinciri
987 3672 1086 3735 iussit
1106 3671 1258 3757 proprias
1287 3669 1329 3733 ob
1354 3669 1557 3746 simultates
1583 3668 1646 3732 sed

406 3780 540 3843 Pisonis
557 3777 738 3842 satellitem
752 3778 906 3841 vocabat.
916 3830 938 3842 ..

360 3884 399 3948 L.
418 3884 517 3949 PlSO
530 3885 554 3957 ³²,
575 3907 608 3948 v.
625 3883 917 3948 CrlLl’VllNlVS
936 3883 1047 3948 PlStl.

362 3992 408 4069 Μ,
425 3991 537 4062 PlSO,
559 3989 693 4054 Ptsffl.
713 4028 752 4039 -
768 4012 799 4060 2.
819 3991 871 4078 76.
891 3990 979 4067 Quid
994 3989 1160 4076 agendum
1181 3988 1386 4053 consultanti
1412 3989 1488 4073 (Cn.
1515 3987 1646 4071 Pisoni)

406 4100 454 4167 M.
476 4100 554 4163 Piso
570 4098 660 4162 lilius
681 4098 929 4186 properandum
954 4098 986 4161 in
1004 4097 1121 4161 urbem
1153 4096 1322 4162 censebat.
1345 4135 1388 4146 -
1411 4122 1441 4176 2,
1461 4097 1514 4183 78.
1543 4095 1647 4159 llaud

407 4210 530 4293 ignavo
548 4205 589 4269 ad
605 4207 790 4269 ministeria
814 4205 894 4268 belli
925 4205 1045 4269 iuvene
1067 4205 1201 4278 Pisone,
1218 4227 1423 4291 quamquam
1453 4203 1647 4289 suscipien—

408 4317 488 4380 dum
505 4313 632 4377 bellum
664 4313 847 4377 abnuisset.
867 4313 958 4383 -3,
994 4311 1041 4376 16.
1074 4311 1239 4375 Caesar...
1267 4313 1315 4374 ll.
1353 4312 1507 4374 Pisonem
1534 4312 1649 4373 rocari

409 4424 500 4487 iubet
513 4422 523 4460 ‘¹
545 4420 738 4508 crebrisque
761 4418 1083 4505 interrogationibus
1103 4419 1261 4506 exquirit,
1284 4417 1419 4505 qualem
1445 4418 1537 4505 (Cn)
1566 4417 1647 4480 Piso

407 4531 497 4594 diem
520 4551 715 4614 supremum
738 4535 939 4613 noctemque
959 4526 1169 4611 exegisset...
1188 4526 1308 4613 (ldem)
1331 4525 1448 4588 recitat
1471 4523 1647 4589 codicillos

398 4743 403 4775 ¹
426 4742 453 4788 L.
467 4741 629 4801 Calpurnius
646 4740 716 4786 l’iso.
734 4740 857 4797 Pansam,
872 4739 900 4795 C,
922 4739 975 4786 238.
996 4739 1064 4785 vine
1082 4753 1150 4799 {lune
1168 4737 1295 4784 adnotavi
1310 4738 1342 4783 ael
1358 4751 1419 4783 eum
1434 4736 1478 4797 qui
1497 4734 1648 4796 praecedit.

396 4823 407 4857 ²
425 4822 517 4868 l'rnler
534 4821 581 4866 (In.
601 4820 714 4867 Pisonis.
734 4820 836 4866 l’mrsor·
851 4857 856 4869 .
873 4820 892 4866 C
907 4820 978 4873 ,233.

396 4903 406 4935 ³
424 4902 461 4948 tl.
476 4901 659 4962 (llarlpnrniust
678 4901 746 4946 Piso.
765 4901 916 4947 l'nterlrnii¹
932 4901 979 4947 (ln.
995 4899 1055 4946 Piso
1074 4899 1227 4946 Germanici
1247 4897 1380 4945 inimicus.

397 4981 568 5043 ⁴Supplcvit
588 4981 666 5028 llalnr
685 4981 938 5029 tl'eissenbornium
957 4984 1074 5029 secutus¹
