3709 6234
800 883 934 938 stativs
953 885 1060 937 GALBA
1513 879 1563 933 291

331 1029 491 1100 Carboni.
513 1054 666 1119 quosque
693 1031 777 1096 alios
801 1034 920 1098 merito
950 1033 1109 1121 antiquos
1138 1030 1419 1095 vocaverimus».
1441 1063 1486 1079 -
1512 1028 1565 1095 25.

329 1138 511 1226 (Loquitur
539 1138 713 1225 Messalla)
744 1140 874 1218 «Quod
906 1140 947 1205 ad
964 1140 1120 1205 Servium
1137 1137 1281 1202 Galbam
1296 1146 1329 1203 et
1355 1138 1393 1202 C.
1416 1135 1568 1202 Laelium

331 1245 465 1324 attinet,
491 1253 525 1311 et
553 1246 580 1309 si
605 1268 691 1333 quos
711 1247 795 1311 alios
815 1248 1042 1336 antiquiorum
1065 1249 1156 1335 Aper
1184 1245 1311 1333 agitare
1336 1267 1403 1309 non
1424 1243 1566 1316 destitit.

332 1374 399 1416 non
427 1352 533 1440 exigit
557 1351 800 1436 defensionem,
829 1377 905 1419 cum
920 1354 1026 1419 fatear
1042 1353 1208 1442 quaedam
1224 1352 1437 1440 eloquentiae
1452 1374 1567 1416 eorum

329 1466 367 1524 ut
382 1460 536 1525 nascenti
551 1460 661 1525 adhuc
677 1484 738 1527 nec
755 1462 836 1526 satis
854 1461 990 1527 adultae
1006 1461 1170 1527 deluisse¹
1189 1485 1218 1526 ».

289 1565 480 1632 SERVIVS
498 1567 666 1645 GALBA,
685 1569 863 1633 Galama
881 1572 954 1655 (B).
972 1609 1015 1617 -
1031 1570 1062 1649 3,
1081 1569 1132 1635 55.
1150 1568 1195 1633 Ea
1212 1591 1316 1648 arma,
1339 1567 1415 1656 quis
1431 1566 1569 1633 Servius

333 1673 441 1740 Galba
467 1699 579 1741 rerum
607 1676 750 1764 adeptus
767 1686 830 1743 est.
848 1715 888 1726 -
905 1677 936 1755 6,
960 1680 1009 1742 15.
1026 1677 1099 1741 Ser.
1122 1676 1231 1740 Galba
1248 1675 1283 1740 l..
1303 1675 1397 1740 Sulla
1414 1674 1568 1739 consuli-

332 1780 509 1856 bus-6.
527 1807 581 1847 20.
611 1782 686 1848 Non
700 1785 872 1848 omiserim
907 1784 1120 1871 praesagium
1136 1782 1260 1848 'liberii
1275 1783 1316 1848 de
1328 1783 1446 1847 Servio
1460 1781 1567 1847 Galba

333 1896 404 1954 tum
417 1890 558 1955 consule
574 1912 581 1971 ;
600 1915 699 1979 quem
716 1892 860 1957 accitum
877 1899 909 1957 et
923 1891 1066 1956 diversis
1079 1891 1293 1956 sermonibus
1306 1898 1568 1978 pertemptatum

331 2006 503 2086 postremo
523 1999 663 2065 Graecis
687 2000 799 2065 verbis
829 2000 862 2062 in
878 2001 964 2065 hanc
980 2001 1183 2065 sententiam
1200 1999 1378 2064 adlocutus
1399 2006 1450 2063 est
1467 2020 1473 2064 z
1492 2022 1507 2060 o
1526 1998 1569 2063 Et

333 2113 380 2178 tu,
413 2106 533 2184 Galba,
557 2108 760 2196 quandoque
791 2108 988 2194 degustabis
1004 2109 1181 2196 imperium
1199 2132 1229 2183 n,
1254 2131 1362 2172 seram
1378 2131 1415 2171 ac
1432 2107 1569 2171 brevem

333 2215 517 2300 potentiam
532 2216 770 2302 significans...
789 2255 831 2263 -
848 2215 873 2283 l.
898 2240 922 2281 ι.
948 2215 1085 2280 Initium
1100 2214 1180 2278 mibi
1196 2215 1308 2303 operis
1324 2215 1463 2280 Servius
1479 2212 1566 2278 Gal-

332 2319 372 2385 ba
398 2322 531 2404 iterum,
558 2324 653 2389 Titus
679 2323 799 2388 l'inius
819 2322 976 2388 consules
992 2331 1114 2389 erunt..
1148 2323 1231 2387 Mihi
1252 2321 1372 2400 Galba,
1389 2322 1490 2394 Otho,
1514 2321 1570 2383 l'i—

334 2428 447 2494 tellius
462 2453 524 2495 nec
540 2430 702 2496 benetieio
729 2456 788 2496 nec
805 2431 926 2495 iniuria
949 2431 1086 2516 cogniti.
1106 2470 1143 2482 -
1164 2430 1188 2502 l,
1208 2432 1236 2494 ἶ).
1257 2430 1357 2494 Miles
1377 2428 1567 2494 urbanus...

333 2545 512 2625 postquam
530 2561 638 2625 neque
652 2538 722 2603 dari
741 2538 940 2602 donativum
953 2538 1015 2602 sub
1031 2537 1167 2602 nomine
1180 2536 1308 2602 Galbae
1323 2537 1568 2625 promissum...

333 2652 618 2733 praeventamque
648 2646 790 2733 gratiam
822 2645 988 2730 intellegit
1020 2644 1107 2732 apud
1130 2645 1314 2733 principem
1340 2669 1358 2708 a
1382 2642 1570 2732 legionibus

333 2759 499 2826 lactum...
516 2762 584 2827 Nec
609 2762 749 2828 deerant
770 2786 943 2827 sermones
969 2761 1101 2826 senium
1121 2768 1221 2851 atque
1246 2761 1422 2826 avaritiam
1442 2760 1570 2825 Galbae

335 2867 593 2957 increpantium.
618 2869 767 2935 laudata
794 2870 874 2933 olim
905 2879 938 2934 et
964 2868 1099 2933 militari
1114 2868 1201 2932 torna
1222 2868 1390 2933 celebrata
1408 2868 1571 2933 severitas

333 2975 405 3042 eius
425 2976 571 3062 angebat
589 2986 808 3064 aspernantes
833 2986 980 3042 veterem
1001 2976 1256 3064 disciplinam...
1274 2977 1427 3041 Accessit
1442 2975 1570 3041 Galbae

333 3108 399 3149 vox
412 3107 472 3173 pro
489 3083 659 3171 republica
673 3085 828 3161 honesta,
845 3085 908 3172 ipsi
925 3108 1061 3171 anceps,
1076 3084 1141 3169 legi
1158 3107 1175 3148 a
1190 3108 1225 3148 se
1235 3083 1387 3164 militem,
1408 3108 1474 3148 non
1490 3083 1567 3149 emi.

334 3189 401 3257 Neo
422 3192 511 3258 enim
531 3192 573 3256 ad
589 3193 674 3257 hane
694 3192 836 3256 lornmm
852 3199 963 3256 cetera
981 3200 1086 3256 erant.
1110 3231 1151 3239 —
1175 3216 1200 3266 r,
1223 3191 1255 3256 6.
1278 3192 1425 3256 'lardum
1442 3189 1570 3255 Galbae

334 3299 395 3365 iter
422 3306 455 3364 et
482 3306 671 3373 cruentum,
703 3298 930 3364 interfectis...
971 3337 1013 3346 —
1042 3297 1068 3368 l.
1098 3323 1128 3386 7.
1160 3297 1346 3384 (Clodium)
1368 3298 1518 3362 Macrum
1537 3297 1569 3361 in

334 3407 447 3471 Africa
475 3406 684 3471 hauddubie
717 3407 908 3471 turbantem
943 3405 1352 3470 'l'reboniusGarutianus
1372 3413 1570 3492 procurator

334 3513 427 3580 iussu
441 3514 570 3579 Galbae
591 3514 843 3602 (interiecerat).
854 3568 874 3579 ..
897 3514 1000 3578 Fuere
1016 3514 1074 3602 qui
1092 3513 1267 3578 crederent
1284 3512 1492 3598 (Fonteium)
1504 3513 1570 3577 Ca·

333 3623 524 3710 pitonem...
547 3623 751 3709 cogitatione
775 3646 886 3687 rerum
916 3644 1078 3685 notarum
1096 3620 1314 3692 abstinuisse,
1336 3618 1394 3684 sed
1416 3618 1571 3705 alegatis

333 3729 459 3795 bellum
490 3730 723 3804 suadentibus,
742 3737 921 3819 postquam
951 3727 1124 3816 impellere
1141 3727 1366 3814 nequiverint,
1389 3726 1516 3790 crimen
1532 3749 1570 3790 ae

333 3837 449 3902 dolum
475 3836 562 3902 ultro
591 3838 827 3926 compositum.
860 3846 893 3901 et
921 3836 1065 3901 Galbam
1095 3834 1282 3899 mobilitate
1309 3833 1448 3922 ingenii,
1471 3856 1571 3898 anne

334 3943 434 4010 altius
458 3953 677 4014 scrutaretur.
704 3968 839 4032 quoquo
863 3944 961 4007 modo
978 3951 1063 4021 acta,
1081 3942 1160 4031 quia
1175 3942 1298 4008 mutari
1313 3964 1380 4006 non
1402 3948 1569 4028 poterant,

333 4051 613 4141 comprobasse...
637 4052 714 4140 lpsa
730 4061 822 4116 aetas
838 4050 967 4115 Galbae
983 4051 1100 4114 inrisui
1130 4073 1167 4115 ao
1182 4050 1318 4115 fastidio
1334 4056 1406 4114 erat
1422 4048 1571 4114 adsuetis

334 4158 488 4225 iuventae
514 4159 657 4224 Neronis
689 4169 720 4224 et
737 4160 958 4246 imperatores
975 4158 1080 4223 torma
1095 4181 1132 4222 ac
1149 4157 1268 4222 decore
1284 4157 1447 4245 corporiS,
1470 4164 1506 4221 ut
1521 4163 1571 4221 est

334 4290 407 4332 mos
422 4267 529 4355 vulgi,
547 4267 833 4355 comparantibus.
855 4305 892 4315 -
913 4266 936 4339 l,
960 4271 991 4331 8.
1010 4265 1201 4330 Germanici
1218 4265 1428 4331 exercitus...
1447 4263 1571 4330 tardea

332 4372 465 4440 Nerone
477 4374 701 4447 desciverant,
714 4374 901 4461 neestatim
913 4397 972 4461 pro
985 4372 1092 4438 Galba
1102 4373 1340 4456 Verginius-
1353 4372 1418 4458 l,9.
1435 4371 1572 4435 Interio-

334 4481 379 4545 ris
394 4481 594 4546 Germaniae
615 4482 765 4565 legiones
784 4479 911 4545 diutius
932 4482 1003 4545 sine
1023 4478 1191 4543 consulari
1214 4479 1318 4547 luere.
1340 4478 1446 4543 donec
1467 4478 1572 4541 missu

334 4587 462 4654 Galbae
479 4591 522 4655 Α.
540 4589 697 4655 Vitellius
723 4588 878 4653 aderat...
922 4628 954 4637 -
972 4587 997 4656 l.
1021 4611 1069 4653 ro.
1094 4585 1162 4651 Nec
1181 4586 1387 4674 Vespasiano
1409 4584 1573 4650 adversus

334 4695 479 4762 Galbam
498 4706 614 4763 votum
645 4705 702 4761 amt-
729 4698 884 4761 animus:
907 4696 1032 4782 quippe
1051 4695 1163 4760 Titum
1194 4693 1300 4759 lilium
1329 4693 1573 4759 adseueratio-

321 4930 329 4964 ί
348 4928 379 4978 V.
397 4931 477 4978 etiam
490 4931 692 4978 adnotatiomun
709 4930 741 4976 ud
761 4931 871 4975 ,tsrurn
886 4928 1034 4975 l'omnosea
1054 4928 1101 4984 (rr.
1114 4929 1146 4973 o.

321 5010 406 5061 ²Ser.
423 5010 559 5073 Sulpicius
575 5011 670 5067 Galba,
688 5011 743 5058 Ser.
763 5009 849 5058 Galba
869 5010 937 5071 lmp.
954 5009 1210 5070 (laesurutugustus.
1228 5007 1349 5066 tuos-ov..
1364 5005 1390 5062 S,
1407 5006 1463 5066 7²23·
