3709 6234
725 862 873 920 thursta
891 865 1016 920 PAETVS
1455 860 1507 916 667

276 1016 379 1088 ortos,
395 1030 461 1099 qua
475 1015 677 1099 tempestate
699 1010 772 1076 laso
786 1017 864 1099 post
880 1016 1035 1075 avectam
1048 1006 1242 1074 Medeam...
1268 1008 1402 1072 inanem
1420 994 1508 1071 ¹mox
1633 1061 1638 1070 .
1753 1027 1756 1034 ·

276 1118 403 1205 regiam
416 1119 543 1183 Aeetae
554 1140 746 1206 vacuosque
763 1116 908 1184 Colchos
919 1117 1088 1205 repetivit.
1113 1139 1117 1149 ·

231 1223 472 1290 THRAECES
484 1225 506 1293 ¹.
523 1262 567 1314 ·.‘
582 1248 614 1305 a,
630 1224 685 1302 64.
705 1224 974 1312 (Rhoemetalce)
989 1224 1147 1290 defuncto
1168 1224 1346 1310 Augustus
1379 1230 1508 1311 partem

275 1331 462 1398 Thraecum
483 1317 729 1421 Rhescuporidi
754 1332 848 1398 tratri
871 1333 958 1410 eius,
976 1341 1106 1420 partem
1125 1331 1196 1396 lilio
1222 1331 1321 1418 Cotyi
1343 1330 1507 1418 permisit.

273 1478 314 1490 —
337 1442 370 1519 4,
388 1439 442 1517 46,
477 1440 619 1505 Decreta
639 1439 800 1528 triumphi
834 1440 979 1528 insignia
1009 1441 1166 1528 Poppaeo
1196 1437 1321 1504 Sabino
1355 1437 1508 1503 contusis

273 1545 459 1611 Thraecum
483 1547 655 1636 gentibus.
671 1584 716 1598 —
745 1549 777 1624 4,
792 1548 846 1625 48.
872 1547 1014 1613 Relictis
1040 1546 1130 1635 apud
1155 1547 1268 1635 priora
1298 1546 1509 1611 munimenta

274 1654 490 1733 Thraecibus,
504 1678 589 1743 quos
616 1654 715 1720 nobis
747 1655 896 1721 adfuisse
919 1655 1104 1721 memoravi
1123 1706 1146 1721 ..
1171 1654 1359 1719 Thraecum
1373 1651 1511 1718 auxilia

275 1764 451 1852 repentino
483 1763 622 1828 incursu
637 1764 766 1828 territa.
800 1799 842 1813 -
871 1762 896 1841 l,
920 1762 975 1830 68.
1007 1762 1184 1850 (Helvetii)
1216 1762 1331 1828 statim
1358 1760 1510 1826 immissa

276 1871 412 1936 cohorte
433 1871 599 1935 Thracum
630 1870 774 1959 depulsi.

232 1977 469 2044 Trluasscln
482 1978 504 2045 ¹.
523 2018 565 2027 -
582 2002 613 2060 a,
631 1977 685 2056 64.
702 1977 1180 2067 Rhescuporim...Thraeciae
1201 2000 1374 2064 regem-
1388 1978 1510 2065 (Rhcs·

275 2086 424 2175 cuporis)
435 2085 637 2152 Thraecia...
656 2086 749 2150 omni
768 2086 938 2174 potitus...
969 2122 1012 2135 -
1043 2110 1074 2165 a,
1092 2083 1146 2150 66.
1175 2085 1320 2150 Litteras
1356 2084 1511 2173 (Tiberii)

274 2193 427 2259 Latinius
452 2192 610 2257 Pandusa
627 2216 687 2280 pro
702 2202 855 2281 praetore
870 2194 1103 2259 Moesiaecum
1115 2192 1292 2274 militibus,
1308 2194 1385 2282 quis
1403 2195 1509 2282 Cotys

276 2300 474 2380 traderetur,
502 2300 536 2364 in
560 2300 735 2365 Thraciam
758 2301 863 2369 misit.
884 2338 927 2350 -
962 2325 991 2381 a,
1018 2299 1073 2389 67.
1110 2299 1251 2365 Flaccus
1274 2301 1309 2365 in
1334 2300 1509 2365 Thraciam

275 2415 548 2495 transgressus..
571 2408 710 2473 Thracia
719 2409 753 2473 in
770 2407 1032 2474 Rhoemetalcen
1050 2407 1344 2495 (Rhescuporidis)
1360 2407 1507 2473 tilium...

275 2516 377 2604 inque
394 2515 517 2581 liberos
533 2516 651 2603 Cotyis
667 2515 841 2582 dividitur.
857 2553 898 2566 -
916 2515 947 2595 3,
970 2515 1023 2581 38.
1042 2517 1141 2604 Aqua
1154 2523 1187 2580 et
1202 2515 1274 2602 igni
1292 2514 1509 2581 interdictum

275 2645 331 2688 reo
349 2624 514 2711 (Antistio
542 2623 679 2711 Veteri),
706 2622 966 2711 adpositumque
1000 2630 1038 2687 ut
1066 2630 1236 2688 teneretur
1265 2622 1374 2687 insula
1402 2646 1510 2712 neque

275 2729 494 2797 Macedoniae
520 2754 628 2820 neque
660 2731 839 2796 Thraeciae
873 2738 1074 2819 opportuna.
1099 2729 1186 2795 Nam
1213 2730 1375 2796 Thraecia
1399 2729 1510 2795 diviso

274 2838 414 2926 imperio
433 2840 467 2903 in
502 2838 763 2905 Rhoemetalcen
788 2846 823 2905 et
847 2838 972 2903 liberos
1002 2838 1162 2925 Cotyis...
1192 2837 1373 2903 insolentia
1402 2838 1510 2903 nostri

275 2945 405 3011 discors
431 2946 594 3033 agebat...
621 2985 665 2996 —
695 2949 726 3026 4,
759 2947 790 3011 5.
823 2945 1019 3011 Thraeciam
1042 2944 1306 3010 'Rhoemetalces
1340 2969 1377 3010 ac
1412 2945 1508 3011 libori

275 3052 433 3139 Cotyis...
456 3052 656 3120 attinebant.
678 3091 721 3103 -
736 3053 768 3132 6,
785 3077 834 3118 ιο.
850 3054 887 3120 L.
905 3054 983 3117 Piso
999 3052 1103 3117 decus
1119 3051 1323 3141 triumphale
1339 3052 1373 3117 in
1388 3053 1510 3118 Thrae-

274 3160 325 3224 cia
353 3168 531 3225 meruerat.
557 3160 643 3240 -l,
680 3185 729 3226 ιι.
762 3162 855 3226 Duae
885 3160 1128 3238 Mauretaniae,
1165 3160 1294 3243 Raetia,
1332 3159 1504 3234 Noricum,

274 3267 425 3347 Thracia,
443 3275 476 3333 et
489 3292 574 3357 quae
589 3268 673 3333 aliae
697 3267 972 3355 procuratoribus
987 3267 1198 3348 cohibentur,
1216 3275 1253 3332 ut
1268 3267 1388 3355 cuique
1407 3290 1510 3332 exer-

274 3375 355 3441 citui
369 3376 511 3455 vicinae,
525 3376 571 3441 ita
582 3376 615 3439 in
635 3374 785 3441 savorem
796 3383 855 3441 aut
871 3374 985 3439 odium
1002 3382 1159 3440 contactu
1180 3374 1405 3439 valentiorum
1432 3398 1509 3461 age·

277 3482 412 3549 bantur.

230 3587 478 3669 TllRAEClh,
501 3589 580 3656 VM.
599 3629 639 3641 -
655 3616 686 3672 a,
706 3594 758 3668 54.
776 3591 1016 3658 Perinthum...
1033 3613 1070 3654 ac
1092 3589 1304 3676 Byzantium,
1330 3589 1509 3655 Thraecias

275 3697 417 3766 urbes..
439 3739 480 3750 -
504 3721 553 3779 ιι,
571 3697 624 3763 63.
642 3698 820 3784 (Claudius
840 3697 1034 3785 Byzantios)
1065 3697 1226 3762 Thraecio
1248 3693 1509 3785 Bosporanoque

276 3804 364 3870 bello
385 3828 501 3870 recens
523 3805 629 3870 sessos
645 3805 878 3895 iuvandosque
894 3804 1038 3871 rettulit.

232 3910 445 3978 THRASEA
489 3912 676 3988 Pnu'rv's,
718 3913 892 3979 PAETVS
934 3911 1160 3991 TllRASEA,
1195 3894 1443 3980 TuitASEa'a
1470 3953 1511 3964 -

279 4021 328 4099 13,
350 4023 403 4110 49.
429 4020 504 4084 Non
538 4020 695 4085 referrem
735 4020 1012 4108 vulgarissimum
1039 4027 1179 4085 senatus
1203 4020 1410 4100 consultum,
1443 4045 1509 4110 quo

275 4128 404 4193 civitati
433 4130 722 4214 Syracusanorum
750 4128 865 4213 egredi
892 4150 1070 4192 numerum
1100 4126 1239 4192 edendis
1266 4127 1511 4215 gladiatoribus

276 4235 409 4300 finitum
430 4234 773 4323 permittebatur,nisi
791 4236 916 4300 Paetus
935 4235 960 4298 Τ
963 4235 1081 4299 hrasea
1097 4242 1214 4301 contra
1240 4234 1384 4301 dixisset
1417 4259 1511 4323 prae·

277 4341 473 4430 buissetque
510 4342 685 4407 materiem
724 4339 1008 4408 obtrectatoribus
1045 4340 1236 4426 arguendae
1279 4342 1508 4409 sententiae...

277 4474 293 4511 a
318 4450 373 4513 An
391 4448 500 4513 solum
515 4449 749 4514 emendatione
764 4448 919 4536 dignum,
933 4471 1016 4513 ne...
1031 4450 1046 4511 'l
1066 4449 1187 4518 Cetera
1202 4471 1262 4535 per
1277 4472 1395 4514 omnes
1407 4450 1511 4538 impe-

276 4557 316 4621 rii
330 4564 442 4645 partes
459 4557 595 4644 perinde
611 4556 758 4644 egregia,
776 4580 877 4644 quam
893 4556 921 4621 si
941 4579 1010 4621 non
1038 4554 1138 4636 Nero,
1169 4555 1227 4620 sed
1257 4554 1403 4621 Thrasea
1423 4559 1510 4646 regi-

277 4688 354 4729 men
368 4688 484 4730 corum
498 4672 626 4730 teneret
644 4667 701 4730 ἱ)...
721 4692 736 4724 n
758 4664 904 4729 Thrasea
930 4671 1059 4742 contra,
1096 4663 1262 4728 rationem
1291 4664 1510 4751 poscentibus

264 4915 270 4950 ¹
290 4917 457 4967 varietatem
476 4920 628 4982 scripturae
645 4920 744 4982 (Thrac
760 4949 797 4970 -.
817 4920 885 4969 't'hra
904 4920 954 4981 -).
968 4925 997 4970 ut
1008 4925 1050 4969 cst
1065 4920 1091 4967 in
1104 4920 1254 4983 codicibus,
1270 4923 1384 4971 servavi.

127 4989 149 5032 0
263 4998 273 5031 '²
291 4998 320 5048 P.
334 5000 445 5048 Clodius
460 5001 577 5050 Thrasea
595 5002 704 5052 Pactus.
724 5003 847 5061 Pnosor„
865 5002 893 5052 C.
909 5002 965 5064 9³⁸·

295 5104 373 5157 Umv.
392 5124 425 5157 oe
438 5109 562 5160 Laom-
576 5110 659 5158 tana
1385 5108 1415 5160 lt

1203 5187 1711 5501 J*
