3709 6234
284 845 337 900 278
786 850 802 900 F
805 847 917 900 ttvtvs
932 847 1064 901 sastnvs

329 990 489 1055 Plancius
505 990 656 1057 Varus..
675 988 765 1077 apud
778 987 933 1054 Flavium
955 989 1118 1054 Sabinum
1135 988 1344 1078 praelectum
1366 989 1462 1055 urbis
1476 989 1568 1056 obie-

328 1098 415 1164 cit...
446 1097 671 1161 Cunctantem
710 1118 812 1183 super
850 1103 945 1161 tanta
981 1119 1014 1161 re
1049 1095 1205 1162 Flavium
1248 1095 1411 1161 Sabinum
1441 1097 1567 1163 Triaria

330 1205 368 1271 L.
387 1203 515 1270 Vitellii
530 1227 656 1269 uxor...
686 1203 848 1269 terruit...
878 1202 1025 1268 Sabinus
1050 1210 1171 1291 suopte
1198 1204 1335 1291 ingenio
1363 1204 1471 1282 mitis,
1513 1204 1570 1271 ubi

328 1311 472 1376 formido
492 1311 699 1382 incessisset.
726 1309 833 1375 facilis
863 1317 995 1375 mutatu
1011 1318 1045 1375 et
1072 1311 1107 1375 in
1136 1310 1246 1375 alieno
1279 1310 1477 1377 discrimine
1506 1312 1570 1377 sibi

326 1442 466 1507 pavens,
489 1441 530 1483 ne
542 1417 718 1484 adlevasse
738 1416 919 1492 videretur,
938 1418 1075 1505 impulit
1094 1426 1259 1483 ruentem.
1277 1457 1320 1468 —
1341 1417 1384 1496 ΙΙ,
1402 1442 1460 1508 99.
1486 1419 1568 1485 Cre-

327 1526 442 1592 didere
460 1526 614 1613 plerique
636 1523 743 1589 Flavii
763 1523 880 1589 Sabini
900 1524 1053 1589 consiliis
1069 1548 1267 1590 concussam
1285 1525 1429 1612 (Alieni)
1445 1526 1568 1592 Caeci-

328 1658 390 1700 nae
407 1641 568 1710 mentem,
587 1632 742 1696 ministro
756 1654 952 1696 sermonum
979 1632 1107 1697 llubrio
1127 1631 1227 1696 Callo
1246 1651 1253 1697 :
1277 1641 1348 1698 rata
1374 1633 1465 1720 apud
1479 1633 1568 1699 Ves-

327 1741 505 1830 pasianum
520 1740 591 1804 lore
601 1748 699 1826 pacta
715 1739 938 1804 transitionis.
953 1779 995 1787 -
1011 1739 1072 1816 ΙΙΙ,
1090 1739 1143 1829 59.
1162 1739 1279 1804 Flavio
1292 1762 1428 1828 quoque
1440 1739 1567 1805 Sabino

326 1873 364 1914 ac
382 1846 574 1911 Domitiano
590 1846 741 1932 patuisse
752 1845 914 1932 ellugiunr
930 1848 983 1933 (ex
1001 1845 1098 1933 urbe)
1115 1846 1212 1911 multi
1227 1845 1438 1913 tradidere...
1462 1845 1566 1912 Sabi-

326 1979 389 2020 nus
429 1953 613 2018 inhabilem
634 1951 741 2018 labori
773 1962 806 2018 et
839 1953 1000 2019 audaciae
1026 1953 1258 2019 valetudinem
1286 1953 1502 2020 causabatur.
1523 1993 1566 2004 -

327 2062 387 2132 ΙΙΙ,
406 2062 459 2139 aa.
477 2063 524 2126 Ar
542 2062 708 2148 primores
723 2060 872 2126 civitatis
890 2060 1045 2126 Flavium
1057 2061 1221 2126 Sabinum
1236 2061 1445 2149 praelectum
1471 2061 1567 2127 urbis

327 2169 466 2234 secretis
480 2166 694 2234 sermonibus
710 2167 910 2246 incitabant,
925 2169 1086 2234 victoriae
1101 2168 1277 2257 lanraeque
1292 2176 1423 2256 partem
1441 2191 1568 2257 capes-

326 2285 455 2342 seret...
475 2306 489 2336 «
507 2275 544 2340 ld
560 2275 688 2341 Sabino
703 2275 896 2359 convenire,
915 2285 954 2341 ut
976 2276 1155 2364 imperium
1177 2276 1272 2341 fratri
1301 2284 1491 2342 reservaret
1507 2297 1515 2356 ;
1533 2276 1566 2340 id

326 2384 548 2472 Vespasiano,
563 2391 601 2448 ut
615 2383 717 2448 ceteri
733 2390 810 2470 post
826 2382 992 2448 Sabinum
1007 2383 1225 2449 haberentur.
1245 2411 1261 2444 »
1277 2421 1321 2435 -
1333 2382 1395 2463 ΙΙΙ,
1416 2383 1471 2450 65.
1490 2382 1567 2449 Fla-

328 2494 404 2558 vius
424 2492 573 2559 Sabinus
596 2499 705 2556 aetate
735 2491 826 2578 prior
856 2492 999 2579 privatis
1026 2492 1204 2579 utriusque
1233 2490 1335 2556 rebus
1368 2491 1567 2556 auctoritate

328 2600 536 2688 pecuniaque
553 2600 799 2687 Vespasianum
829 2599 992 2680 anteibat,
1010 2608 1043 2665 ct
1071 2598 1272 2665 credebatur
1299 2598 1466 2665 adfectam
1495 2599 1568 2664 eius

327 2708 427 2772 tidem
441 2729 539 2794 parce
556 2708 681 2772 iuvisse
696 2706 796 2771 domo
825 2708 984 2795 agrisque
998 2707 1130 2795 pignori
1151 2707 1341 2794 acceptis...
1358 2705 1444 2771 Cum
1462 2705 1567 2771 Vitel-

325 2814 411 2881 lio...
430 2814 470 2880 de
489 2837 570 2902 pace
586 2814 818 2902 ponendisque
828 2838 888 2902 per
898 2814 1131 2879 condicionem
1147 2815 1291 2880 armis..
1306 2814 1340 2878 in
1356 2813 1439 2879 aede
1458 2813 1566 2902 Apol·

328 2921 419 2997 linis,
437 2929 474 2986 ut
502 2920 591 2986 lama
610 2920 674 2986 luit
690 2921 888 3009 (pepigit)...
908 2921 1032 2987 l'ultus
1048 2921 1166 3009 procul
1182 2920 1373 2986 visentibus
1402 2920 1568 2986 notaban-

325 3037 391 3100 tur,
409 3025 537 3092 l'itellii
557 3029 726 3115 proiectus
740 3035 774 3092 ct
789 3028 947 3114 degener,
967 3027 1114 3093 Sabinus
1130 3052 1196 3093 non
1222 3028 1392 3093 insultans
1407 3036 1441 3092 et
1456 3028 1564 3092 misc·

326 3135 413 3201 ranti
429 3135 577 3223 propior.
598 3175 632 3184 -
658 3134 718 3210 ΙΙΙ,
741 3134 795 3200 68.
813 3134 1041 3200 Praevenerat
1056 3158 1170 3199 rumor
1190 3134 1312 3200 eiurari
1334 3133 1376 3199 ab
1396 3133 1566 3220 (Vitellio)

325 3243 502 3331 imperium
529 3244 776 3331 scripseratque
799 3242 936 3307 Flavius
960 3242 1108 3308 Sabinus
1133 3242 1322 3308 cohortium
1352 3241 1511 3322 tribunis,
1528 3251 1566 3307 ut

325 3349 465 3415 militem
499 3349 706 3414 cohiberent.
737 3388 780 3397 —
808 3349 867 3431 ΙΙΙ,
893 3350 947 3437 69.
986 3351 1155 3415 Primores
1184 3359 1321 3415 senatus
1350 3357 1384 3414 et
1412 3348 1564 3438 plerique

323 3459 489 3546 equestris
505 3456 633 3523 ordinis
646 3458 823 3545 omnisque
838 3456 936 3521 miles
952 3456 1101 3521 urbanus
1115 3465 1149 3522 et
1164 3457 1285 3543 vigiles
1300 3457 1438 3521 domum
1456 3456 1564 3521 Flavii

325 3564 440 3630 Sabini
465 3564 718 3651 complevere...
745 3562 841 3628 Circa
871 3564 982 3629 lacum
999 3563 1155 3628 Fundani
1185 3562 1482 3642 descendentibus,
1507 3563 1566 3651 qui

323 3672 485 3737 Sabinum
500 3671 763 3752 comitabantur,
785 3672 923 3735 armatis
939 3679 1120 3735 occurrunt
1140 3670 1386 3758 promptissimi
1411 3669 1565 3736 l'itellia·

324 3803 485 3844 norum...
514 3778 672 3861 Sabinus,
701 3803 736 3842 re
762 3778 905 3865 trepida,
930 3779 1021 3866 quod
1043 3778 1249 3843 tutissimum
1274 3802 1291 3842 e
1312 3777 1562 3865 praesentibus,

323 3909 433 3950 arcem
451 3885 609 3972 Capitolii
635 3884 801 3951 insedit...
834 3885 1007 3949 Concubia
1038 3894 1135 3950 nocte
1160 3909 1240 3950 suos
1269 3884 1393 3949 liberos
1414 3884 1563 3950 Sabinus

323 4001 355 4057 et
381 3992 612 4056 Domitianum
642 3991 754 4057 fratris
784 3992 889 4057 lilium
914 3993 947 4056 in
978 3992 1182 4080 Capitolium
1215 3993 1347 4065 accivit,
1373 3992 1477 4055 misso
1505 4014 1564 4079 per

323 4099 476 4187 neglecta
491 4098 534 4162 ad
548 4097 730 4163 illarianos·
746 4099 848 4163 duces
862 4100 992 4165 nuntio.
1010 4139 1045 4148 —
1069 4100 1126 4174 ΙΙΙ,
1146 4125 1198 4187 70.
1228 4100 1316 4163 Luce
1333 4099 1440 4186 prima
1468 4098 1563 4163 Sabi-

323 4230 428 4273 nus...
447 4205 641 4269 Cornelium
663 4206 853 4271 Martialem
874 4230 891 4269 c
917 4206 1181 4294 primipilaribus
1198 4207 1240 4271 ad
1272 4206 1446 4271 l'itellium
1471 4207 1563 4272 misit

230 4323 233 4328 '
321 4338 397 4379 cunr
425 4311 647 4377 mandatisct
675 4320 809 4400 ‹prestu,
843 4313 934 4401 quod
958 4322 1055 4400 pacta
1092 4313 1408 4380 turbarentur...-
1430 4315 1560 4402 lll,71.

320 4422 548 4486 Ambustus..
581 4420 740 4508 Capitolii
766 4420 853 4485 iores
879 4430 1126 4508 penetrassent.
1155 4423 1189 4486 ni
1223 4422 1370 4487 Sabinus
1405 4422 1561 4487 revulsas

320 4529 471 4617 undique
486 4536 616 4593 statuas
637 4529 800 4616 ..inipso
824 4529 916 4594 aditu
939 4530 1012 4593 viee
1034 4530 1121 4593 muri
1153 4529 1342 4595 obiecisset.
1359 4565 1400 4579 -
1415 4528 1474 4604 ΙΙΙ,
1507 4529 1561 4618 73.

321 4637 476 4701 Flavium
493 4635 657 4700 Sabinum
672 4637 835 4700 inermem
861 4660 969 4724 neque
986 4636 1100 4723 lugam
1127 4644 1341 4723 coeptantem
1368 4636 1562 4701 circumsis-

322 4752 408 4809 tunt.
428 4781 470 4790 -
487 4743 546 4818 ΙΙΙ,
570 4744 623 4831 74.
638 4742 784 4808 Sabinus
799 4750 832 4807 et
847 4742 1038 4829 (Quintius)
1059 4744 1196 4807 :ltticus
1211 4743 1340 4808 onerati
1371 4744 1500 4808 catenis
1529 4751 1562 4808 ct

321 4850 363 4915 ad
385 4848 558 4914 l'itellium
578 4848 669 4914 ducti
702 4873 913 4938 nequaquam
933 4850 1056 4915 infesto
1088 4872 1243 4914 sermone
1273 4848 1439 4938 vultuque
1472 4849 1563 4914 exei-

322 4959 501 5046 piuntur...
521 4956 664 5021 Sordida
681 4981 758 5043 pars
779 4957 887 5045 plebis
907 4957 1112 5045 supplicium
1131 4957 1247 5022 Sabini
1268 4957 1561 5044 exposcit...Con-
