3709 6234
346 867 400 923 366
916 861 1064 919 lTALlCl'S

393 1035 469 1076 mus
484 1033 592 1074 annus
604 1006 695 1072 civili
709 1005 799 1071 bello
810 1007 1002 1073 intentus...
1023 1007 1108 1071 Pace
1123 1028 1182 1093 per
1196 1005 1328 1071 ltaliam
1340 1012 1477 1092 parta...
1493 1007 1583 1073 -G.
1597 1032 1628 1074 2.

393 1119 477 1197 Quis
492 1140 632 1205 porro...
646 1116 730 1180 Asia
749 1121 806 1180 aut
822 1115 938 1180 Africa
952 1120 1009 1180 aut
1027 1112 1123 1179 ltalia
1135 1112 1251 1178 relicta
1272 1113 1488 1179 Germaniam
1504 1121 1633 1202 peteret

392 1226 570 1290 intormem
586 1224 743 1290 terris...'?
756 1262 798 1273 —
815 1224 866 1313 37.
885 1222 954 1289 Nec
970 1223 1107 1310 impune
1122 1221 1160 1287 C.
1179 1221 1307 1286 Marius
1319 1222 1352 1286 in
1370 1220 1508 1290 ltalia...
1532 1223 1631 1311 (Ger-

394 1357 512 1398 manos
533 1332 699 1421 perculit).
716 1368 755 1381 -
773 1332 811 1398 Ο.
831 1331 884 1397 28.
904 1331 1086 1418 (Loquitur
1114 1328 1290 1415 Messalla)
1313 1355 1328 1394 c
1350 1330 1487 1395 Desidia
1507 1330 1630 1397 iuven·

396 1442 476 1507 tutis
492 1450 525 1506 et
541 1440 754 1528 neglegentia
770 1446 949 1529 parentum
965 1446 998 1504 et
1012 1438 1187 1504 inscientia
1202 1437 1480 1526 praecipientium
1494 1447 1528 1504 et
1547 1438 1632 1504 obli·

392 1549 491 1614 vione
507 1549 610 1612 moris
625 1548 768 1636 antiqui,
786 1571 873 1637 quae
895 1546 984 1611 mala
1013 1547 1159 1635 primum
1184 1546 1217 1610 in
1249 1546 1331 1611 urbe
1347 1554 1437 1628 nata,
1464 1570 1544 1612 mox
1572 1571 1632 1638 per

395 1654 526 1723 ltaliam
543 1656 628 1737 lusa,
645 1656 712 1721 iam
728 1656 762 1720 in
783 1655 973 1744 provincias
989 1662 1139 1720 manant.
1160 1679 1176 1719 ι)
1201 1691 1226 1702 ·
1256 1655 1310 1743 39.
1345 1655 1525 1743 (Loquitur
1560 1656 1631 1721 Ma-

395 1766 523 1852 ternus)
556 1789 571 1828 «
591 1764 677 1830 Cum
690 1763 867 1829 clientelae
881 1787 1016 1852 quoque
1028 1786 1065 1829 ae
1078 1761 1185 1828 tribus
1201 1769 1233 1828 et
1249 1763 1512 1850 municipiorum
1528 1763 1630 1831 etiam

393 1869 580 1960 legationes
596 1896 633 1937 ac
653 1871 857 1960 parsltaliae
873 1869 1143 1959 periclitantibus
1159 1871 1253 1961 (reis)
1267 1871 1487 1938 adsisteret...
1512 1900 1528 1932 »

353 1979 575 2046 l‘l'ALlCVS.
611 2018 654 2029 -
692 2004 742 2057 ιι,
774 1978 824 2045 ι6.
859 1979 987 2044 Eodem
1019 2002 1107 2044 anno
1134 1978 1382 2045 Cheruscorum
1405 2003 1489 2067 gens
1515 2004 1628 2068 regem

393 2087 500 2153 lloma
517 2088 693 2175 petivit...‚
709 2111 776 2153 uno
787 2086 916 2176 reliquo
933 2087 1048 2175 stirpis
1068 2086 1189 2175 regiae,
1208 2087 1264 2176 qui
1279 2087 1368 2176 apud
1392 2087 1508 2154 urbem
1529 2087 1630 2156 habe·

392 2194 502 2278 batur,
534 2195 670 2260 nominc
706 2194 877 2261 ltalicus¹.
913 2196 1094 2260 Paternum
1127 2196 1204 2260 huic
1223 2219 1373 2283 genuse
1402 2194 1506 2262 Flavo
1526 2196 1628 2263 fratrc

393 2303 551 2384 Arminii,
589 2312 696 2369 mater
724 2327 765 2368 ex
795 2304 979 2368 Actumero
1013 2302 1163 2391 principe
1202 2302 1401 2368 Chattorum
1435 2312 1525 2385 erat;
1555 2305 1628 2394 ipse

392 2411 498 2476 lorma
518 2411 701 2477 decorus...
736 2439 751 2471 ι(
778 2412 826 2476 At
845 2411 873 2475 si
897 2418 1038 2499 paterna
1065 2410 1182 2476 Italico
1210 2434 1306 2477 mens
1319 2420 1419 2493 esset,
1442 2435 1510 2478 non
1525 2413 1628 2478 alium

392 2519 557 2585 intensius
572 2543 664 2585 arma
680 2527 796 2584 contra
819 2518 961 2606 patriani
990 2541 1027 2582 ae
1054 2518 1136 2584 deos
1160 2526 1299 2606 penates
1326 2542 1427 2608 quam
1454 2529 1627 2608 parentem

390 2628 462 2692 eius
477 2623 680 2693 exercuisse.
703 2654 717 2686 ι
743 2665 785 2675 -
821 2650 870 2704 ιι,
899 2650 947 2713 ¹7·
975 2625 1037 2690 llis
1069 2633 1169 2715 atque
1199 2626 1324 2692 talibus
1349 2650 1490 2714 magnas
1514 2629 1628 2718 copias

388 2758 540 2821 coegere,
558 2758 618 2800 nec
633 2734 807 2823 pauciores
828 2733 981 2799 ltalicum
1003 2733 1273 2822 sequebantur...

347 2840 567 2909 lTALlCl'S.
603 2884 644 2894 -
680 2842 741 2919 ΙΙΙ,
772 2841 803 2907 5.
850 2841 1044 2907 Trabantur
1086 2842 1120 2905 in
1155 2850 1267 2930 partes
1301 2844 1510 2933 (Flavianas)
1544 2845 1625 2911 Sido

389 2958 489 3038 atque
523 2950 660 3015 Italicus
694 2973 790 3038 reges
822 2949 1022 3027 Sueborum,
1067 2950 1143 3039 quis
1175 2958 1274 3016 vetus
1312 2953 1510 3042 obsequium
1546 2976 1626 3042 erga

390 3057 602 3123 llomanos...
625 3096 668 3106 -
693 3055 753 3137 ΙΙΙ,
786 3080 838 3121 ιι.
866 3056 947 3121 Sido
967 3063 1067 3145 atque
1094 3056 1229 3122 ltalieus
1256 3057 1460 3124 Suebicum
1486 3058 1626 3125 delectis

388 3166 601 3253 popularium
617 3164 756 3254 primori
772 3164 806 3228 in
822 3165 892 3230 acie
909 3163 1142 3230 versabantur.

345 3273 566 3350 ITALICVS,
590 3274 633 3354 A,
661 3271 738 3342 VM.
762 3309 806 3322 -
833 3271 863 3352 3,
890 3294 944 3359 27.
972 3272 1023 3336 Ac
1046 3295 1086 3337 ne
1109 3271 1198 3338 bello
1225 3274 1362 3362 quidem
1384 3273 1514 3357 Italica,
1545 3299 1624 3341 mox

387 3383 477 3449 civili
494 3382 669 3461 omissum,
685 3380 766 3468 quin
782 3380 888 3445 multa
902 3387 935 3444 et
950 3379 1081 3445 diversa
1102 3381 1337 3461 sciscerentur,
1352 3383 1458 3449 donec
1475 3385 1512 3449 L.
1529 3384 1623 3450 Sulla

389 3490 574 3556 dictator...
609 3527 651 3538 -
692 3489 722 3566 3,
756 3512 809 3577 7¹·
840 3487 1024 3575 llepertunr
1053 3496 1144 3562 est...
1177 3499 1357 3556 cunctas...
1402 3492 1622 3557 caerimonias

389 3594 515 3663 Italicis
538 3599 571 3661 in
598 3597 730 3685 oppidis
756 3594 948 3684 templaque
978 3604 1011 3661 et
1040 3596 1217 3660 numinum
1244 3597 1373 3684 efligies
1408 3600 1491 3664 iuris
1522 3596 1622 3689 atquc

387 3702 517 3794 imperii
550 3703 692 3768 llomani
725 3725 810 3768 esse.
851 3741 894 3751 -
939 3703 970 3780 6,
1013 3728 1060 3766 ιι.
1093 3702 1174 3767 Post
1207 3712 1364 3769 exustum
1398 3705 1513 3770 sociali
1532 3706 1621 3772 bello

387 3814 590 3901 Capitolium
607 3812 810 3901 quaesitis...
829 3835 888 3899 per
903 3810 1053 3875 Africam
1069 3812 1171 3876 etiam
1191 3835 1228 3876 ac
1248 3810 1396 3878 Siciliam
1427 3822 1460 3879 et
1488 3813 1621 3880 Italicas

386 3921 535 3985 colonias
559 3919 765 3984 carminibus
790 3917 953 3982 Sibullae.
979 3959 1020 3968 —
1057 3920 1105 3998 ι5,
1151 3919 1200 3984 ι3,
1238 3920 1458 4003 Samnitibus,
1504 3922 1620 3988 ltalico

386 4028 522 4116 populo.
552 4068 592 4077 —
620 4028 645 4096 Ι.
670 4030 723 4113 59.
751 4028 934 4090 Accessere
963 4025 1115 4112 partibus
1128 4025 1328 4115 (Vitellii)...
1349 4028 1464 4093 lunius
1482 4028 1621 4095 Blaesus

387 4136 623 4222 Lugdunensis
643 4132 772 4198 Galliae
797 4141 916 4208 rector,
934 4156 1010 4197 curn
1028 4132 1142 4198 Italica
1165 4133 1297 4221 legione
1316 4144 1350 4200 et
1376 4136 1427 4201 ala
1455 4137 1620 4203 Tauriana

386 4244 543 4329 Lugduni
563 4241 790 4308 tendentibus.
815 4278 859 4290 -
887 4238 913 4317 Ι,
950 4238 1004 4317 64.
1038 4241 1139 4328 Legio
1170 4242 1284 4307 Italica
1315 4251 1348 4308 et
1373 4242 1426 4309 ala
1453 4244 1619 4310 Tauriana

384 4351 549 4416 abductae
569 4359 601 4437 (a
627 4346 730 4412 Fabiu
751 4344 893 4412 Valente
916 4347 950 4410 in
973 4347 1161 4436 ltaliam)...
1178 4349 1328 4415 Manlius
1343 4350 1468 4416 Valens
1485 4352 1617 4439 legatus

386 4457 521 4524 ltalieae
537 4457 722 4542 legionis...
741 4494 784 4504 —
801 4454 827 4530 Ι,
843 4457 897 4542 74.
915 4454 1045 4522 Otho...
1062 4455 1220 4545 (legatos)
1232 4458 1274 4522 ad
1287 4458 1454 4546 legionem
1467 4458 1618 4525 Italicam

385 4591 520 4654 easque,
549 4588 634 4653 quae
667 4563 823 4650 Lugduni
844 4560 1002 4648 agebant,
1031 4565 1145 4651 copias
1162 4566 1271 4652 specie
1291 4573 1429 4632 senatus
1449 4567 1554 4632 misit.
1576 4605 1618 4616 -

385 4669 426 4750 ΙΙ,
450 4677 504 4751 tr.
523 4667 663 4761 Equites
678 4670 881 4758 (Vitelliani)
897 4694 1080 4760 prorupere
1106 4680 1196 4750 et...‚
1222 4697 1241 4738 a
1269 4669 1482 4761 paucioribus
1511 4673 1619 4744 Otho⁴¹

383 4781 491 4846 nianis
525 4803 591 4869 quo
628 4780 739 4843 minus
766 4780 800 4842 in
830 4778 959 4843 vallum
984 4779 1261 4866 impingerentur,
1306 4781 1440 4849 ltalicae
1474 4782 1617 4870 legionis

370 4983 380 5025 Ι
398 4991 424 5043 Μ
439 4996 446 5040 t
462 4987 553 5039 italus.
