3709 6234
285 848 340 902 672
849 850 999 907 rrueruvs

330 994 472 1060 ninus...
492 993 593 1059 tratre
614 992 724 1059 Druso
744 993 888 1081 insignis
904 995 1108 1083 Caesarique
1127 1015 1293 1083 progener
1307 996 1517 1061 destinatus,
1536 1029 1583 1043 -

332 1101 363 1182 3,
382 1103 435 1188 76.
471 1102 724 1167 Testamentum
750 1100 893 1190 (laniae)
928 1102 1035 1168 multo
1066 1102 1157 1191 apud
1182 1102 1322 1190 vulgum
1341 1125 1479 1168 rumore
1498 1102 1578 1177 fuit,

332 1209 410 1296 qaia
442 1209 476 1273 in
498 1209 630 1296 magnis
650 1207 783 1297 opibus,
800 1233 878 1275 eum
892 1209 996 1275 ferme
1020 1218 1161 1276 cunctos
1180 1233 1335 1298 proceres
1348 1233 1426 1275 cum
1441 1210 1580 1274 honore

332 1316 586 1394 nominavisset,
614 1316 792 1382 Caesarem
820 1318 944 1384 omisit.
988 1317 1086 1397 Quod
1113 1317 1257 1383 civiliter
1285 1325 1507 1406 acceptum...
1533 1355 1580 1366 —

330 1425 362 1502 l,
390 1448 415 1488 1.
435 1423 473 1489 C.
492 1423 611 1488 Asinio
632 1423 671 1490 C.
696 1424 847 1489 Antistio
863 1424 1062 1491 consulibus
1088 1448 1198 1490 nonus
1215 1425 1349 1491 Tiberio
1370 1449 1484 1491 annus
1502 1433 1579 1492 erat

331 1531 536 1619 compositae
559 1532 606 1597 rei
620 1530 786 1619 publicae,
812 1532 964 1598 florentis
982 1532 1161 1612 domus...‚
1180 1556 1257 1598 cum
1276 1540 1413 1620 repente
1434 1532 1579 1598 turbare

331 1639 466 1704 fortuna
495 1638 645 1727 coepit...
681 1638 850 1728 (Seianus)
894 1640 1065 1706 Tiberium
1103 1641 1206 1706 variis
1239 1640 1367 1706 artibus
1402 1639 1575 1707 devinxit.

331 1746 413 1811 adeo
430 1754 466 1811 ut
487 1745 666 1812 obscurum
697 1746 860 1812 adversus
888 1747 973 1813 alios
988 1748 1052 1813 sibi
1067 1748 1126 1813 uni
1141 1748 1314 1813 incautum
1338 1748 1579 1838 intectumque

331 1853 491 1921 efiiceret.
522 1892 566 1905 -
591 1857 624 1936 t,
658 1880 687 1919 a.
721 1854 838 1943 Neque
854 1855 1023 1922 senatorio
1038 1854 1168 1921 ambitu
1187 1854 1380 1920 abstinebat
1396 1853 1577 1943 (Seianus)

332 1963 472 2027 clientes
503 1986 583 2027 suos
615 1962 801 2028 honoribus
830 1971 890 2029 aut
918 1962 1101 2051 provinciis
1130 1962 1285 2043 ornandi,
1321 1961 1411 2027 facili
1436 1961 1577 2028 Tiberio

333 2078 433 2158 atque
449 2070 497 2135 ita
511 2092 629 2157 prono,
642 2078 680 2135 ut
695 2069 824 2135 socium
840 2069 1037 2137 laborum...
1050 2070 1277 2137 celebraret...
1293 2106 1337 2119 -
1351 2072 1384 2150 4,
1396 2067 1430 2134 3.
1443 2069 1576 2156 (Livia)

333 2177 387 2242 cui
416 2177 603 2241 avunculus
632 2178 820 2264 Augustus,
841 2200 936 2242 socer
960 2176 1126 2251 Tiberius,
1156 2201 1197 2242 ex
1223 2179 1332 2242 Druso
1361 2175 1507 2243 liberi...
1531 2214 1577 2228 —

332 2287 413 2361 Μ.
436 2284 579 2350 Addidit
610 2284 796 2350 orationem
830 2285 954 2350 Caesar
987 2284 1093 2350 multa
1117 2307 1193 2349 cum
1213 2283 1312 2350 laude
1333 2283 1507 2350 filiisui...
1533 2322 1577 2333 -

332 2394 364 2470 4,
383 2392 414 2459 a.
433 2392 565 2457 Tiberio
594 2393 714 2458 mutati
743 2392 777 2457 in
809 2392 958 2458 deterius
985 2392 1193 2480 principatus
1221 2391 1355 2457 initium
1383 2390 1576 2458 illeannus

331 2499 488 2566 attulit...
529 2499 596 2565 lles
629 2522 707 2564 suas
738 2500 864 2565 Caesar
904 2500 1151 2587 spectatissimo
1189 2500 1321 2587 cuique,
1363 2498 1576 2587 quibasdam

330 2608 456 2696 ignotis
489 2631 531 2672 ex
555 2606 643 2673 lania
667 2605 859 2672 mundabat.
900 2646 944 2656 -
970 2609 1001 2688 Δ,
1029 2631 1060 2693 7.
1088 2606 1168 2672 Rari
1192 2630 1251 2695 per
1269 2605 1399 2671 ltaliam
1413 2605 1577 2673 Caesaris

330 2716 415 2801 agri,
432 2714 584 2779 modesta
597 2714 746 2796 servitia,
759 2714 846 2780 intra
861 2735 987 2803 paucos
1014 2713 1155 2780 libertos
1169 2714 1310 2794 domus;
1328 2736 1366 2779 ac
1386 2714 1415 2777 si
1432 2714 1576 2803 quando

331 2846 406 2888 eum
423 2822 564 2910 privatis
577 2822 793 2911 disceptaret,
820 2822 930 2886 lorum
950 2822 1062 2887 etius.
1085 2859 1129 2870 -
1143 2824 1175 2903 4,
1194 2822 1226 2887 8.
1244 2819 1397 2885 Tiberius
1414 2844 1475 2909 per
1492 2845 1576 2887 om·

329 2954 390 2995 nes
411 2929 614 2995 valetudinis
636 2928 764 3018 (Drusi)
795 2928 924 3010 dies...‚
951 2930 1052 2995 etiam
1080 2929 1239 2994 defuncto
1264 2927 1408 2993 necdum
1432 2929 1575 3018 sepulto

331 3037 458 3102 curiam
472 3038 643 3125 ingressus
661 3045 753 3102 est...
767 3036 902 3123 Egressi
925 3036 1083 3101 eonsules
1097 3037 1248 3101 lirmatos
1259 3034 1418 3123 adloquio
1435 3034 1576 3102 adules-

331 3144 485 3211 centulos
496 3144 703 3231 (Germanici
714 3144 851 3232 liberos)
870 3144 1101 3233 deductosque
1117 3151 1194 3209 ante
1202 3142 1381 3209 Caesarem
1397 3149 1573 3211 statuunt.

329 3290 373 3303 -
388 3255 420 3331 l,
443 3277 493 3320 ro.
514 3252 590 3317 Non
611 3252 779 3317 omiserim
800 3251 995 3317 eorumdem
1012 3259 1202 3339 temporum
1217 3273 1428 3315 rumorem...
1450 3271 1456 3316 :
1475 3251 1575 3318 Seia-

331 3383 453 3427 num...
481 3384 519 3423 eo
553 3359 710 3425 audaciae
736 3366 945 3447 provectum,
971 3367 1050 3423 ut...
1087 3357 1219 3422 occulto
1253 3357 1377 3421 iudicio
1416 3358 1574 3424 Drusum

335 3469 454 3532 aeriani
479 3469 511 3531 in
523 3476 652 3556 patrem
669 3491 813 3554 arguens
833 3474 986 3531 moneret
1001 3465 1171 3530 Tiberium
1189 3465 1361 3530 vitandam
1382 3465 1575 3552 potionem,

331 3598 415 3662 quae
441 3576 547 3662 [trinta
562 3576 591 3638 ei
608 3575 696 3662 apud
716 3575 824 3639 lilium
844 3574 997 3662 epulanti
1014 3574 1233 3638 offerretur...
1250 3609 1294 3621 -
1314 3574 1345 3651 (ί,
1368 3594 1417 3636 11.
1440 3573 1574 3651 Quia...

332 3683 491 3747 mediocri
508 3682 696 3769 prudentia,
720 3682 842 3746 nedum
864 3682 1017 3746 Tiberias
1040 3681 1142 3745 tantis
1155 3680 1255 3744 rebus
1273 3680 1457 3759 exercitus
1474 3681 1578 3746 inau-

331 3790 401 3853 dito
419 3790 486 3852 lilio
502 3790 641 3854 exitium
663 3790 837 3855 ollerret...
848 3793 863 3853 ζ’
879 3789 944 3853 Sed
960 3790 1039 3876 quia
1053 3789 1196 3853 Seianus
1212 3788 1397 3852 facinorum
1414 3790 1576 3854 omnium

330 3906 480 3985 repertor
494 3897 692 3973 habebatur,
711 3921 752 3961 ex
768 3897 870 3960 nimia
889 3896 1027 3960 caritate
1043 3896 1077 3959 in
1094 3918 1170 3960 eum
1192 3894 1387 3960 Caesaris..
1410 3899 1577 3983 quamvis

332 4006 483 4069 fabulosa
499 4005 702 4069 etirnmania
721 4004 956 4070 credebantur.
979 4055 986 4068 .
1006 4003 1122 4091 Neque
1138 4004 1318 4091 quisquam
1332 4002 1478 4089 scriptor
1500 4011 1575 4068 tam

328 4113 478 4178 intensus
498 4113 639 4186 exstitit,
657 4120 695 4175 ut
714 4110 845 4175 Tiberio
861 4110 1056 4189 obiectaret.
1074 4135 1151 4174 cum
1164 4111 1276 4175 omnia
1296 4109 1360 4174 alia
1379 4112 1574 4198 conquire·
1597 4195 1600 4200 .

330 4228 404 4286 rent
422 4220 713 4306 intenderentque.
732 4258 773 4267 -
795 4222 821 4295 t,
844 4243 893 4283 12.
913 4218 1087 4308 Laudante
1102 4219 1209 4282 lilium
1231 4241 1291 4305 pro
1319 4217 1439 4281 rostris
1468 4217 1575 4285 Tibe-

330 4330 420 4395 rio...
432 4329 584 4393 Seianus.
595 4380 615 4391 ..
632 4337 729 4392 vetas
746 4328 922 4414 Augustae
938 4325 1063 4399 odium,
1083 4334 1249 4391 recentem
1264 4324 1377 4389 Liviae
1389 4326 1574 4392 conscien-

330 4439 410 4502 tiam
428 4437 610 4522 exagitare.
631 4443 668 4499 ut
683 4435 979 4522 (Agrippinam...
998 4434 1087 4521 apud
1104 4434 1283 4498 Caesarem
1304 4440 1498 4519 arguerent.
1524 4471 1573 4486 -

329 4549 360 4622 l,
382 4545 430 4610 13.
454 4545 501 4608 nt
534 4544 698 4613 Tiberius.
730 4541 812 4606 nihil
845 4543 1036 4606 intermissa
1071 4565 1180 4605 rerum
1210 4564 1301 4616 cura,
1332 4540 1468 4626 negotia
1505 4565 1572 4628 pro

328 4654 462 4718 solaciis
491 4652 669 4739 accipiens,
697 4652 749 4714 ius
778 4652 915 4728 civium,
954 4672 1068 4735 preces
1097 4650 1264 4713 sociorum
1294 4646 1505 4713 tractabat...
1524 4686 1573 4702 —

331 4766 361 4839 ,4,
384 4765 433 4838 rit.
449 4761 560 4825 Variis
588 4759 707 4823 dehinc
723 4766 756 4824 et
772 4758 905 4845 saepius
921 4757 1031 4821 inritis
1049 4765 1240 4844 praetorum
1275 4753 1464 4843 questibus
1484 4780 1572 4844 pos-

328 4880 434 4936 tremo
456 4869 578 4933 Cacsar
593 4866 633 4931 dc
656 4866 867 4931 immodestia
881 4865 1081 4928 histrionum
1094 4864 1234 4929 rettulit.
1258 4902 1320 4929 .-
1336 4866 1367 4939 ,4,
1395 4864 1445 4926 15.
1470 4863 1570 4931 ldem

329 5002 438 5044 annus
460 4976 525 5040 alio
542 4999 674 5066 quoquc
696 4974 790 5040 luctu
812 4973 990 5039 Caesarem
1015 4971 1148 5053 adiecit,
1171 4972 1314 5037 alterurn
1339 4994 1380 5036 cx
1416 4971 1571 5056 geminis
