3709 6234
726 895 909 951 tonnrrnn
1424 889 1459 944 33

225 1020 382 1109 regressi.
400 1058 443 1074 -
474 1045 500 1101 r,
522 1020 577 1097 44.
595 1018 846 1111 (Germanicus)
877 1019 1023 1086 reditum
1050 1001 1266 1106 Agrippinae
1287 1017 1463 1082 excusavit

225 1126 269 1193 ob
283 1127 518 1194 imminentem
533 1135 667 1216 partum
681 1135 715 1193 et
729 1128 887 1197 hiemem.
906 1168 948 1179 -
967 1151 995 1208 r,
1018 1125 1071 1216 69.
1090 1124 1133 1189 Ni
1152 1124 1341 1213 Agrippina
1354 1124 1463 1212 impo-

225 1235 328 1302 situm
356 1236 477 1302 Rheno
506 1243 644 1324 pontem
678 1236 765 1302 solvi
795 1236 1036 1325 prohibuisset,
1057 1240 1153 1300 erant
1178 1232 1281 1322 quiid
1296 1233 1464 1320 flagitium

221 1342 407 1424 ,tormidine
421 1344 628 1411 auderent...
647 1372 662 1404 a
680 1344 851 1410 Potiorem
867 1345 934 1410 iam
952 1342 1042 1431 apud
1056 1341 1224 1407 exercitus
1239 1340 1464 1428 Agrippinam

225 1475 328 1541 quam
343 1452 488 1538 legatos,
503 1475 604 1542 quam
620 1451 723 1517 duces
747 1479 762 1511 »
794 1452 975 1542 (Loquitur
992 1449 1173 1538 Tiberius).
1192 1487 1235 1498 —
1252 1449 1348 1529 opit.
1362 1447 1465 1512 Plan-

224 1560 336 1625 cinam
352 1559 443 1625 haud
459 1558 560 1624 dubie
571 1560 728 1646 Augusta
745 1559 877 1625 monuit
889 1558 1116 1625 aemulatione
1130 1555 1286 1623 muliebri
1305 1554 1465 1643 Agrippi-

226 1689 306 1732 nam
323 1666 555 1734 insectandi...
571 1667 729 1732 Coniunx
752 1666 948 1732 Germanici
975 1666 1164 1754 Agrippina
1193 1663 1398 1729 fecunditate
1427 1685 1465 1727 ac

225 1775 315 1840 fama
339 1775 470 1842 Liviam
495 1798 634 1840 uxorem
667 1776 767 1839 Drusi
799 1774 1037 1863 praecellebat.
1066 1814 1101 1826 -
1134 1797 1163 1852 2,
1181 1770 1234 1850 54.
1254 1772 1364 1837 Petita
1388 1769 1466 1835 inde

226 1882 363 1950 Euboea
380 1883 631 1971 (Germanicus)
648 1883 795 1949 tramisit
808 1882 968 1964 Lesbum,
994 1881 1050 1947 ubi
1073 1879 1264 1969 Agrippina
1279 1880 1465 1945 novissimo

225 2000 324 2080 partu
341 1991 461 2057 Iuliam
478 1991 585 2057 edidit
610 2030 653 2040 -
673 2016 706 2067 a,
725 1990 779 2058 55.
799 1990 1005 2057 Plancina...
1028 1989 1063 2054 in
1078 1989 1317 2077 Agrippinam,
1335 1988 1369 2053 in
1384 1988 1467 2054 Ger-

227 2100 398 2166 manicum
435 2098 659 2165 contumelias
697 2098 816 2165 iacere.
834 2137 877 2150 -
895 2123 925 2180 2,
951 2097 1003 2186 57.
1025 2098 1062 2162 ln
1088 2096 1259 2178 convivio,
1282 2120 1360 2162 cum
1375 2097 1465 2185 apud

227 2231 341 2296 regem
379 2207 629 2273 Nabataeorum
664 2230 807 2273 coronae
838 2230 958 2273 aureae
993 2229 1118 2294 magno
1148 2205 1296 2295 pondere
1330 2204 1467 2270 Caesari

228 2316 462 2403 (Germanico)
478 2324 512 2381 et
527 2316 749 2404 Agrippinae,
764 2314 858 2381 leves
876 2315 992 2380 Pisoni
1017 2322 1051 2380 et
1071 2314 1193 2380 ceteris
1222 2313 1434 2380 offerrentur.
1457 2364 1464 2379 .

227 2463 270 2476 -
287 2448 318 2500 2,
329 2423 384 2511 75.
397 2423 444 2488 At
458 2423 659 2511 Agrippina,
672 2446 880 2512 quamquam
893 2422 1027 2487 defessa
1042 2422 1135 2487 luctu
1152 2428 1185 2487 et
1200 2444 1339 2510 corpore
1350 2443 1464 2508 aegro,

228 2530 381 2596 omnium
401 2537 529 2610 tamen,
558 2552 644 2618 quae
672 2528 837 2595 ultionem
862 2537 1075 2595 morarentur
1094 2528 1293 2612 intolerans,
1313 2532 1467 2597 ascendit

226 2639 371 2703 classem
387 2661 464 2703 cunr
483 2636 654 2702 cineribus
669 2637 862 2702 Germanici
878 2644 910 2702 et
933 2636 1060 2704 liberis.
1088 2675 1129 2687 -
1153 2662 1184 2712 2,
1202 2659 1254 2726 77.
1287 2638 1467 2728 (Loquitur

228 2745 318 2835 apud
351 2745 414 2811 Cn.
450 2745 612 2810 Pisonem
645 2745 817 2810 Domitius
846 2744 984 2833 Celer):
1019 2773 1035 2803 a
1066 2745 1122 2809 An
1158 2745 1360 2811 festinamus
1388 2770 1465 2811 cum

228 2852 422 2919 Germanici
448 2852 620 2918 cineribus
652 2851 835 2941 adpellere,
853 2860 892 2917 ut
923 2859 956 2918 te
981 2851 1170 2918 inauditum
1196 2861 1228 2919 et
1252 2853 1466 2920 indefensum

227 2960 385 3050 plauctus
418 2960 668 3049 Agrippinae...
699 2960 862 3048 rapiant?
893 2988 909 3018 n
939 2997 984 3011 -
1026 2984 1057 3040 2,
1088 2985 1141 3049 79.
1191 2961 1285 3047 (Piso
1327 2962 1466 3053 eiusque

226 3069 381 3155 comites)
409 3069 519 3134 obviis
549 3068 709 3144 navibus,
743 3091 828 3157 quae
861 3067 1088 3157 Agrippinam
1128 3067 1313 3144 vehebant,
1344 3071 1465 3137 utrim-

226 3200 292 3267 que
329 3176 453 3241 inlensi
495 3200 588 3242 arma
623 3177 732 3265 primo
774 3175 995 3265 expediere...
1030 3215 1074 3225 -
1098 3175 1130 3252 3,
1166 3201 1192 3241 ι.
1234 3176 1327 3242 Nihil
1360 3179 1464 3244 inter-

226 3284 331 3350 missa
363 3283 580 3371 navigatione
613 3282 744 3348 hiberni
766 3283 868 3348 maris
893 3282 1082 3372 Agrippina
1111 3282 1295 3372 Corcyram
1317 3286 1464 3352 insulam

227 3392 451 3458 advehitur...
479 3390 595 3479 Neque
626 3391 836 3456 discerneres
856 3391 1042 3479 proximos,
1069 3392 1256 3470 alienos...,
1278 3393 1343 3459 nisi
1373 3396 1464 3485 quod

227 3500 427 3565 comitatum
450 3498 659 3588 Agrippinae
683 3499 786 3587 longo
807 3523 957 3565 maerore
984 3500 1112 3566 fessum
1142 3500 1232 3566 obvii
1253 3509 1286 3567 et
1312 3513 1465 3570 recentes

227 3608 260 3672 in
290 3607 407 3672 dolore
435 3606 622 3673 anteibant.
646 3646 688 3656 —
717 3608 747 3688 3,
774 3610 805 3671 3.
825 3607 970 3673 Matrem
994 3608 1182 3674 Antoniam
1207 3633 1316 3677 non...
1335 3613 1464 3700 reperio

226 3714 298 3780 ullo
312 3714 440 3800 insigni
459 3713 570 3778 ottieio
586 3712 736 3779 [unctam
752 3714 799 3803 (in
828 3715 998 3803 exsequiis
1016 3715 1235 3806 Germanici),
1253 3741 1329 3783 eum
1363 3742 1465 3808 super

228 3822 453 3911 Agrippinam
469 3828 503 3886 et
524 3822 672 3886 Drusum
688 3828 721 3886 et
741 3821 920 3886 Claudium
938 3824 1040 3889 ceteri
1062 3847 1195 3915 quoque
1221 3828 1463 3913 consanguinei

226 3930 427 3995 nominatim
443 3928 620 4018 perscripti
633 3929 713 3996 sint.
730 3969 773 3978 -
789 3928 821 4011 3,
843 3931 871 4007 t.
889 3929 980 3994 Nihil
1007 3939 1121 3997 tamen
1155 3932 1326 3999 Tiberium
1355 3936 1464 4023 nragis

227 4037 418 4127 penetravit
435 4038 481 4126 (in
502 4038 618 4102 sunere
635 4037 856 4125 Germanici),
873 4061 976 4125 quam
995 4039 1107 4105 studia
1127 4040 1301 4107 hominum
1321 4065 1463 4109 accensa

228 4147 261 4211 in
290 4145 558 4235 Agrippinam...
583 4184 620 4194 —
635 4144 667 4219 3.
701 4170 750 4233 ¹7·
770 4145 1020 4233 (Querebantur
1040 4148 1173 4237 optimi)
1189 4148 1231 4214 ab
1260 4151 1462 4238 imperatore

227 4263 261 4321 et
284 4255 442 4342 Augusta
462 4253 636 4319 defensam
657 4252 856 4319 Plancinam
874 4274 881 4334 ;
906 4254 1048 4341 proinde
1074 4279 1205 4322 venena
1222 4264 1256 4323 et
1275 4265 1364 4323 artes
1392 4266 1463 4324 tam

227 4360 370 4426 feliciter
398 4365 555 4447 expertas
575 4366 721 4425 verteret
749 4359 783 4425 in
811 4361 1078 4450 Agrippinam...
1093 4364 1179 4446 -3‚
1204 4365 1253 4430 18.
1276 4364 1464 4431 Addiderat

229 4467 434 4534 Messalinus
448 4466 581 4532 Tiberio
593 4475 627 4533 et
640 4468 817 4554 Augustae
833 4468 1046 4556 etAntoniae
1060 4477 1094 4536 et
1111 4469 1321 4559 Agrippinae
1338 4472 1464 4538 Druso·

227 4599 293 4665 que
312 4575 356 4641 ob
375 4574 562 4641 vindictam
590 4575 783 4641 Germanici
803 4582 917 4662 grates
952 4578 1143 4664 agendas...
1165 4617 1209 4627 —
1233 4581 1265 4662 d,
1286 4602 1336 4645 ια.
1366 4578 1464 4659 Quod

229 4684 432 4772 principium
473 4682 599 4746 laveris
626 4682 676 4770 (in
703 4681 827 4747 liberos
856 4684 1065 4773 Germanici)
1090 4693 1123 4752 et
1151 4694 1259 4753 mater
1274 4687 1465 4776 Agrippina

229 4814 324 4879 spem
344 4790 432 4856 male
463 4797 582 4878 tegens
610 4789 794 4878 perniciem
814 4791 1088 4861 adceleravere...
1107 4794 1292 4862 Seianus...
1311 4795 1465 4863 uolutare

229 4921 356 4980 secum,
373 4920 523 4987 quonam
558 4898 658 4964 modo
684 4899 876 4965 Germanici
907 4901 1034 4968 liberos
1060 4911 1308 4991 perverteret...
1348 4904 1466 4995 Neque

230 5005 343 5096 spargi
357 5028 527 5072 venenum
541 5007 576 5070 in
592 5013 661 5072 tres
674 5014 817 5096 poterat,
831 5010 966 5097 egregia
981 5011 1159 5076 custodum
1180 5011 1245 5077 fide
1261 5019 1295 5078 et
1305 5013 1466 5101 pudicitia

281 5141 358 5191 Usus.
377 5157 410 5189 nn
429 5141 510 5190 bros.
528 5166 558 5179 -
577 5141 660 5190 Fama
1388 5147 1403 5194 3
