3709 6234
285 849 338 907 322
820 849 1030 903 calumnis

328 1001 448 1060 cuncta
465 991 657 1058 Germanici
670 991 704 1057 in
720 991 869 1058 deterius
885 990 1045 1069 trahenti,
1069 989 1181 1055 sive...
1201 1010 1311 1077 neque
1326 987 1568 1074 imperatorem

328 1110 497 1189 auguratu
531 1110 565 1167 et
598 1099 843 1167 vetustissimis
882 1098 1098 1166 caerimoniis
1126 1096 1317 1185 praeditum
1377 1095 1568 1162 adtrectare

327 1210 444 1278 leralia
452 1210 622 1277 debuisse.
632 1248 675 1262 -
699 1235 726 1290 1,
744 1210 798 1276 63.
814 1209 881 1275 Sed
892 1209 1116 1275 Germanicus
1129 1207 1304 1273 cedentem
1320 1206 1354 1270 in
1366 1206 1441 1271 avia
1455 1205 1569 1271 Armi-

327 1319 420 1385 nium
446 1327 623 1386 secutus...
645 1317 873 1384 Subsidiariae
900 1318 1068 1384 cohortes.
1091 1367 1097 1380 .
1130 1313 1393 1381 trudebantur...
1415 1314 1451 1378 in
1474 1313 1569 1403 palu·

327 1425 461 1498 dem...
475 1427 510 1491 ni
531 1425 656 1492 Caesar
675 1425 857 1514 productas
889 1425 1043 1512 legiones
1067 1424 1298 1489 instruxisset.
1325 1460 1368 1471 —
1391 1447 1418 1505 1,
1434 1447 1489 1512 7⁰·
1521 1423 1571 1488 At

328 1533 551 1601 Germanicus
567 1533 751 1622 legionum,
778 1556 863 1624 quas
885 1533 1030 1600 navibus
1044 1539 1198 1612 vexerat,
1216 1531 1401 1597 secundam
1420 1540 1568 1620 etquar-

328 1648 397 1706 tam
431 1643 598 1708 decimani
633 1643 753 1709 itinere
782 1642 934 1709 terrestri
965 1642 1004 1709 P.
1041 1641 1182 1707 Vitellio
1215 1640 1388 1706 ducendas
1418 1640 1566 1708 tradit...

329 1747 617 1840 Penetratuurque
632 1750 675 1815 ad
691 1773 827 1816 amnem
843 1750 1019 1838 Visurgin,
1035 1773 1102 1838 quo
1116 1748 1243 1815 Caesar
1262 1748 1371 1814 classe
1386 1748 1570 1814 contende·

329 1865 417 1925 rat...
436 1857 505 1924 Nec
521 1858 605 1924 fides
618 1858 749 1943 salutis,
768 1867 952 1946 antequam
980 1857 1161 1924 Caesarem
1187 1857 1439 1945 exercitumque
1472 1856 1571 1922 redu-

329 1988 401 2031 cem
418 1967 545 2034 videre.
564 2005 608 2017 -
628 1992 655 2049 ι,
671 1992 726 2058 7¹·
744 1967 801 2033 Ad
823 1966 1013 2055 supplenda
1044 1966 1213 2031 exercitus
1244 1965 1368 2029 danrna
1398 1971 1571 2029 certavere

336 2073 479 2154 Galliae,
497 2074 693 2163 Hispaniae,
713 2075 851 2142 ltalia...
867 2076 1020 2154 Quorum
1036 2073 1176 2139 laudato
1201 2073 1313 2139 studio
1331 2072 1568 2154 Germanicus,

331 2182 433 2246 armis
452 2183 553 2248 inodo
578 2191 612 2250 et
626 2184 722 2273 equis
743 2183 784 2249 ad
799 2182 927 2249 bellum
940 2184 1097 2271 sumptis,
1123 2182 1257 2271 propriu
1272 2180 1413 2269 pecunia
1426 2180 1569 2248 militem

331 2291 427 2358 iuvit.
446 2331 485 2343 -
507 2316 534 2370 ι,
551 2316 601 2382 72.
619 2292 761 2358 Decreta
777 2315 816 2357 eo
832 2315 921 2357 anno
938 2290 1155 2379 triumphalia
1166 2290 1313 2378 insignia
1328 2290 1372 2354 Α.
1389 2288 1568 2371 Caecinae,

331 2400 369 2464 L.
402 2399 567 2487 Apronio,
588 2399 625 2466 C.
659 2398 743 2464 Silio
776 2398 819 2463 ob
848 2423 901 2465 res
929 2423 1006 2465 cum
1034 2399 1235 2464 Germanico
1262 2396 1568 2488 gestas.-1,76.

332 2506 482 2571 lldcndis
513 2505 774 2593 gladiatoribus,
802 2530 887 2595 quos
914 2506 1108 2572 Germanici
1137 2504 1251 2569 fratris
1279 2526 1317 2569 ac
1344 2526 1404 2568 suo
1433 2504 1570 2570 nomine

331 2612 512 2694 obtulerat,
524 2614 655 2679 Drusus
675 2614 857 2703 praesedit.
872 2651 917 2665 -
931 2638 961 2696 2,
981 2615 1012 2693 5,
1029 2613 1162 2679 'liberio
1182 2611 1272 2677 haud
1293 2611 1464 2699 ingratum
1484 2611 1569 2676 acci·

331 2721 381 2787 dit
402 2720 529 2786 turbari
544 2744 597 2786 res
610 2721 771 2804 Orientis,
788 2729 824 2787 ut
835 2746 873 2787 ea
886 2723 997 2811 specie
1008 2720 1248 2787 Germanicum
1264 2720 1369 2784 suetis
1381 2717 1571 2806 legionibus

331 2827 583 2895 abstraheret...
598 2868 641 2878 -
653 2854 685 2910 2,
709 2855 739 2918 7.
754 2830 821 2895 Sed
833 2830 1060 2911 Cacsar,dum
1076 2829 1260 2916 adiguntur
1274 2851 1391 2903 naves,
1404 2826 1570 2895 Silium...

332 2935 562 3024 inruptionem
588 2936 621 3000 in
650 2936 793 3004 Chattos
829 2937 939 3004 facere
959 2938 1093 3004 iubet...
1121 2935 1239 3024 Neque
1273 2934 1408 3000 Caesari
1436 2934 1569 3022 copiam

330 3067 464 3131 pugnae
480 3042 676 3109 obsessores
697 3044 815 3111 iecere.
838 3084 880 3094 -
895 3071 925 3128 2,
945 3047 977 3111 8.
998 3044 1141 3110 Metanti
1162 3051 1273 3109 castra
1288 3041 1425 3107 Caesari
1444 3040 1570 3130 Angri-

331 3149 500 3213 variorum
527 3148 671 3215 delectio
696 3175 714 3215 u
741 3159 837 3240 tergo
860 3152 1048 3218 nuntiatur.
1066 3188 1110 3202 -
1126 3175 1157 3232 2,
1171 3174 1203 3239 9.
1230 3149 1448 3214 Arminius...
1467 3173 1571 3237 quae·

330 3258 436 3325 sito...
455 3282 498 3323 an
520 3259 646 3325 Caesar
660 3259 852 3326 venisset...
872 3297 914 3308 -
932 3285 963 3338 2,
987 3283 1034 3325 ro.
1052 3259 1150 3323 Exim
1162 3258 1286 3323 diversi
1303 3256 1495 3336 ordiuntur,
1514 3254 1568 3318 hic

330 3365 599 3452 magnitudinem
622 3368 823 3442 Romanam,
837 3391 919 3455 opes
937 3368 1093 3433 Caesaris
1104 3375 1137 3432 et
1151 3367 1249 3431 victis
1266 3388 1386 3452 graves
1400 3385 1568 3451 poenas...

330 3474 645 3559 -2,11.Caesar,
678 3476 743 3539 nisi
773 3475 934 3562 pontibus
960 3475 1205 3563 praesidiisque
1230 3472 1399 3560 impositis
1433 3471 1511 3535 dare
1536 3470 1571 3533 iu

330 3575 512 3647 discrimen
533 3582 684 3668 legiones
705 3583 794 3646 haud
815 3583 1072 3672 imperatorium
1097 3590 1232 3648 ratus...
1251 3619 1294 3630 -
1316 3605 1346 3660 2,
1373 3603 1421 3642 r2.
1443 3578 1569 3644 Caesar

331 3699 545 3778 trangressus
556 3689 730 3777 Visurgim
752 3744 772 3756 ..
790 3726 833 3739 -
856 3716 886 3768 2,
910 3693 960 3767 ni.
989 3691 1064 3754 Nox
1085 3689 1201 3754 eadem
1220 3690 1342 3753 laetam
1369 3686 1570 3751 Germanico

331 3799 479 3885 quietem
509 3797 599 3863 tulit.
623 3837 666 3846 -
688 3821 718 3875 2,
760 3797 808 3864 ι6.
841 3797 965 3863 Noster
1000 3798 1170 3863 exercitus
1200 3799 1247 3861 sic
1274 3796 1472 3871 incessit...,
1492 3793 1570 3857 dein

330 3913 489 3992 quattuor
508 3904 703 3991 legioneset
719 3928 795 3970 cum
815 3905 947 3970 duabus
963 3906 1141 3993 praetoriis
1166 3904 1361 3970 cohortibus
1375 3927 1413 3967 ac
1438 3900 1571 3966 delecto

332 4010 444 4097 equite
465 4010 631 4077 Caesar...
651 4050 682 4061 -
711 4035 741 4090 a,
761 4035 812 4075 20.
830 4010 924 4075 Nihil
941 4035 981 4075 ex
998 4012 1051 4075 his
1067 4011 1204 4075 Caesari
1223 4011 1479 4097 incognitum...
1496 4004 1571 4073 Pri-

332 4139 408 4180 mus
422 4117 546 4181 Caesar
574 4140 650 4181 cunr
667 4118 845 4205 praetoriis
865 4117 1061 4182 cohortibus
1084 4126 1181 4205 capto
1202 4117 1391 4182 vallodedit
1406 4117 1572 4204 impetum

332 4226 366 4287 in
381 4223 606 4301 silvas—2,
626 4249 679 4290 21.
709 4226 944 4301 Germanicus
972 4249 1038 4314 quo
1073 4228 1181 4312 magis
1210 4226 1486 4312 adgnosceretur,
1513 4224 1573 4289 de·

334 4339 481 4397 traxerat
496 4331 643 4417 tegimen
664 4333 778 4419 capiti.
796 4372 839 4382 -
858 4359 889 4414 2,
903 4359 957 4398 22.
977 4333 1137 4398 Laudatis
1165 4357 1223 4421 pro
1252 4334 1408 4398 contione
1433 4331 1572 4396 victori·

332 4440 395 4506 bus
428 4441 552 4505 Caesar
591 4442 782 4526 congeriem
810 4465 978 4507 armorum
1009 4443 1174 4508 struxit...
1211 4480 1253 4489 —
1280 4466 1311 4514 2,
1348 4441 1402 4505 23.
1435 4439 1570 4504 Plures·

332 4548 512 4636 (legiones)
528 4548 652 4613 Cacsar
671 4550 772 4612 classi
799 4549 976 4638 impositas
1008 4573 1067 4637 per
1089 4551 1214 4614 llurncu
1242 4549 1408 4612 Arriisiam
1437 4546 1573 4611 Oceano

334 4656 474 4720 invexit.
491 4693 535 4705 -
552 4682 582 4736 2,
602 4659 655 4733 πή.
678 4656 756 4721 Sola
773 4657 965 4722 Germanici
982 4658 1127 4723 triremis
1144 4657 1358 4722 Chaucorum
1375 4664 1498 4721 terram
1514 4654 1572 4719 ad·

333 4763 431 4852 pulit.
455 4802 498 4812 -
524 4789 553 4840 2,
573 4766 624 4829 25.
652 4763 753 4829 Fama
787 4765 906 4829 classis
940 4765 1084 4830 amissae
1113 4773 1150 4829 ut
1181 4765 1368 4828 Germanos
1402 4762 1443 4827 ad
1478 4783 1573 4850 spem

332 4870 424 4952 belli,
447 4872 491 4936 ita
508 4872 686 4937 Caesarem
703 4872 744 4936 ad
765 4872 988 4938 coercendum
1013 4873 1160 4939 erexit...
1180 4872 1305 4936 Cacsar
1321 4871 1432 4959 pergit
1447 4870 1572 4934 intror-

333 5002 390 5044 sus
405 4979 509 5068 (apud
525 4979 683 5069 Marsos),
705 4980 928 5068 populatur...
949 5018 989 5032 -
1007 5006 1037 5062 2,
1053 4980 1105 5047 26.
1132 4979 1276 5045 Addidit
1301 4978 1570 5044 munificentiam
