3709 6234
282 870 335 925 470
881 871 965 923 anno

327 1014 413 1080 rioni
428 1022 461 1080 et
477 1013 661 1101 manipulo,
688 1013 785 1102 quasi
817 1011 1023 1077 satellitibus
1045 1012 1239 1076 ministrum
1258 1011 1401 1098 regium,
1422 1033 1563 1098 praepo-

327 1129 450 1188 suerat.
472 1121 582 1209 Caput
604 1121 773 1186 interfecti
799 1120 956 1199 relatum,
975 1119 1073 1184 euius
1086 1119 1290 1206 adspectu...
1317 1145 1333 1176 a
1355 1117 1436 1194 Cur,
1454 1117 1564 1205 inquit

326 1230 480 1294 Nero...‘.'
505 1253 519 1290 a
549 1267 590 1277 -
618 1228 667 1306 rt,
696 1227 750 1294 60.
784 1229 956 1315 ¹(Poppaea
984 1226 1124 1314 Sabina)
1142 1226 1199 1290 diu
1223 1225 1343 1312 paelex
1366 1232 1399 1290 et
1419 1224 1563 1291 adulteri

326 1337 482 1416 Neronis,
500 1360 578 1400 mox
594 1336 706 1400 mariti
725 1343 847 1422 potens
866 1386 887 1399 ..
905 1335 1091 1421 Tamquam
1107 1333 1196 1398 Nero
1210 1333 1418 1421 paenitentia
1426 1332 1560 1420 flagitii,

324 1446 501 1529 coniugem
521 1444 686 1509 revocarit
701 1442 890 1507 t'tctaviam.
914 1479 947 1492 -
977 1445 1026 1520 ¹4,
1045 1441 1299 1530 61.(Poppaea)
1316 1464 1451 1528 semper
1471 1440 1560 1522 odio,

327 1562 398 1618 tum
420 1561 453 1616 et
473 1561 564 1617 metu
589 1559 699 1630 atrox,
722 1573 764 1615 ne
788 1557 845 1615 aut
869 1548 965 1636 vulgi
985 1549 1093 1614 acrior
1111 1550 1165 1614 vis
1186 1550 1357 1636 ingrueret
1387 1557 1447 1614 aut
1473 1547 1561 1614 Nero

326 1659 545 1725 inclinatione
579 1657 695 1746 populi
725 1664 953 1723 mutaretur...
996 1685 1012 1718 a
1049 1657 1097 1721 At
1139 1657 1168 1721 si
1206 1657 1386 1746 desperent
1422 1679 1561 1722 uxorem

326 1767 470 1831 Neronis
483 1766 551 1830 fore
567 1765 754 1841 Octaviam,
771 1763 820 1828 illi
837 1764 995 1829 maritum
1011 1763 1192 1830 daturos.»
1210 1803 1251 1813 -
1269 1767 1320 1846 ld,
1335 1762 1389 1830 62.
1406 1763 1563 1830 Accitum

327 1875 539 1960 (Anicetum)
572 1872 696 1938 Caesar
735 1895 856 1960 operae
896 1872 1017 1961 prioris
1060 1871 1278 1950 admonet...;
1323 1874 1436 1937 locum
1474 1870 1561 1937 haud

327 1981 467 2045 minoris
487 1979 615 2067 gratiae
629 1979 767 2057 instare,
786 1980 814 2043 si
827 1980 1006 2065 coniugem
1025 1978 1192 2044 infensam
1213 1976 1410 2068 depelleret.
1434 2015 1478 2031 -
1511 1982 1559 2057 14,

327 2089 381 2153 63.
399 2089 446 2153 Aa
461 2087 550 2152 Nero
566 2086 773 2175 praefectum
793 2087 827 2151 in
850 2109 945 2175 spem
972 2086 1150 2151 sociandae
1173 2085 1291 2151 classis
1305 2095 1502 2175 corruptum
1515 2094 1560 2168 et,

327 2197 498 2261 incusatae
533 2195 633 2285 paulo
662 2202 739 2260 ante
768 2194 958 2259 sterilitatis
999 2193 1138 2276 oblitus,
1170 2194 1306 2260 abactos
1340 2201 1458 2282 partus
1486 2217 1563 2260 con-

326 2304 465 2369 scientia
485 2302 708 2367 libidinum...
734 2301 843 2367 edicto
860 2310 1026 2366 memorat
1048 2301 1225 2390 insulaque
1246 2299 1448 2367 Pandateria
1464 2302 1564 2368 Octa·

329 2411 416 2476 viam
441 2409 580 2475 claudit.
606 2448 650 2460 —
687 2412 737 2489 nl,
764 2408 818 2475 65.
845 2409 1061 2476 Romanus..
1091 2411 1306 2475 incusaverat
1328 2410 1492 2476 Senecam
1527 2417 1563 2475 ut

327 2518 365 2583 C.
399 2518 532 2584 Pisonis
557 2518 729 2583 socium...
758 2517 854 2581 Vnde
878 2517 995 2581 Pisoni
1025 2517 1126 2582 timor
1150 2524 1185 2582 ct
1207 2525 1280 2582 orta
1304 2515 1505 2582 insidiarum
1528 2518 1562 2582 in

325 2625 493 2690 Neronem
509 2648 631 2712 magna
648 2624 754 2688 moles
769 2631 804 2689 et
822 2625 1043 2712 improspera.
1066 2661 1107 2673 —·
1135 2625 1183 2703 15,
1204 2625 1235 2692 3.
1257 2623 1435 2712 (Corbulo)
1451 2624 1563 2714 serip-

326 2740 425 2797 serat.
435 2785 454 2798 ..
473 2731 610 2797 Caesari
619 2732 755 2820 proprio
771 2731 856 2797 duce
871 2755 956 2820 opus
967 2756 1053 2813 esse,
1066 2733 1125 2821 qui
1135 2731 1333 2798 Armeniam
1348 2730 1560 2813 defenderet3

325 2840 459 2926 Syriam
483 2840 660 2927 ingruente
683 2838 872 2926 Vologaese
895 2840 1023 2904 acriore
1038 2840 1072 2905 in
1088 2840 1282 2905 discrimine
1295 2862 1381 2911 esse.
1397 2877 1438 2890 -
1459 2841 1511 2917 15,
1529 2841 1560 2907 8.

326 2947 550 3033 (Caesennius
585 2947 721 3034 Paetus)
747 2946 883 3012 reduxit
918 2948 971 3034 (ex
999 2947 1175 3034 Armenia)
1207 2948 1393 3013 exercitum
1427 2969 1563 3035 compo·

326 3055 460 3141 snitque
476 3054 517 3118 ad
540 3054 719 3128 Caesarem
746 3055 889 3134 litteras,
916 3056 1013 3144 quasi
1035 3054 1188 3120 confecto
1212 3053 1344 3121 bello...
1364 3092 1405 3105 -
1436 3053 1486 3133 15,
1509 3058 1560 3132 rt.

280 3197 283 3204 ·
326 3161 567 3250 Placuitque...
609 3161 771 3226 decedere
808 3185 944 3227 omnem
984 3162 1127 3227 militem
1168 3163 1395 3248 (Romanum)
1436 3161 1562 3227 finibus

324 3270 622 3343 Armeniorum...
635 3269 758 3357 quibus
773 3270 975 3357 perpetratis
991 3271 1086 3358 copia
1102 3268 1283 3356 Vologaesi
1298 3270 1392 3335 fieret
1406 3269 1563 3335 mittendi

324 3376 366 3439 ad
395 3376 564 3441 Neronem
591 3376 733 3463 legatos
758 3416 801 3425 —
827 3379 876 3455 15,
905 3377 953 3442 16.
979 3378 1094 3441 Adicit
1119 3377 1297 3465 (Corbulo)
1324 3378 1394 3442 iure
1420 3376 1563 3442 iurando

325 3484 420 3548 Paeti
459 3493 596 3549 cautum
637 3483 727 3571 apud
766 3485 904 3569 signa...
941 3485 1110 3550 neminem
1140 3486 1331 3549 ltomanum
1363 3484 1563 3549 Armeniam

324 3592 571 3678 ingressurum,
587 3591 693 3656 donec
710 3591 914 3657 referrentur
930 3592 1062 3657 litterae
1074 3592 1230 3671 Neronis,
1244 3617 1286 3657 an
1298 3592 1371 3680 paci
1386 3591 1561 3659 adnuerat.

323 3739 366 3748 -
388 3702 437 3767 15.
454 3703 502 3764 aa.
522 3699 786 3763 ltissimulandis
799 3723 909 3764 rerum
922 3709 1137 3765 externarum
1151 3701 1240 3765 euris
1251 3700 1338 3765 Nero
1354 3700 1563 3766 frumentum

324 3807 432 3893 plebis
448 3814 616 3870 vetustate
632 3815 827 3893 corruptum
843 3809 878 3871 in
894 3807 1040 3872 Tiberim
1059 3808 1145 3873 iecit.
1163 3846 1195 3856 -
1214 3807 1561 3894 15‚22.Gymnasium

326 3915 393 3976 ictu
412 3912 563 3976 fulminis
574 3915 797 3998 conflagravit
813 3913 1007 4002 effigiesque
1023 3916 1056 3979 in
1077 3938 1115 3980 eo
1135 3914 1279 3979 Neronis
1294 3914 1335 3978 ad
1352 3914 1496 3980 informe
1506 3938 1563 3980 aes

323 4019 513 4107 liquefacta.
545 4060 587 4068 —
623 4024 670 4092 15,
702 4022 755 4085 223.
794 4021 916 4086 Natam
944 4022 1007 4086 sibi
1024 4045 1066 4086 ex
1081 4023 1235 4110 Poppaea
1251 4022 1353 4086 liliam
1369 4021 1457 4087 Nero
1474 4022 1562 4088 ultra

323 4125 463 4190 mortale
489 4126 650 4211 gaudium
685 4127 814 4214 aceepit
834 4180 854 4192 ..
892 4129 1048 4194 Secutam
1087 4129 1207 4193 dehinc
1249 4153 1366 4193 vocem
1407 4129 1563 4194 Caesaris

323 4234 445 4308 ferunt,
470 4257 536 4322 qua
561 4233 813 4298 reconciliatum
839 4258 874 4300 se
900 4236 1066 4301 Thraseae
1088 4237 1177 4323 apud
1195 4238 1357 4302 Senecam
1372 4237 1561 4314 iactaverit,

323 4366 360 4407 ac
380 4342 541 4406 Senecam
574 4341 709 4405 Caesari
738 4341 960 4428 gratulatum.
981 4383 1020 4391 -
1041 4345 1090 4423 15,
1111 4343 1162 4407 25.
1191 4343 1372 4408 Consuluit
1387 4343 1476 4409 inter
1495 4346 1563 4432 pri·

323 4472 432 4514 mores
447 4449 594 4512 civitatis
610 4446 697 4512 Nero
709 4447 835 4513 bellum
848 4474 971 4537 anceps
984 4457 1071 4531 (cum
1086 4450 1234 4538 Parthis)
1248 4474 1290 4514 an
1302 4474 1367 4537 pax
1382 4451 1563 4519 inhonesta

322 4557 485 4646 placeret;
501 4579 562 4620 nec
584 4554 776 4620 dubitatum
792 4557 833 4621 ‹lc
849 4556 980 4623 bello...
1003 4558 1207 4644 llegressum
1228 4559 1283 4644 (ex
1299 4559 1461 4623 Armenia
1476 4560 1563 4627 Cae-

321 4663 487 4748 sennium)
506 4662 659 4739 Paetum,
686 4687 762 4728 cum
779 4666 934 4751 graviora
954 4674 1131 4746 metueret,
1159 4665 1288 4730 facetiis
1304 4667 1463 4731 insectari
1479 4670 1562 4734 satis

321 4771 438 4836 habuit
458 4772 593 4836 Caesar.
628 4810 670 4820 —
705 4774 755 4849 15,
783 4796 836 4859 19.
866 4772 1046 4860 (Tiridates
1062 4773 1233 4860 pollicitus
1249 4780 1301 4838 est
1320 4775 1369 4858 se)
1390 4774 1560 4843 iturum...

325 4880 465 4943 ftomam
482 4877 697 4966 laturumque
713 4902 839 4942 novum
856 4878 993 4944 Caesari
1016 4880 1161 4947 decuS...
1184 4881 1267 4944 Tum
1289 4881 1415 4968 placuit
1430 4882 1562 4949 Tirida-

284 4999 286 5004 '
323 4996 377 5057 ten
398 5008 521 5084 ponere
533 4985 622 5076 apud
635 4985 780 5071 effigiem
802 4986 956 5053 Caesaris
977 4987 1110 5078 insigne
1137 4989 1267 5074 regium
1287 5011 1348 5054 nec
1373 4988 1438 5056 nisi
1455 5012 1559 5064 manu
