3709 6234
798 872 942 926 'llltElthS
1456 871 1510 927 665

274 1010 472 1076 Marcellum
494 1012 714 1080 insimulabat
733 1014 889 1080 sinistros
909 1016 951 1081 de
970 1015 1103 1081 Tiberio
1119 1039 1291 1082 sermones
1307 1016 1508 1086 habuisse...

274 1120 457 1193 Addidit...
476 1127 509 1191 in
525 1130 635 1190 statua
645 1128 819 1210 amputato
832 1123 942 1211 capite
956 1125 1105 1212 Augusti
1123 1125 1269 1211 elligiem
1285 1124 1408 1190 Tiberii
1424 1125 1511 1190 indi-

273 1237 383 1297 tam...
413 1232 598 1297 Manebant
617 1230 720 1294 etiam
743 1237 816 1295 tum
841 1231 986 1319 vestigia
1007 1232 1182 1298 morientis
1204 1232 1383 1299 libertatis.
1404 1234 1511 1321 Igitur

275 1335 337 1403 Cn.
357 1338 456 1405 Piso:
480 1368 495 1399 a
519 1341 641 1418 Quo»,
666 1336 788 1425 inquit,
816 1367 832 1398 a
852 1337 927 1403 loco
943 1339 1111 1420 censebis,
1132 1340 1278 1405 Caesar?
1296 1369 1311 1400 »
1333 1379 1375 1389 -
1397 1365 1425 1420 ι,
1454 1343 1507 1429 75.

272 1443 570 1513 SubvenitCaesar
586 1445 799 1533 pretiumque
812 1445 947 1511 aedium
967 1446 1107 1512 Aurelio
1124 1447 1252 1514 tribuit.
1266 1486 1305 1496 —
1316 1472 1327 1513 r
1337 1500 1344 1528 ,
1356 1447 1410 1536 76.
1425 1448 1510 1514 Ceu·

272 1553 340 1619 suit
359 1555 500 1621 Asinius
516 1553 636 1620 Gallus
648 1559 684 1616 ut
698 1550 775 1616 libri
791 1551 950 1641 Sibyllini
968 1554 1160 1635 adirentur;
1182 1556 1296 1621 renuit
1307 1554 1503 1623 Tiberius...

272 1661 437 1726 Achaiam
457 1685 496 1728 ac
521 1661 753 1727 Macedoniam
774 1684 876 1727 onera
906 1661 1129 1751 deprecantes
1153 1663 1259 1729 levari
1287 1663 1321 1728 in
1349 1686 1508 1751 praesens

205 1778 207 1781 ⁴
272 1769 501 1855 proconsulari
516 1769 657 1857 imperio
674 1767 827 1857 tradique
840 1768 976 1834 Caesari
992 1770 1130 1859 placuit.
1145 1810 1187 1820 —
1203 1796 1297 1860 ¹277·
1312 1771 1509 1837 Intercessit

272 1875 432 1942 Haterius
456 1877 607 1966 Agrippa
633 1876 791 1941 tribunus
811 1876 920 1965 plebei
944 1878 1198 1969 increpitusque
1216 1888 1268 1944 est
1289 1858 1400 1944 Asinii
1416 1880 1507 1946 Galli

271 1986 433 2064 oratione,
449 1984 570 2049 silente
585 1983 730 2063 liberie,
749 1985 860 2071 quiea
880 1985 1062 2051 simulacra
1081 1986 1248 2052 libertatis
1262 1988 1394 2052 senatui
1411 2010 1507 2074 prae-

272 2089 383 2156 bebat.
402 2091 517 2157 Valuit
537 2099 650 2156 tamen
676 2091 884 2167 intercessio
911 2094 989 2181 quia
1007 2094 1115 2159 Divus
1140 2095 1318 2180 Augustus
1338 2095 1507 2161 immunes

270 2198 448 2263 verberum
477 2198 661 2263 histriones
691 2198 861 2287 quondam
891 2200 1123 2287 responderat,
1155 2224 1263 2291 neque
1297 2201 1347 2268 las
1373 2202 1506 2267 Tiberio

270 2304 452 2392 intringere
481 2306 571 2371 dicta
599 2305 682 2372 eius.
715 2342 760 2357 -
797 2331 824 2384 1,
844 2308 897 2397 78.
935 2306 1165 2373 Centesimum
1190 2333 1301 2374 rerum
1334 2310 1505 2375 renalium

271 2421 347 2500 post
368 2412 457 2477 bella
477 2413 589 2479 civilia
616 2413 807 2479 institutam
833 2414 1036 2502 deprecante
1063 2416 1201 2504 populo,
1231 2417 1338 2483 edixit
1353 2416 1506 2483 Tiberius

269 2520 415 2585 militare
439 2521 605 2586 aerarium
631 2543 669 2585 eo
689 2519 841 2585 subsidio
864 2523 939 2587 niti.
963 2561 1007 2572 -
1032 2548 1059 2604 r,
1078 2527 1132 2591 tto.
1157 2524 1194 2588 ld
1219 2547 1353 2613 quoque
1374 2549 1505 2590 morum

270 2626 393 2692 'liberii
414 2627 489 2698 tuit.
521 2628 717 2693 continuare
742 2628 882 2716 imperia
898 2653 939 2734 ρο
960 2629 1138 2719 plerosque
1168 2631 1209 2696 ad
1230 2632 1332 2696 tinem
1355 2633 1444 2697 vitae
1470 2633 1504 2698 in

268 2734 376 2799 isdem
408 2734 611 2801 exercitibus
639 2743 697 2801 aut
730 2736 1020 2802 iurisdictionibus
1046 2737 1181 2804 habere.
1206 2778 1248 2787 -
1274 2763 1305 2817 α,
1324 2738 1355 2805 3.
1385 2741 1504 2805 Occiso

267 2842 452 2908 Artaxia...
478 2842 579 2907 datus
603 2867 621 2907 a
642 2841 786 2908 Caesare
813 2844 985 2909 Armeniis
1009 2845 1174 2931 Tigranes
1208 2845 1443 2934 deductusque
1469 2847 1503 2912 in

267 2972 407 3034 regnum
424 2973 442 3013 a
457 2949 483 3013 T
485 2950 591 3014 iberio
607 2949 751 3019 Nerone.
767 2986 810 3000 --
832 2974 863 3029 n,
882 2950 914 3018 5.
935 2950 1068 3016 'liberio
1084 2952 1175 3018 haud
1191 2953 1362 3038 ingratum
1379 2953 1502 3019 accidit

267 3055 393 3121 turbari
420 3081 474 3121 res
499 3057 661 3135 Orientis,
679 3064 715 3123 ut
735 3080 772 3123 ea
789 3058 900 3145 speeie
916 3060 1156 3124 Germanicum
1185 3061 1290 3126 suetis
1310 3060 1502 3147 legionibus

266 3162 520 3231 abstraheret...
536 3204 579 3213 —
591 3189 622 3244 α,
635 3191 667 3251 q.
685 3164 806 3231 Erat...
829 3165 863 3229 in
874 3167 1026 3231 exercitu
1040 3166 1246 3255 (Germanici
1276 3168 1378 3233 trater
1391 3169 1503 3232 Armi·

265 3270 326 3358 nii)
342 3280 567 3357 cognomento
584 3271 721 3342 Flavus.
740 3272 884 3358 insignis
901 3273 966 3337 lide
994 3282 1027 3339 et
1047 3274 1173 3339 amisso
1188 3299 1248 3362 per
1263 3275 1388 3340 vulnus
1404 3276 1502 3341 oculo

265 3378 380 3464 paucis
396 3387 473 3444 ante.
499 3380 597 3443 annis
621 3379 704 3444 duee
727 3378 872 3446 Tiberio.
891 3419 935 3428 -
956 3404 986 3459 α,
1009 3381 1058 3447 18.
1091 3381 1188 3446 Miles
1219 3383 1251 3446 in
1282 3383 1355 3446 loco
1384 3383 1501 3470 proelii

264 3483 434 3549 Tiberium
454 3487 691 3574 imperatorem
719 3485 893 3553 salutavit.
920 3526 963 3537 —
979 3512 1010 3560 2,
1027 3512 1079 3553 aa.
1107 3489 1307 3574 Congeriem
1331 3513 1501 3558 armorum

265 3594 390 3658 struxit
404 3594 653 3681 (Germanicus)
671 3592 817 3681 superbo
830 3617 895 3658 cun
912 3594 1068 3674 titulo...‚
1081 3596 1265 3661 exercitum
1280 3597 1403 3662 'liberii
1419 3597 1501 3663 Cae·

264 3701 349 3764 saris
364 3724 401 3765 ea
424 3702 672 3767 monimenta...
692 3702 936 3767 sacravisse.—
956 3726 987 3773 a.
1006 3701 1060 3766 26.
1080 3701 1215 3767 Crebris
1231 3704 1386 3791 epistulis
1401 3705 1501 3770 Tibe-

264 3809 334 3872 rius
363 3808 522 3872 uiouebat
542 3807 823 3895 (Germanicum),
851 3808 975 3873 rediret
1002 3810 1044 3873 ad
1069 3809 1241 3875 decretum
1276 3812 1499 3900 triumphum.

262 3952 306 3962 —
323 3938 353 3990 n,
373 3916 454 3981 28...
474 3915 632 3979 Flaccum
649 3913 884 3979 Vescularium
900 3916 1050 4003 equitem
1071 3917 1277 3996 Romanum,
1294 3919 1348 3982 cui
1364 3922 1501 4007 propior

261 4045 339 4086 cum
358 4021 491 4088 Tiberio
506 4045 588 4086 usus
601 4028 684 4086 erat.
703 4020 828 4086 Caesar
840 4021 1003 4086 indicium
1024 4022 1113 4087 haud
1127 4031 1328 4114 aspernatus
1343 4050 1501 4112 congres-

208 4200 212 4209 .
263 4151 321 4192 sus
341 4127 469 4193 abnuit.
488 4167 531 4176 —
548 4152 579 4210 2,
598 4151 651 4214 29·
670 4126 770 4210 (Libo
795 4129 940 4216 Drusus)
958 4151 1078 4194 manus
1093 4153 1131 4194 ae
1148 4130 1317 4218 supplices
1337 4155 1437 4197 voces
1457 4135 1500 4199 ad

262 4235 431 4300 Tiberium
454 4216 596 4300 tendens
616 4236 756 4299 immoto
780 4236 851 4299 eius
880 4235 979 4302 vultu
999 4237 1176 4324 excipitur.
1205 4238 1285 4303 Mox
1313 4238 1446 4304 libellos
1466 4250 1499 4307 et

261 4350 416 4407 auctores
431 4344 548 4407 recitat
563 4342 728 4407 Caesar...
747 4381 789 4391 -
803 4366 835 4420 α,
855 4344 906 4407 3ο.
927 4342 1080 4409 Callidus
1100 4352 1134 4409 et
1148 4345 1227 4409 novi
1249 4346 1332 4410 iuris
1347 4357 1499 4434 repertor

261 4449 414 4514 Tiberius
435 4450 619 4536 mancipari
635 4449 790 4536 singulos
804 4449 957 4537 (Libonis
972 4451 1102 4538 servos)
1118 4452 1223 4516 actori
1238 4451 1373 4540 publico
1391 4454 1496 4536 iubet,

263 4556 390 4621 scilicet
407 4564 441 4622 ut
464 4557 497 4620 in
521 4556 682 4621 Libonem
696 4580 737 4621 ex
755 4558 861 4621 servis
877 4557 972 4622 salvo
993 4565 1130 4623 senatus
1152 4558 1308 4625 consulto
1323 4584 1498 4648 quaerere·

264 4673 329 4729 tur.
346 4704 388 4712 —
402 4689 432 4740 a,
446 4664 482 4727 31
494 4713 500 4729 .
513 4663 681 4731 luravit...
692 4664 718 4727 'l
720 4664 845 4729 iberius
855 4664 1039 4752 petiturum
1056 4688 1091 4730 se
1104 4665 1209 4731 vitam
1224 4665 1358 4753 (Liboni
1373 4668 1498 4756 Druso)

260 4771 416 4859 quamvis
448 4772 594 4841 nocenti.
624 4771 696 4834 nisi
725 4771 952 4836 voluntariam
988 4779 1133 4837 mortem
1161 4775 1423 4861 properavisset.
1453 4816 1497 4826 —

262 4903 293 4951 α,
312 4876 366 4943 33.
383 4877 564 4943 Adiecerat
579 4885 612 4942 et
632 4878 785 4943 'liberius
800 4902 868 4943 non
884 4877 918 4943 id
940 4887 1074 4967 tempus
1088 4903 1250 4944 censurae
1271 4905 1344 4957 nee,
1363 4882 1391 4945 si
1413 4883 1495 4971 quid

262 4985 295 5048 in
322 4983 473 5049 moribus
502 4983 642 5064 labaret,
668 4984 864 5052 defuturum
896 4986 1087 5072 corrigendi
1119 4995 1368 5055 auctorem-
1392 4991 1493 5067 aaa.
