3709 6234
804 866 856 919 Cll.
877 865 947 918 PlSO
1464 860 1516 917 537

277 1006 304 1069 si
315 1029 415 1071 casus
427 1005 577 1084 daretur,
601 1004 791 1092 ausurum).
804 1044 847 1053 —
863 1030 890 1082 1,
905 1007 958 1093 74.
970 1004 1157 1070 Manebant
1170 1004 1357 1070 etiamtum
1371 1006 1518 1093 vestigia

277 1113 452 1178 morientis
465 1112 648 1177 libertatis.
662 1111 768 1198 lgitur
778 1110 842 1177 Cn.
862 1112 966 1179 Piso:
986 1143 1000 1172 «ι
1023 1112 1098 1191 Quo
1118 1136 1146 1180 a.
1168 1112 1289 1200 inquit,
1305 1142 1320 1171 «
1344 1111 1418 1178 loco
1438 1137 1518 1178 cen-

276 1219 380 1300 sebis,
397 1220 572 1286 Caesar?n
599 1256 639 1267 -·
668 1245 694 1298 ι,
723 1244 777 1308 79.
793 1219 859 1304 (De
883 1218 1069 1286 coercendo
1099 1219 1224 1304 Tiberi)
1253 1220 1287 1284 in
1312 1221 1516 1286 sententiam

276 1328 359 1392 Cn.¹
381 1327 516 1393 Pisonis
528 1328 741 1413 (concessum
759 1331 838 1413 cst),
865 1327 923 1417 qui
948 1326 997 1391 nil
1024 1326 1225 1393 mutandum
1258 1336 1448 1393 censuerat.
1475 1368 1518 1377 —

278 1460 310 1512 2,
328 1435 382 1502 35.
402 1436 469 1501 Res
481 1459 521 1500 eo
534 1458 623 1504 anno
636 1433 787 1522 prolatas
802 1434 890 1499 haud
905 1433 1077 1508 referrem,
1112 1436 1146 1500 ni
1175 1435 1320 1523 pretium
1351 1435 1437 1501 foret
1452 1435 1515 1502 Cn.

278 1542 412 1609 Pisonis
432 1550 466 1608 et
481 1543 592 1607 Asinii
608 1540 698 1606 Galli
710 1564 811 1629 super
830 1565 869 1607 co
893 1542 1030 1629 negotio
1059 1542 1211 1607 diversas
1232 1543 1418 1608 sententias
1438 1566 1516 1608 nos-

277 1673 363 1716 cere.
383 1650 474 1727 Piso,
490 1671 697 1738 quamquam
719 1647 889 1714 afuturum
910 1672 947 1715 se
975 1649 1105 1715 dixerat
1125 1649 1261 1730 Caesar,
1284 1649 1327 1715 ob
1346 1649 1380 1714 id
1409 1651 1518 1738 magis

278 1756 427 1844 agendas
442 1756 602 1822 censebat
622 1806 644 1821 ..
670 1754 801 1845 Callus,
820 1756 899 1844 quia
932 1756 1079 1844 speciem
1103 1755 1271 1822 libertatis
1288 1756 1366 1821 Piso
1381 1780 1518 1845 praece-

278 1872 384 1953 perat,
403 1862 487 1928 nihil
501 1863 626 1930 satis...
645 1886 685 1928 ex
700 1862 865 1950 dignitate
881 1862 999 1952 populi
1020 1863 1164 1928 Romani
1183 1864 1247 1928 nisi
1262 1886 1375 1928 coram
1393 1873 1426 1930 et
1455 1864 1518 1931 sub

278 1971 385 2036 oeulis
400 1971 596 2037 Caesaris...
615 1968 759 2037 dicebat.
789 2009 832 2018 —
857 1994 888 2046 2,
916 1970 970 2047 tt.
990 1970 1157 2060 (Tiberius
1195 1971 1327 2058 Syriae)
1351 1971 1518 2059 praefece-

278 2087 369 2144 rat...
388 2078 452 2144 Cn.
470 2077 641 2154 Pisonem.
660 2076 995 2165 ingenioviolentum
1010 2086 1044 2144 et
1057 2077 1211 2166 obsequii
1232 2078 1399 2165 ignarum,
1417 2079 1519 2145 insita

278 2184 398 2250 ferocia
415 2193 538 2273 epatre
555 2184 689 2252 Pisone.
708 2185 765 2272 qui
782 2184 872 2248 civili
894 2183 1026 2250 bello...
1055 2224 1094 2235 -
1120 2209 1150 2264 a,
1183 2184 1236 2250 55.
1264 2185 1312 2251 At
1338 2185 1401 2252 Cn.
1424 2186 1515 2264 Piso,

278 2317 345 2381 qno
357 2294 592 2382 properantius
608 2292 775 2357 destinata
788 2292 963 2381 inciperet,
981 2294 1152 2359 civitatem
1169 2294 1430 2359 Atheniensium
1446 2302 1517 2360 tur-

278 2400 356 2465 bido
370 2401 503 2465 incessu
516 2400 753 2465 exterritam...
774 2400 967 2489 increpat...
986 2400 1102 2489 Neque
1121 2409 1232 2466 tamen
1250 2401 1424 2489 mitigatus
1439 2403 1517 2467 Piso

276 2516 309 2572 et
325 2508 381 2572 vix
397 2507 463 2573 diei
484 2530 612 2572 moram
633 2529 814 2596 perpessus
833 2505 958 2596 linquit
987 2495 1225 2573 Germanicum
1259 2509 1512 2597 praevenitque.

277 2653 320 2662 —
336 2638 368 2689 2,
382 2617 436 2703 57.
453 2614 650 2703 Cunctaque
667 2613 804 2679 socialia
818 2637 979 2702 prospere
994 2615 1180 2703 composita
1196 2638 1264 2680 non
1286 2614 1362 2680 ideo
1391 2613 1517 2682 laetum

278 2722 517 2787 Germanicum
531 2720 702 2787 habebant
716 2720 759 2786 ob
771 2720 962 2809 superbiam
980 2721 1125 2800 Pisonis,
1139 2724 1240 2812 qui...
1258 2722 1361 2810 Apud
1377 2722 1517 2789 hiberna

278 2827 438 2896 decumae
466 2828 610 2916 legionis
631 2851 831 2908 convenere,
858 2829 991 2894 firmato
1023 2828 1132 2908 vultu,
1158 2830 1235 2894 Piso
1265 2829 1429 2895 adversus
1448 2853 1518 2895 me-

279 2942 363 3008 tum.
379 2936 600 3001 Germanicus
616 2958 657 3000 ne
674 2935 794 3000 minari
807 2935 1040 3002 crederetur...
1062 2937 1280 3003 Postremo...
1294 2960 1404 3002 sermo
1420 2960 1518 3024 coep-

280 3042 538 3120 tusaCaesare,
556 3042 692 3132 qualem
722 3043 770 3106 ira
799 3050 833 3108 et
856 3042 1083 3108 dissimulatio
1108 3044 1235 3131 gignit;
1264 3067 1464 3131 responsum
1498 3068 1517 3109 a

281 3149 402 3214 Pisone
423 3150 579 3237 precibus
608 3149 906 3216 contumacibus...
944 3152 1026 3215 Post
1050 3174 1136 3239 quae
1167 3175 1264 3217 rarus
1295 3151 1328 3216 in
1358 3150 1518 3216 tribunali

279 3255 434 3322 Caesaris
450 3258 542 3336 Piso,
568 3265 613 3330 et.
627 3257 654 3321 si
670 3256 806 3345 quando
822 3256 1004 3329 adsideret.
1028 3266 1125 3324 atrox
1155 3282 1192 3324 ac
1214 3259 1393 3324 dissentire
1410 3258 1518 3323 mani-

280 3362 426 3429 festus...
445 3364 574 3431 Cum...
592 3387 735 3430 coronae
753 3387 872 3429 aureae
888 3388 1012 3451 magno
1032 3365 1181 3453 pondere
1196 3368 1332 3431 Caesari
1351 3375 1384 3431 et
1395 3366 1517 3454 Agrip·

279 3471 389 3557 pinae,
415 3472 507 3537 leves
530 3472 645 3536 Pisoni
675 3480 709 3536 et
736 3473 856 3537 ceteris
879 3472 1092 3544 ollerrentur.
1113 3473 1214 3562 (dixit
1238 3473 1330 3561 Piso)
1356 3473 1518 3561 principis

279 3578 436 3658 Romani,
455 3603 520 3643 non
539 3579 654 3643 Parthi
671 3579 758 3665 regis
771 3578 839 3644 lilio
857 3602 914 3644 eas
930 3578 1047 3667 epulas
1063 3581 1178 3646 dari...
1195 3619 1237 3629 -
1261 3606 1291 3658 2,
1318 3580 1372 3646 58.
1388 3581 1513 3646 Datum

280 3684 314 3750 id
331 3708 396 3750 non
418 3686 518 3750 modo
535 3686 691 3773 precibus
724 3686 902 3766 Artabani,
929 3687 988 3751 sed
1022 3686 1247 3753 contumeliae
1281 3688 1428 3767 PisoniS,
1464 3689 1518 3754 cui

279 3794 493 3879 gratissimus
514 3802 587 3859 erat
603 3793 789 3882 (Vonones)
800 3792 883 3860 ob...
903 3833 945 3842 —
962 3817 993 3870 2,
1012 3793 1067 3883 69.
1090 3793 1178 3859 llinc
1201 3818 1323 3881 graves
1355 3796 1390 3860 in
1423 3795 1517 3862 Piso-

279 3923 355 3966 nem
381 3900 618 3977 contumeliae,
646 3923 706 3965 nec
735 3901 848 3965 minus
881 3900 1001 3966 acerba
1030 3924 1116 3990 quae
1144 3900 1260 3967 abillo
1281 3903 1314 3967 in
1338 3902 1516 3969 Caesarem

279 4009 544 4094 (Germanicum)
562 4005 827 4073 intentabantur.
839 4008 924 4072 Dein
939 4007 1016 4072 Piso
1032 4006 1124 4073 abire
1142 4009 1240 4074 Suria
1256 4010 1416 4076 statuit...
1435 4011 1517 4076 Sae-

278 4139 354 4179 vam
371 4116 439 4179 vim
456 4114 563 4179 morbi
577 4114 724 4201 augebat
739 4115 913 4203 persuasio
926 4116 1049 4180 veneni
1063 4140 1081 4180 a
1094 4116 1216 4181 Pisone
1229 4118 1368 4205 accepti.
1378 4169 1383 4181 .
1393 4168 1399 4182 .
1409 4117 1518 4184 Simul

280 4223 374 4286 missi
395 4246 412 4287 a
430 4223 553 4287 Pisone
574 4222 829 4303 incusabantur,
853 4230 891 4287 ut
906 4222 1112 4288 valetudinis
1125 4224 1348 4311 (Germanici)
1376 4223 1517 4290 adversa

280 4332 453 4395 rimantes.
468 4368 512 4380 -
533 4356 564 4403 2,
587 4354 639 4419 70.
668 4330 736 4394 Nec
756 4330 835 4393 Piso
857 4337 1008 4394 moratus
1035 4330 1123 4396 ultra
1144 4353 1248 4395 naves
1266 4330 1380 4409 solvit,
1404 4331 1517 4399 mode·
1545 4345 1549 4354 '

280 4436 483 4524 robaturquc
503 4439 627 4516 cursui,
655 4461 721 4526 quo
735 4437 873 4526 propius
892 4437 1138 4523 regrederetur,
1154 4438 1182 4502 si
1212 4462 1304 4503 mors
1324 4439 1517 4505 Germanici

278 4543 411 4607 Suriam
427 4544 626 4630 aperuisset.
644 4579 685 4591 —
704 4568 734 4621 2,
752 4567 805 4632 7¹·
826 4571 840 4603 «
860 4542 994 4608 Scelere
1014 4544 1147 4609 Pisonis
1168 4552 1201 4610 et
1217 4544 1399 4610 Plancinae
1415 4546 1516 4611 inter·

279 4658 397 4738 coptus
427 4650 563 4716 ultimas
598 4674 715 4737 preces
742 4648 935 4738 pectoribus
961 4651 1084 4716 vestris
1109 4650 1301 4740 relinquo»
1335 4652 1517 4741 (Loquitur

270 4822 278 4855 ¹
296 4819 460 4867 l'raenomen
477 4820 541 4867 add.
557 4819 722 4882 Nipperdey,
743 4819 823 4867 «Der
841 4819 977 4868 Vornamc
991 4819 1060 4869 fehlt
1076 4821 1102 4868 in
1120 4821 1169 4869 der
1186 4819 1254 4868 llds.
1266 4821 1341 4869 Abcr
1351 4822 1439 4869 dieser
1455 4822 1516 4872 Piso

234 4900 271 4947 ist
287 4916 317 4947 zu
333 4899 410 4961 lange
429 4900 528 4948 vorher
541 4903 577 4960 (c.
589 4905 628 4963 7⁴)
645 4902 699 4949 und
717 4902 760 4950 bei
777 4903 853 4950 einer
869 4903 971 4951 andern
985 4901 1071 4950 Sache
1083 4901 1216 4951 crwdhnt.
1234 4903 1281 4950 Cn.
1294 4901 1338 4950 ltel
1351 4901 1435 4952 leicht
1446 4904 1515 4952 nach

237 4996 261 5030 m
278 4996 335 5030 uns.
355 4980 477 5029 weshalh
494 4981 562 5030 auch
579 4981 654 5029 nicht
671 4997 704 5030 an
721 4982 752 5031 L.
772 4981 865 5031 Piso...
881 4998 912 5031 zu
928 4982 1035 5032 denkcn
1051 4983 1087 5031 ist
1103 4998 1116 5030 ι
1135 4982 1479 5045 (Necessum-Asanam.)

100 5283 380 5525 'Q
