3709 6234
738 874 912 927 ltllleb'b'lA
1414 869 1464 923 t37

227 1019 391 1102 gionum).
412 1016 529 1084 -ΙΙΙ,
555 1041 607 1103 7o.
629 1049 641 1070 ι·
664 1016 732 1080 lam
754 1016 926 1102 llispaniis
957 1016 1214 1104 tier-nmaiiscpre
1242 1025 1272 1080 et
1292 1015 1463 1080 Britannia

227 1125 490 1190 desciscentibus
501 1129 535 1210 (a
559 1123 709 1192 l'itellio.
732 1148 767 1186 se
786 1123 937 1187 Blarium
950 1123 1127 1208 Sabbmm)
1143 1123 1279 1188 fratrem
1294 1124 1466 1211 l'espasio·

230 1233 261 1298 ai
283 1232 494 1297 rnansissein
514 1231 579 1296 tide
605 1261 632 1297 o.
651 1269 696 1282 -
713 1230 768 1306 ll',
798 1256 846 1296 ra.
872 1231 989 1296 Batavi
1064 1230 1122 1296 diu
1142 1231 1351 1296 tiermuuieis
1367 1230 1466 1295 bellis

228 1340 375 1406 exerciti.
392 1364 471 1405 mox
485 1348 581 1404 aucta
600 1363 658 1427 per
672 1339 880 1404 Britanniam
897 1337 1016 1424 gloria.
1034 1339 1242 1403 transmissis
1256 1339 1334 1403 illue
1351 1338 1467 1402 cobor-

230 1447 358 1514 tibus...
379 1485 419 1496 -
438 1446 494 1518 [Υ.
526 1449 579 1516 ab.
601 1446 814 1511 Hordeonius
844 1446 1055 1534 exemplares
1083 1446 1235 1511 omnium
1262 1446 1464 1514 litterarum.

228 1555 350 1643 quibus
383 1578 441 1642 per
465 1553 594 1618 tlallias
626 1553 900 1641 Britanniamque
930 1562 963 1617 et
984 1553 1165 1640 Hispanias
1179 1552 1304 1618 auxilia
1335 1552 1464 1623 orabat.

229 1663 389 1728 exercitui
412 1662 607 1727 recitarit...
629 1703 670 1711 -
689 1662 745 1732 ll',
774 1664 826 1738 bl.
858 1662 953 1725 Paria
974 1661 1014 1724 de
1044 1661 1216 1726 Britannia
1238 1660 1464 1746 tingebantur.

227 1773 362 1859 (nempe
394 1793 463 1832 rem
498 1770 683 1833 llomanam
701 1767 744 1833 ibi
764 1767 955 1848 adtlietari).
974 1807 1016 1815 --
1035 1768 1091 1847 tt'.
1110 1769 1163 1834 o8.
1183 1767 1309 1846 Quarta
1337 1768 1467 1832 decimu

231 1877 315 1964 legio
340 1901 357 1940 e
380 1877 551 1941 Britannia
584 1901 614 1964 [a
645 1876 802 1940 blut-iano
828 1877 860 1938 in
883 1877 1084 1938 (iermauias
1111 1875 1242 1952 acc-ita).
1270 1914 1305 1923 -
1328 1875 1384 1955 lb,
1412 1876 1464 1963 76,

231 1985 333 2050 'l'utor
355 1985 572 2049 cunctatione
592 2007 743 2048 creseere
766 2006 834 2046 rem
859 1982 1044 2047 anrmam
1065 1982 1306 2051 mllirmabat...
1329 2003 1335 2058 ;
1361 1991 1467 2047 traus-

232 2102 360 2158 rectam
391 2115 408 2156 e
434 2093 606 2156 Britannia
633 2090 813 2174 legionem,
844 2092 969 2154 accitas
996 2115 1035 2154 ex
1073 2091 1275 2178 llispania...
1294 2130 1335 2140 -
1355 2091 1392 2156 Υ.
1418 2090 1465 2156 ι6.

232 2199 385 2264 ¹l'etilius
429 2198 585 2280 Cerialis)
619 2200 813 2287 proprios...
848 2197 1005 2262 stimulos
1034 2197 1223 2284 legionibus
1252 2196 1465 2268 admovebat.

233 2307 416 2372 domitores
432 2307 623 2371 Britanniae.
640 2305 957 2394 quintadecimanos
973 2303 1191 2392 appellans...
1211 2347 1221 2354 -
1248 2305 1290 2372 .t.
1305 2304 1335 2371 5.
1359 2305 1468 2369 l‘rima

233 2423 419 2480 castrorum
437 2413 625 2478 rudimenta
644 2412 676 2477 iu
699 2413 871 2477 Britannia
884 2412 1047 2476 Suetonio
1060 2411 1245 2477 Paulino...
1259 2411 1336 2476 duci
1349 2411 1469 2499 adpro-

235 2521 366 2588 bavit...
386 2521 460 2586 Non
477 2545 557 2586 sane
577 2521 661 2586 alias
676 2521 891 2586 exercitatior
911 2520 1086 2608 magisque
1107 2518 1311 2604 inambigua
1336 2520 1468 2584 Britan·

238 2631 288 2694 uia
308 2629 411 2695 luit...
432 2667 470 2678 -
487 2633 517 2692 o.
539 2629 694 2694 Praeerat
712 2637 780 2693 tum
806 2629 998 2693 Britannica·
1024 2628 1155 2691 l'ettias
1183 2627 1344 2702 Bolanus,
1366 2626 1470 2713 placi-

233 2735 424 2824 diusquam
442 2735 541 2801 leroei
564 2738 735 2823 provincia
749 2736 889 2818 dignum
911 2744 1004 2801 est...
1030 2736 1127 2799 llreri
1151 2734 1271 2798 deinde
1300 2735 1468 2800 Britmmiu

235 2843 448 2909 consularem
464 2843 621 2908 Petilium
645 2845 809 2908 tierialem
827 2843 968 2931 aceepit.
986 2869 1071 2929 -9.
1097 2843 1149 2906 .ld
1165 2867 1260 2930 spem
1274 2841 1470 2907 consulatus

235 2959 412 3016 rm'ocatus
427 2959 479 3016 est
494 2951 694 3034 (.lgric·olat.
717 2952 899 3015 cmnitante
927 2951 1084 3038 opinione
1105 2950 1310 3014 Britarmim'n
1337 2951 1365 3013 ei
1396 2974 1470 3038 pro·

237 3059 379 3122 iinciam
397 3058 510 3124 clari..¹
537 3059 615 3124 Post
637 3057 893 3124 consulatum...
913 3058 1026 3122 statim
1050 3058 1244 3122 Britanniae
1259 3058 1471 3144 praepositus

238 3177 299 3230 est.
319 3203 361 3215 -
384 3191 432 3230 ro.
458 3166 651 3231 Britanniae
673 3168 775 3231 situm
800 3165 1011 3254 populosque
1033 3166 1150 3230 multis
1167 3165 1388 3253 scriptoribus
1404 3189 1471 3229 mc·

240 3283 429 3341 irroratos...
454 3275 640 3342 Britannia.
666 3275 852 3339 insularum
871 3297 956 3362 (quas
972 3275 1121 3339 Bomana
1140 3275 1258 3338 notitia
1279 3272 1471 3360 complecti-

239 3389 290 3444 tur
312 3381 471 3456 maxima,
490 3381 600 3467 spatio
622 3405 659 3444 ac
680 3380 774 3444 caelo
794 3381 828 3445 in
844 3381 1008 3445 orientem
1031 3380 1244 3461 tiorrnauiae,
1262 3381 1294 3443 in
1317 3379 1471 3442 occiden-

238 3499 303 3552 tem
321 3487 501 3575 Hispaniae
521 3487 729 3560 obtenditur,
753 3487 862 3552 tlallis
879 3489 911 3552 in
933 3487 1106 3552 meridiem
1122 3487 1223 3552 etiam
1249 3486 1468 3573 inspicitur...

240 3595 392 3660 bonnam
411 3595 514 3660 totius
532 3596 725 3660 Britanniae
744 3596 914 3664 l.irius....
935 3594 1057 3659 Fabius
1087 3594 1258 3660 Bustieus.
1282 3647 1287 3659 .
1307 3593 1472 3679 oblongae

238 3701 389 3767 scutulae
419 3702 472 3767 rel
488 3701 625 3790 bipenni
640 3702 926 3769 adsinmlarere...
948 3703 1042 3766 llane
1062 3724 1155 3766 oram
1176 3701 1352 3765 novissimi
1372 3703 1474 3765 rnaris

241 3821 319 3874 tunc
347 3811 492 3896 primum
516 3810 664 3874 Bonmna
692 3810 813 3875 classis
830 3812 1055 3875 circumvecta
1081 3808 1225 3873 insulam
1253 3832 1325 3873 esse
1343 3809 1475 3873 Britan-

240 3918 327 3981 niam
348 3916 551 3982 adtirmarit.
570 3956 611 3967 —
633 3941 681 3984 rr.
701 3918 908 3982 Britanniam
925 3918 982 4006 qui
1000 3916 1159 3982 mortales
1180 3916 1275 3980 initio
1294 3916 1471 3985 coluerint.

241 4023 418 4110 indigenae
431 4047 473 4089 an
484 4024 629 4104 advecti,
651 4032 687 4089 nt
704 4026 791 4090 iuter
811 4024 972 4089 barbaros
983 4048 1100 4112 parum
1116 4032 1337 4112 compertum.
1355 4063 1397 4072 —
1424 4049 1471 4088 ra.

243 4132 315 4196 Nox
339 4131 428 4196 clara
444 4139 478 4197 et
492 4141 643 4198 extrema
661 4132 853 4197 Britanniae
869 4140 964 4219 parte
979 4131 1103 4211 brevis,
1123 4140 1158 4196 ut
1179 4134 1279 4196 tinem
1296 4139 1397 4220 atque
1411 4131 1474 4195 ini-

242 4241 324 4305 tium
337 4238 422 4303 lucis
435 4239 557 4324 exiguo
571 4238 766 4304 discrimine
782 4239 1034 4306 internosces...
1060 4239 1136 4305 Fert
1162 4239 1335 4303 Britannia
1355 4262 1473 4304 aurum

240 4355 271 4412 ct
291 4355 469 4432 argentum
490 4355 522 4411 et
543 4346 607 4410 alia
630 4346 809 4412 metalla...
832 4346 1020 4425 Quidam...
1049 4347 1298 4412 arbitrantur...
1326 4351 1474 4431 (marga-

244 4455 321 4532 rita)
355 4455 389 4518 in
418 4453 605 4522 Britannia.
639 4463 737 4542 prout
766 4453 905 4541 expulsa
933 4455 1012 4530 sint,
1039 4452 1165 4540 colligi.
1189 4493 1231 4501 —
1256 4452 1305 4519 13.
1342 4453 1476 4518 Primus

243 4561 393 4626 omnium
411 4560 638 4626 Romanorum
670 4561 777 4626 llirus
803 4560 907 4625 lidius
935 4585 1011 4625 eum
1029 4563 1176 4626 exercitu
1201 4561 1409 4626 Britanniam
1425 4563 1476 4625 in-

243 4691 419 4752 gressus..
448 4677 558 4755 potest
579 4669 683 4734 rideri
705 4668 893 4734 ostendisse
910 4670 1065 4756 posteris.
1091 4693 1156 4732 non
1183 4667 1371 4732 tradidisse.
1397 4669 1475 4732 blox

245 4775 329 4840 bella
346 4775 499 4843 civilia...
516 4800 553 4841 uc.
579 4777 679 4862 longa
696 4776 822 4840 oblivio
853 4776 1045 4840 Britanniae
1061 4777 1161 4840 etiam
1188 4776 1220 4841 in
1238 4799 1360 4863 paee...
1388 4778 1452 4862 Agi

245 4895 332 4949 tasse
352 4883 474 4948 tioium
492 4882 670 4950 Caesarem
684 4882 891 4948 deintranda
908 4882 1079 4948 Britannia
1098 4885 1180 4948 sotis
1195 4890 1340 4947 constat.
1363 4923 1405 4931 —
1426 4886 1475 4959 ¹-l-

245 4991 403 5064 lledocta.
425 5041 432 5056 .
452 4989 615 5088 paulatim
637 4992 668 5062 io
696 4991 835 5058 lormam
858 4993 1051 5085 provinciae
1068 4993 1218 5087 proxima
1241 5013 1317 5088 pars
1340 4991 1472 5064 Britan-
