3709 6234
748 869 884 923 PORCIVS
908 869 995 922 CATO
1459 863 1513 921 559

275 1008 531 1096 saevitiamque,
565 1030 653 1074 nova
688 1008 824 1097 insuper
838 1008 966 1074 invidia
984 1008 1072 1073 Nero
1097 1006 1281 1096 complevit
1301 1006 1510 1094 prohibendo

276 1114 315 1182 C.
333 1114 610 1181 Cassiumolsrcio
631 1116 906 1205 exsequiarum...
931 1155 974 1165 -
995 1115 1044 1197 16,
1067 1140 1120 1182 21.
1141 1114 1226 1181 Cum
1246 1114 1346 1180 deum
1366 1114 1511 1180 honores

277 1222 453 1311 Poppaeae
466 1222 705 1306 decernuntur,
723 1232 842 1312 sponte
854 1223 990 1302 absens,
1008 1223 1116 1289 funeri
1127 1246 1194 1288 non
1205 1223 1402 1289 interfuerat
1413 1222 1510 1310 (Pae-

276 1337 330 1395 tus
344 1330 569 1418 Thrasea),—
590 1330 639 1408 16,
664 1356 716 1396 22.
742 1331 923 1420 (Loquitur
952 1331 1176 1396 Cossutianus
1198 1331 1318 1419 Capito
1347 1331 1381 1394 in
1405 1330 1510 1394 Thra-

276 1438 384 1523 seam)
407 1463 424 1503 «
452 1436 665 1505 ...Eiusdem
682 1439 785 1503 animi
815 1446 867 1504 est
891 1438 1084 1527 Poppaeam
1111 1437 1225 1503 divam
1257 1461 1325 1503 non
1359 1437 1506 1516 eredere,

276 1546 372 1610 cuius
386 1547 419 1612 in
432 1553 507 1612 acta
521 1546 597 1611 Divi
605 1547 752 1634 Augusti
762 1554 795 1612 et
811 1546 887 1611 Divi
904 1545 980 1610 lulii
990 1569 1058 1612 non
1070 1546 1190 1612 iurare.
1205 1581 1243 1595 -
1257 1574 1272 1606 n
1290 1545 1316 1628 l,
1341 1546 1391 1611 13.
1407 1544 1511 1632 (Nero

276 1653 366 1741 apud
377 1652 561 1741 Othonem)
590 1654 781 1743 Poppaeam
801 1653 974 1735 Sabinam,
992 1653 1178 1742 principale
1195 1663 1356 1731 scortum,
1370 1660 1408 1718 ut
1422 1652 1511 1741 apud

276 1761 449 1826 conscium
465 1761 644 1827 libidinum
659 1762 873 1851 deposuerat,
892 1761 999 1827 donec
1016 1760 1191 1828 Octaviam
1220 1784 1360 1827 uxorem
1394 1759 1512 1826 amoli-

277 1875 379 1933 retur.
399 1868 480 1934 Mox
505 1877 700 1957 suspectum
721 1870 754 1934 in
775 1868 892 1935 eadem
914 1869 1072 1958 Poppaea
1084 1869 1119 1934 in
1134 1869 1342 1956 provinciam
1373 1868 1512 1934 Lusita-

279 1976 368 2041 niam
383 1976 494 2065 specie
507 1975 688 2065 legationis
702 1978 865 2066 seposuit.
882 1976 966 2058 -Ι,
981 2001 1033 2045 22.
1048 1975 1176 2042 Multos
1191 1983 1317 2042 secreta
1336 1975 1512 2064 Poppaeae

277 2082 545 2165 mathematicos,
569 2084 754 2172 pessimum
774 2082 971 2172 principalis
993 2084 1198 2149 matrimonii
1233 2083 1508 2164 instrumentum,

279 2188 484 2272 habuerant3
506 2190 661 2280 equibus
675 2190 891 2257 Ptolemaeus
911 2189 1038 2256 Othoni
1060 2192 1093 2256 in
1111 2190 1275 2280 llispania
1292 2214 1447 2258 eomes...
1469 2228 1512 2240 —

278 2295 304 2377 l,
317 2299 371 2386 78.
390 2298 513 2387 (Otho)
527 2307 652 2364 netum
667 2298 805 2387 quidem
823 2300 1000 2364 immemor
1014 2321 1167 2365 amorum
1188 2305 1319 2364 statuas
1335 2298 1511 2387 Poppaeae

276 2395 336 2492 per
346 2412 484 2470 senatus
498 2405 691 2471 consultum
708 2406 859 2495 reposuit
875 2406 897 2472 ¹.

233 2509 469 2576 POPPAEVS
490 2512 697 2593 SABlNVS,
713 2511 939 2579 SABlNVS¹.
956 2551 998 2563 —
1015 2538 1041 2591 ι,
1060 2513 1113 2579 80.
1133 2513 1339 2601 Prorogatur
1354 2514 1511 2602 Poppaeo

276 2617 401 2685 Sabino
417 2621 588 2708 provincia
604 2619 744 2701 Moesia,
770 2620 894 2686 additis
914 2619 1042 2686 Achaia
1058 2644 1096 2686 ac
1113 2620 1323 2688 Macedonia.
1347 2659 1390 2671 -
1404 2623 1438 2702 Δ,
1456 2620 1509 2699 46.

278 2727 420 2792 Decreta
449 2728 610 2815 triumphi
640 2728 786 2815 insignia
813 2728 970 2816 Poppaeo
990 2727 1116 2794 Sabino
1149 2729 1301 2795 contusis
1327 2729 1513 2795 Thraecum

278 2833 479 2922 gentibus...
496 2873 538 2884 —
555 2837 588 2912 4,
612 2837 666 2923 47.
688 2836 735 2900 At
756 2834 913 2917 Sabinus,
932 2834 1040 2901 donec
1065 2836 1232 2901 exercitus
1261 2836 1295 2901 in
1317 2859 1422 2902 unum
1439 2859 1513 2901 con·

274 2941 423 3023 duceret,
445 2941 534 3006 datis
563 2940 701 3007 mitibus
722 2942 951 3031 responsis...,
969 2943 1011 3008 ad
1027 2943 1160 3008 hostem
1182 2944 1304 3032 pergit.
1321 2981 1362 2994 -
1389 2946 1422 3024 Δ,
1454 2947 1509 3034 dp.

278 3049 418 3114 Postera
438 3048 491 3113 die
516 3048 662 3115 Sabinus
682 3051 867 3115 exercitum
894 3073 1001 3139 aequo
1031 3049 1104 3116 loco
1131 3050 1291 3130 ostendit,
1323 3051 1350 3116 si
1380 3050 1513 3117 barbari

277 3178 436 3221 successu
452 3155 561 3220 noctis
581 3155 710 3222 alacres
730 3157 895 3245 proelium
912 3157 1139 3223 auderent-
1154 3160 1186 3239 d,
1201 3160 1253 3224 50.
1266 3159 1352 3224 Cum
1367 3158 1513 3224 Sabinus

277 3263 466 3342 circumire,
485 3262 623 3344 hortari,
642 3287 683 3329 ne
704 3315 724 3330 ..
741 3288 856 3330 casum
875 3264 1116 3331 insidiantibus
1132 3266 1312 3353 aperirent.
1335 3306 1379 3316 —
1405 3266 1436 3344 5,
1462 3289 1509 3333 ιο.

278 3370 442 3435 Auditum
473 3369 506 3434 id
547 3371 732 3459 Poppaeo3
755 3372 892 3440 Sabino.
948 3372 980 3436 ls
1015 3371 1234 3438 Macedoniae
1255 3380 1328 3438 tum
1361 3373 1513 3439 intentus

278 3477 440 3541 Achaiam
462 3500 595 3565 quoque
619 3478 769 3545 curabat.
790 3478 938 3565 lgitur...
956 3478 1043 3559 -6,
1067 3478 1120 3569 39.
1140 3477 1221 3544 Fine
1237 3480 1317 3545 anni
1334 3481 1511 3568 Poppaeus

277 3583 423 3648 Sabinus
435 3585 601 3650 concessit
614 3586 696 3665 vita,
724 3585 877 3651 modicus
893 3586 1045 3673 originis,
1062 3586 1253 3675 principum
1269 3587 1415 3652 amicitia
1435 3611 1513 3653 con·

277 3691 424 3756 sulatum
439 3715 476 3756 ac
492 3692 694 3779 triumphale
714 3692 817 3757 decus
833 3693 987 3781 adeptus,
1010 3694 1234 3782 maximisque
1250 3694 1433 3782 provinciis
1453 3719 1513 3783 per

277 3806 437 3887 quattuor
450 3807 484 3863 et
503 3798 624 3885 viginti
641 3823 748 3865 annos
768 3800 959 3888 impositus,
978 3800 1107 3866 nullam
1137 3800 1179 3866 ob
1211 3802 1370 3866 eximiam
1390 3809 1510 3882 artem,

278 3905 337 3971 sed
352 3906 444 3994 quod
460 3929 520 3993 par
540 3907 685 3993 negotiis
700 3930 809 3995 neque
829 3931 932 3996 supra
947 3915 1028 3975 erat.
1047 3905 1156 3988 -13,
1175 3908 1229 3985 45.
1258 3909 1337 3974 Erat
1366 3910 1399 3975 in
1421 3910 1509 3975 civi-

277 4021 346 4079 tate
360 4012 484 4077 Sahina
501 4012 668 4101 Poppaea,
687 4014 724 4082 T.
741 4015 831 4080 (lllio
845 4024 939 4104 patre
953 4015 1080 4103 genita,
1104 4015 1164 4080 sed
1193 4039 1316 4081 nomen
1351 4018 1404 4082 avi
1434 4041 1513 4083 ma-

278 4120 364 4186 terni
380 4129 582 4208 sumpserat,
604 4121 739 4186 inlustri
757 4124 917 4188 memoria
949 4123 1096 4211 Poppaei
1125 4122 1254 4204 Sabini,
1285 4123 1455 4190 consulari
1478 4133 1512 4191 et

279 4227 473 4315 triumphali
490 4226 609 4293 decore
624 4229 882 4316 praefulgentis.

235 4333 401 4400 PORCll.
426 4372 464 4383 —
485 4358 534 4414 ιι,
554 4338 606 4413 24.
626 4360 642 4399 «
661 4337 798 4401 Porcios
814 4336 1002 4405 Tusculo...
1020 4338 1146 4404 accitos
1159 4361 1189 4405 n.

239 4441 434 4509 PORCIVS
460 4440 579 4506 CA'rh
591 4442 614 4511 ⁴.
632 4482 676 4493 -
698 4446 730 4521 4,
752 4443 806 4512 68.
825 4445 965 4531 (Titium
981 4444 1159 4532 Sabinum)
1175 4445 1328 4511 Latinius
1354 4447 1509 4530 Latiaris,

268 4761 274 4794 ¹
294 4757 327 4814 V.
345 4761 533 4820 ctiurr114,6n.

266 4841 321 4888 Ὀ.
337 4842 478 4904 Poppaeus
496 4842 622 4891 Sabinus.
638 4843 761 4902 Prason,
779 4845 834 4907 627.

266 4921 335 4973 ³M:
351 4923 487 4986 pompeio.
503 4922 574 4972 Corr.
593 4924 746 4971 lllrenunus.

267 5002 278 5036 ⁴
295 5002 332 5049 M.
347 5003 459 5051 Porcius
475 5004 549 5051 Cato.
570 5003 692 5059 Pheison..
710 5005 767 5053 635.

257 5299 645 5525 ss
