3709 6234
366 855 419 909 7⁶3⁶
880 855 985 909 VIBIVS
1006 857 1132 911 alausas

368 999 518 1065 VIBIVS
547 998 749 1080 CRISPVS,
782 998 984 1078 CRISPVS,
1015 997 1203 1065 CIIISPVS
1232 996 1416 1063 VIBIVS¹.
1446 1034 1480 1047 ·-
1525 999 1580 1074 iri.
1599 996 1655 1062 28.

412 1106 532 1172 Vibius
545 1106 722 1174 Secundus
741 1129 844 1195 eques
865 1106 1041 1172 Romanus
1060 1104 1296 1171 accusantibus
1309 1104 1436 1171 Mauris
1449 1104 1659 1194 repetunda-

413 1238 487 1279 rum
521 1214 701 1279 damnatur
739 1223 839 1302 atque
875 1213 970 1279 ltalia
994 1213 1153 1300 exigitur,
1170 1235 1212 1278 ne
1232 1212 1385 1300 graviore
1404 1211 1656 1300 poenaadliee-

412 1330 514 1401 retur,
534 1320 624 1387 Vibii
639 1320 750 1408 Crispi
761 1319 874 1387 fratris
888 1320 1011 1409 opibus
1025 1320 1151 1387 enisus.
1168 1358 1212 1370 -
1227 1318 1271 1396 II,
1290 1342 1339 1386 ro.
1353 1319 1473 1385 Vibius
1492 1318 1653 1408 Crispus.

411 1429 564 1518 pecunia,
588 1428 751 1517 potentia,
785 1428 920 1514 ingenio
945 1428 1033 1493 inter
1047 1426 1156 1494 claros
1171 1428 1279 1514 magis
1298 1450 1399 1518 quam
1420 1427 1507 1494 inter
1526 1426 1651 1504 bonos,

411 1536 562 1602 Annium
587 1537 807 1607 baustum...
835 1534 893 1623 qui
913 1534 1120 1624 temporibus
1143 1534 1286 1601 Neronis
1305 1533 1491 1601 delationes
1515 1534 1653 1600 factita-

409 1649 516 1719 verat,
557 1642 599 1709 ad
622 1642 850 1731 cognitionem
883 1650 1021 1708 senatus
1055 1640 1239 1709 vocabat...
1270 1642 1410 1730 Propria
1434 1642 1469 1709 vi
1505 1640 1653 1731 Crispus

412 1750 612 1817 incubuerat
631 1749 815 1814 delatorem
833 1748 946 1815 lratris
968 1750 1020 1816 sui
1039 1759 1270 1838 pervertere...
1295 1750 1377 1816 Mox
1397 1748 1580 1816 damnatus
1598 1759 1654 1816 est

410 1858 568 1932 Faustus,
584 1879 798 1945 nequaquam
813 1880 853 1922 eo
864 1856 1011 1922 adsensu
1026 1857 1185 1935 civitatis,
1204 1880 1304 1946 quem
1318 1857 1475 1945 pessimis
1495 1857 1652 1923 moribus

412 1973 599 2046 meruerat;
617 1965 741 2053 quippe
754 1965 863 2051 ipsum
881 1964 1038 2053 Crispum
1053 1965 1188 2030 easdem
1202 1966 1433 2031 accusationes
1455 1987 1533 2032 cum
1554 1988 1652 2054 prae·

411 2074 477 2138 mio
506 2073 696 2137 exercuisse
723 2072 987 2147 meminerant...
1005 2074 1120 2154 -IV,
1138 2074 1192 2149 ir.
1212 2073 1353 2139 Paccius
1367 2072 1591 2141 Africanus...
1615 2075 1651 2138 in

411 2180 545 2246 Vibium
592 2179 762 2267 Crispum,
807 2179 903 2245 cuius
936 2179 1260 2268 interrogationibus
1295 2180 1511 2267 fatigabatur,
1556 2181 1652 2247 ultro

410 2311 605 2369 conversae,
643 2286 814 2353 miscendo
842 2310 927 2375 quae
964 2287 1143 2354 defendere
1161 2288 1334 2377 nequibat,
1353 2288 1512 2354 societate
1528 2288 1653 2379 eulpae

410 2396 573 2462 invidiam
604 2393 798 2462 declinavit.
831 2433 873 2443 —
898 2394 957 2470 IV,
987 2397 1042 2475 (a.
1074 2396 1254 2484 (Loquitur
1282 2394 1420 2461 Curtius
1448 2395 1650 2478 Montanus)

411 2529 427 2567 a
452 2504 620 2583 Retinete,
644 2508 757 2590 patres
787 2502 981 2590 conscripti,
995 2510 1028 2568 et
1042 2510 1212 2568 reservate
1228 2504 1398 2569 hominem
1414 2511 1484 2568 tam
1497 2503 1653 2592 expediti

408 2610 554 2690 consilii,
586 2618 622 2674 ut
654 2610 765 2674 omnis
791 2617 884 2675 aetas
903 2610 1067 2676 instructa
1098 2610 1153 2689 sit,
1171 2619 1204 2676 et
1223 2634 1290 2699 quo
1311 2610 1653 2677 medosenesnestri

413 2718 578 2807 (Eprium)
605 2716 817 2794 Marcellum,
850 2716 1021 2805 Crispum,
1058 2718 1198 2783 iuvenes
1230 2716 1434 2807 (Aquilium)
1476 2716 1652 2806 Regulum

411 2825 584 2889 imitentur
598 2848 628 2891 a.
648 2860 683 2870 -
702 2822 760 2904 IV,
778 2823 832 2901 43.
851 2822 1028 2890 Helvidius
1042 2824 1248 2911 (Priscus)...
1268 2824 1406 2913 Eprium
1418 2824 1653 2917 (Marcellum)

411 2931 566 3018 urgebat,
589 2929 786 2996 ardentibus
809 2939 943 3017 patrum
964 2931 1096 2997 animis.
1124 2930 1221 3010 Quod
1240 2931 1297 2996 ubi
1324 2932 1431 2998 sensit
1449 2931 1652 3009 Marcellae,

412 3038 506 3104 velut
524 3037 692 3103 excedens
706 3038 839 3103 curia...
858 3037 1070 3125 Sequebatur
1085 3038 1204 3103 Vibius
1220 3038 1372 3127 Crispus,
1390 3038 1488 3104 ambo
1509 3039 1651 3116 intensi,

411 3144 508 3211 vulta
533 3144 723 3222 diverso...,
756 3143 895 3232 Crispus
915 3144 1116 3212 renidens...
1140 3183 1185 3196 -
1210 3145 1247 3212 0.
1279 3149 1312 3211 8.
1336 3146 1517 3234 (Loquitur
1541 3147 1654 3235 Aper)

413 3282 427 3310 a
447 3252 568 3317 Ausim
584 3251 786 3316 contendere
798 3250 1038 3318 Marcellum...
1051 3251 1233 3339 Eprium...
1251 3261 1283 3317 et
1299 3251 1455 3340 Crispum
1465 3252 1650 3321 Vibium...

412 3384 478 3424 non
507 3360 618 3423 minus
643 3357 792 3422 illustres
814 3382 888 3422 esse
921 3360 954 3423 in
985 3360 1145 3423 extremis
1175 3360 1326 3447 partibus
1355 3368 1518 3425 terrarum
1544 3386 1652 3450 quam

413 3470 547 3555 Capuae
564 3475 621 3530 aut
638 3466 812 3538 Vercellis,
839 3465 897 3530 ubi
927 3468 997 3531 nati
1019 3468 1219 3532 dicuntur...
1238 3467 1364 3533 Neuter
1379 3468 1528 3533 moribus
1545 3493 1644 3555 egre-

411 3575 498 3657 gins.
536 3572 620 3637 alter
654 3572 771 3637 habitu
801 3595 935 3661 quoque
955 3575 1105 3661 corporis
1119 3582 1388 3661 contemptus...,
1414 3576 1519 3640 donec
1535 3575 1651 3646 libuit.

412 3681 580 3769 principes
599 3680 671 3754 lori,
691 3704 779 3744 nune
796 3681 964 3768 principes
980 3684 1014 3746 in
1031 3683 1185 3747 Caesaris
1202 3684 1408 3761 amicitia...;
1425 3684 1502 3771 quia
1519 3683 1653 3772 Vespa-

413 3790 569 3853 sianus...
587 3787 795 3873 Intellegit...
815 3788 1055 3857 Marcellum...
1074 3799 1107 3855 et
1122 3790 1279 3879 Crispum
1296 3790 1450 3857 attulisse
1466 3790 1509 3855 ad
1525 3792 1653 3856 amiei-

414 3898 494 3961 tiam
511 3918 619 3972 suani,
635 3896 724 3982 qued
750 3919 816 3959 non
833 3897 1013 3984 aprincipe
1034 3901 1224 3986 acceperint
1237 3922 1297 3963 nec
1314 3900 1418 3986 accipi
1435 3899 1542 3986 possit
1557 3928 1587 3963 a.
1608 3938 1654 3947 -

418 4002 467 4067 13.
486 4003 667 4090 (Loquitur
683 4003 872 4086 blaternas)
903 4033 917 4063 a
938 4005 1078 4093 Crispus
1094 4007 1156 4070 iste
1176 4015 1209 4071 et
1230 4005 1423 4086 llarcellus,
1446 4004 1653 4093 adquorum

413 4109 566 4196 exempla
584 4133 637 4173 me
652 4133 765 4182 rocas.
788 4110 870 4197 qaid
890 4111 1016 4177 liabent
1045 4114 1078 4176 in
1108 4114 1168 4177 hac
1185 4138 1242 4178 sua
1261 4113 1394 4178 fortuna
1406 4112 1654 4200 concupiscen-

412 4217 492 4281 dum
503 4219 518 4281 ‘l
531 4217 621 4304 quod
634 4217 766 4286 timent.
783 4241 824 4281 an
838 4220 929 4306 quod
942 4220 1102 4285 timentur
1111 4225 1126 4287 ζ)
1141 4247 1156 4284 »

368 4323 517 4388 VIIIIVS
539 4323 729 4388 l'llthTtl.
754 4364 793 4375 -
816 4351 846 4394 2.
865 4325 919 4390 68.
940 4327 1138 4395 Vonones..
1170 4330 1203 4394 in
1232 4330 1301 4417 ripa
1318 4329 1466 4395 llumInis
1480 4330 1653 4417 (Pyrenei)

413 4455 430 4495 a
450 4429 547 4493 Vibia
564 4432 732 4495 Frontone
746 4433 913 4518 praelecto
931 4435 1081 4521 equitum
1099 4437 1256 4501 vincitur.

371 4537 518 4602 VIBIVS
536 4537 730 4616 IIIIISVS,
755 4539 952 4612 lIAIlSVS.
972 4542 1156 4607 MAIISVS
1179 4543 1360 4608 t'lsslt'st.
1376 4583 1419 4592 -
1445 4546 1536 4632 274·
1561 4545 1657 4610 Inter

416 4644 548 4708 Vibium
579 4645 731 4709 Marsum
756 4654 789 4710 et
815 4646 877 4710 Cn.
909 4649 1063 4713 Sentium
1094 4651 1152 4714 diu
1182 4653 1385 4738 ‹prraesitum
1419 4653 1508 4740 (uter
1532 4651 1656 4739 Syriae

404 4900 410 4931 ¹
429 4903 461 4954 Q.
478 4898 575 4946 VIbius
592 4899 713 4960 Crispas.
732 4900 854 4958 Pansae„
873 4902 926 4964 379.

402 4978 451 5027 ²C·
470 4980 567 5026 Vibius
584 4980 698 5026 Marsus.
719 4979 843 5040 Passum,
862 4982 916 5031 388.
