3709 6234
414 881 430 934 -Ι
894 879 1025 931 SERVIVS
1044 877 1147 930 Gdle

424 1024 604 1110 imaginem
622 1021 694 1085 solo
724 1020 896 1087 adflixit...
920 1019 1019 1084 luxta
1046 1019 1156 1085 Curtii
1184 1018 1295 1084 lacum
1314 1017 1538 1107 trepidatione
1552 1017 1660 1086 leren-

424 1133 508 1198 tium
524 1129 629 1195 Galba
647 1126 946 1216 proiectusesella
977 1151 1015 1192 ac
1049 1127 1248 1214 provolutus
1275 1134 1339 1192 est.
1364 1125 1561 1192 Extremam
1591 1127 1661 1193 eius

425 1262 540 1304 vocem
563 1290 583 1303 ..
610 1236 702 1301 varie
718 1235 905 1323 prodidere.
925 1274 969 1283 —
986 1234 1012 1312 Ι,
1030 1235 1084 1313 43.
1103 1234 1341 1322 Sempronium
1361 1235 1554 1302 Densum...
1573 1235 1660 1300 Gen-

422 1347 509 1412 turio
526 1345 554 1410 is
566 1343 752 1433 praetoriae
771 1342 933 1411 cohortis.
959 1365 977 1406 a
994 1341 1102 1407 Galba
1123 1341 1296 1407 custodiae
1311 1341 1464 1406 Pisonis¹
1480 1341 1659 1408 additus...

423 1453 600 1518 Advenere
621 1451 728 1515 missu
744 1449 930 1515 tlthonis...
949 1449 983 1514 in
1001 1449 1138 1514 caedem
1150 1448 1314 1535 (Pisonis)
1328 1448 1478 1514 ardentis
1492 1448 1661 1537 Sulpicius

425 1560 555 1625 Florus
580 1612 586 1625 .
614 1581 720 1645 nuper
735 1581 752 1621 a
769 1556 877 1621 Galba
898 1557 1035 1621 civitate
1062 1556 1208 1621 donatus
1236 1564 1310 1623 et...
1330 1554 1415 1633 -Ι,
1436 1558 1492 1633 td.
1524 1555 1660 1623 Nullam

423 1666 559 1732 caedem
577 1664 665 1730 tltho
682 1664 807 1729 maiore
825 1663 954 1728 laetitia
972 1663 1186 1751 excepisse...
1202 1663 1337 1738 dicitur,
1358 1685 1459 1729 ...scu
1474 1664 1661 1731 recordatio

425 1772 612 1838 maiestatis
642 1773 676 1837 in
705 1769 826 1850 Galba,
859 1770 1025 1836 amicitiae
1047 1771 1079 1835 in
1095 1770 1170 1835 Tito
1187 1771 1285 1835 l'inio
1306 1769 1494 1837 ..animum
1515 1771 1662 1860 imagine

424 1881 513 1946 tristi
528 1879 736 1944 confuderat.
746 1930 766 1944 ..
786 1878 904 1942 Plures
915 1900 1017 1966 quam
1031 1886 1167 1944 centum
1188 1877 1311 1964 viginti
1326 1876 1460 1942 libellos
1475 1880 1661 1966 praemium

424 1987 678 2076 exposcentium
699 1985 742 2050 ob
762 1986 909 2074 aliquam
922 1984 1106 2050 notabilem
1122 1985 1181 2049 illa
1193 1985 1248 2050 die
1258 2008 1395 2073 operam
1411 1985 1570 2052 Vitellius
1584 2009 1663 2076 pos-

425 2103 477 2161 tea
491 2094 631 2162 invenit.
645 2115 831 2181 omnesque
856 2093 1008 2180 conquiri
1031 2101 1065 2158 et
1089 2093 1229 2158 interlici
1256 2093 1366 2170 iussit,
1380 2093 1662 2160 nonhonoriGal·

424 2199 1663 2290 bae...-l,45.Aliumcrederessenatum,aliumpopulum:...increpare

423 2308 578 2388 Galbam,
588 2307 723 2373 laudare
731 2307 877 2372 militum
885 2306 1058 2373 iudicium.
1068 2359 1087 2373 ..
1099 2307 1242 2372 Marium
1250 2306 1386 2372 Celsum
1392 2307 1662 2375 consulemdesi·

422 2414 1278 2505 gnatumetGalbaeusqueinextremasresamicum
1291 2415 1505 2504 fidumque...
1528 2455 1540 2464 ·
1567 2417 1592 2496 Ι,
1604 2417 1658 2493 etti.

428 2525 572 2590 Plotium
585 2524 776 2588 Firmum...
792 2520 954 2608 vigilibus
967 2522 1197 2610 praepositum
1213 2530 1245 2588 et
1260 2521 1411 2588 incoluni
1426 2523 1536 2591 adhuc
1551 2523 1659 2590 Galba

425 2639 537 2718 partes
563 2630 707 2695 Othonis
737 2639 903 2695 secutum.
923 2629 1008 2706 -Ι,
1028 2633 1079 2706 48.
1101 2630 1222 2695 Vinius
1243 2685 1264 2698 ..
1287 2629 1415 2696 Galbae
1447 2631 1597 2697 amicitia
1626 2633 1661 2698 in

426 2738 609 2825 abruptum
625 2746 766 2807 tractus.
789 2775 831 2786 -
862 2736 887 2817 Ι,
921 2738 977 2824 tq.
1000 2736 1128 2803 Galbae
1166 2762 1288 2826 corpus
1321 2739 1378 2802 diu
1408 2738 1598 2827 neglectum
1629 2746 1662 2804 et

423 2844 559 2910 licentia
579 2844 794 2910 tenebrarum
810 2844 964 2931 plurimis
993 2844 1146 2910 ludibriis
1166 2853 1323 2910 vexatum
1356 2845 1568 2933 dispensator
1598 2849 1662 2913 Ar·

424 2952 527 3036 gius..
567 2949 686 3015 humili
701 2949 874 3037 sepultura
892 2951 926 3014 in
944 2951 1083 3038 privatis
1098 2952 1170 3016 eius
1186 2952 1293 3016 hortis
1308 2952 1499 3019 contexit...
1520 2953 1661 3038 (Patro-

425 3057 513 3144 bius)
536 3056 716 3124 libertus...
746 3057 889 3122 Neronis
916 3059 1054 3144 punitus
1080 3081 1098 3124 a
1121 3057 1229 3123 Galba
1246 3059 1354 3126 luerat
1375 3110 1395 3127 ..
1415 3059 1513 3125 Hunc
1532 3060 1661 3126 exitum

425 3163 543 3230 babuit
557 3165 696 3229 Servius
706 3164 827 3236 Galba.
853 3163 962 3229 tribus
986 3173 1019 3230 et
1040 3165 1253 3254 septuaginta
1278 3166 1376 3231 annis
1397 3167 1546 3256 quinque
1570 3168 1662 3255 prin-

423 3273 514 3360 cipes
547 3296 707 3360 prospera
738 3272 870 3337 fortuna
897 3295 1098 3337 emensus...
1130 3273 1236 3337 Vetus
1266 3274 1300 3336 in
1334 3273 1460 3339 familia
1485 3272 1658 3348 nobilitas.

424 3403 565 3467 ariagnae
580 3404 660 3467 opes
679 3400 685 3446 :
708 3380 771 3467 ipsi
787 3379 934 3443 medium
951 3380 1167 3464 ingenium...
1186 3380 1325 3445 Militari
1351 3379 1450 3446 laude
1474 3381 1564 3469 apud
1577 3382 1659 3448 Ger-

424 3488 554 3552 manias
566 3488 690 3562 floruit,
707 3510 768 3575 pra
781 3485 919 3551 consule
937 3487 1086 3551 Africam
1108 3486 1291 3556 moderate.
1310 3489 1374 3552 iam
1396 3488 1508 3552 senior
1522 3490 1662 3555 citerio-

424 3618 493 3659 rem
534 3595 729 3682 Hispaniam
771 3596 843 3681 pari
876 3595 1004 3659 iustitia
1037 3595 1245 3662 continuit...
1273 3634 1316 3644 —
1345 3596 1371 3672 Ι,
1399 3596 1452 3661 50.
1481 3596 1659 3684 Trepidam

424 3703 542 3767 urbem
563 3755 582 3768 ..
599 3702 855 3788 norusinsuper
866 3701 906 3766 de
924 3700 1059 3766 l'itellin
1075 3704 1215 3767 nuntius
1232 3704 1405 3776 exterruit.
1433 3713 1511 3770 ante
1524 3704 1659 3771 caedem

424 3809 553 3874 Galbae
569 3834 813 3898 suppressus...
832 3850 874 3858 -
895 3808 921 3876 l.
941 3809 994 3873 51.
1020 3809 1239 3874 Contumacia
1256 3810 1430 3875 Gallorum
1448 3812 1588 3884 inritati.
1603 3814 1660 3902 qui

426 3917 599 3980 remissam
625 3914 688 3979 sibi
717 3941 735 3978 a
765 3916 871 3979 Galba
897 3925 1053 4003 quartam
1076 3916 1276 3981 tributorum
1305 3926 1434 4005 partem
1458 3926 1492 3984 et
1526 3919 1659 4008 publice

424 4024 567 4086 donatos
591 4023 625 4085 in
646 4023 867 4109 ignominiam
887 4023 1055 4088 exereitus
1072 4025 1290 4109 (Germanici)
1311 4024 1545 4092 iactabant.—
1561 4027 1586 4104 Ι,
1603 4028 1657 4095 52.

424 4129 580 4216 (Fabius)
595 4129 721 4194 Valens
741 4130 894 4194 inlcnsus
905 4129 1046 4210 Galbae,
1060 4140 1230 4219 tamquam
1246 4132 1413 4198 detectam
1429 4157 1446 4197 a
1463 4156 1498 4198 se
1510 4135 1659 4221 l'crginii

425 4238 686 4313 cunctationem,
705 4260 865 4324 oppressa
887 4238 1049 4326 (Fonteii)
1064 4240 1239 4327 Capitonis
1255 4240 1395 4304 consilia
1415 4241 1546 4326 ingrate
1561 4242 1660 4308 tulis-

426 4354 486 4411 set.
505 4384 548 4393 -
570 4345 594 4420 Ι,
623 4345 677 4410 51).
694 4343 869 4426 (Alienum
890 4344 1085 4433 Caecinam)
1105 4346 1213 4412 Galba
1230 4356 1442 4436 quaestorem
1457 4349 1491 4413 in
1509 4351 1656 4428 Baetica,

424 4453 565 4539 impigre
600 4452 632 4514 in
660 4460 772 4539 partes
793 4475 870 4516 suas
894 4461 1157 4539 transgressum,
1187 4453 1313 4541 legioni
1342 4457 1546 4543 praeposuit,
1582 4481 1659 4523 mox

425 4567 633 4646 compertum
648 4558 818 4646 publicam
835 4561 1011 4646 pecuniam
1027 4562 1189 4626 avertisse
1204 4571 1243 4627 ut
1262 4563 1489 4651 peculatorem
1515 4565 1660 4652 llagitari

428 4668 565 4731 iussit...
588 4665 656 4729 Nec
686 4667 820 4732 deerant
849 4669 881 4731 in
906 4669 1055 4733 exacitu
1071 4670 1268 4757 (superioris
1294 4672 1509 4756 Germaniae)
1530 4674 1659 4738 semina

413 4922 477 4967 ¹Sir
500 4923 571 4982 vulg.
592 4938 653 4969 eum
673 4924 774 4985 Lipsio.
796 4954 823 4961 -
857 4926 935 4976 Mta
962 4929 1059 4991 {pallae
1078 4930 1217 4978 custodiae
1244 4947 1257 4979 a
1289 4931 1403 4995 pisonis.
1431 4957 1461 4968 -
1488 4932 1588 4980 ltiller³
1606 4947 1612 4983 :
1629 4948 1659 4982 ac

381 5000 482 5050 Galbae
500 5003 638 5050 custodiae
663 5006 688 5051 et
703 5020 716 5052 a
733 5004 859 5068 Pisana.
