3709 6234
754 867 896 918 altman
1434 853 1483 908 att

251 1001 474 1072 bunturtlalli
486 1006 633 1094 priorem
643 1005 835 1072 libertatem
849 1034 924 1071 ».—
937 1010 974 1071 l).
994 1028 1042 1069 ιο.
1058 1002 1239 1090 (Loquitur
1252 999 1358 1088 Aper)
1372 1031 1386 1056 α
1398 1001 1486 1079 Quo-

251 1118 305 1176 tus
325 1111 481 1200 quisquc,
496 1136 572 1178 cum
590 1137 630 1178 ex
652 1114 814 1202 Hispania
831 1113 884 1179 vcl
900 1112 994 1182 Asia,
1012 1110 1146 1200 nequid
1160 1108 1202 1174 de
1216 1107 1345 1172 Gallis¹
1362 1107 1487 1172 nostris

253 1216 384 1307 loquar,
412 1220 446 1284 in
481 1220 598 1285 urbem
624 1222 728 1301 venit,
756 1220 904 1286 Saleium
931 1220 1073 1304 Bassum
1098 1217 1263 1306 (poetam)
1287 1213 1449 1301 requirit?
1470 1243 1485 1272 ι)

207 1325 656 1406 GAt1.1AE‚GnLL1A².
681 1368 708 1378 -
738 1354 764 1405 r,
792 1329 845 1392 31.
877 1327 1128 1405 Germanicum,
1147 1321 1276 1408 agendo
1297 1320 1484 1386 Galliarum

246 1434 361 1498 censui
378 1442 449 1499 tum
465 1435 645 1501 intentum.
663 1474 706 1484 -
724 1456 750 1511 1,
770 1435 823 1500 33,
841 1434 1043 1500 Germanico
1072 1455 1132 1520 per
1158 1429 1330 1498 Gallias...
1362 1451 1484 1494 census

249 1540 425 1628 accipienti
446 1543 631 1607 excessisse
648 1545 840 1628 Augustum
862 1543 1023 1607 adfertur.
1045 1564 1135 1616 -ι,
1158 1537 1212 1615 31.
1248 1537 1484 1616 (Germanicus

247 1647 337 1733 apud
356 1648 534 1714 seditiosas
549 1649 713 1735 legiones)
727 1649 914 1714 Galliarum
933 1649 1034 1713 lidcm
1044 1645 1189 1712 extollit.
1210 1683 1255 1695 -
1275 1669 1301 1725 r,
1318 1644 1371 1710 36.
1388 1643 1483 1708 Nun-

248 1753 435 1821 tiabatur...
458 1756 787 1844 imbutas..praeda
821 1780 942 1821 manus
980 1754 1234 1844 (seditiosorum
1263 1751 1425 1835 militurn)
1450 1750 1483 1815 in

245 1860 468 1950 direptionem
492 1863 680 1929 Galliarum
694 1873 882 1952 erupturas.
915 1902 953 1913 -
982 1887 1010 1940 ι,
1029 1865 1082 1950 47.
1117 1860 1354 1949 (Germanicus
1387 1881 1482 1923 excr-

245 1968 346 2056 citus)
362 1970 548 2036 Galliarum
561 1971 682 2060 opibus
698 1967 1422 2060 subnixus-1‚t59.Pervaseratinterim...
1437 1966 1484 2028 la·

248 2098 302 2140 ma
321 2076 485 2142 ...inlcsto
505 2079 750 2143 Germanorum
764 2080 897 2165 agmine
913 2077 1043 2142 Gallias
1057 2077 1137 2164 peti.
1158 2114 1196 2124 -
1218 2100 1246 2150 1,
1263 2099 1316 2163 7¹·
1335 2073 1390 2137 Ad
1405 2096 1484 2161 sup·

247 2183 368 2271 plenda
384 2187 553 2252 exercitus
573 2188 794 2273 (Germanici)
815 2185 938 2250 damna
966 2194 1136 2250 certavere
1170 2182 1315 2262 Galliae,
1355 2181 1483 2267 llispa-

247 2291 332 2372 niae,
362 2292 469 2358 ltalia.
488 2333 529 2342 -
546 2320 576 2374 a,
594 2297 623 2360 ὅ.
648 2294 811 2382 (llcputat
830 2293 1066 2379 Germanicus)
1083 2291 1190 2356 fessas
1212 2288 1343 2356 Gallias
1364 2287 1481 2352 minis-

248 2399 376 2464 trandis
397 2401 504 2488 cquis.
524 2440 566 2451 -
589 2426 620 2481 2,
639 2402 671 2467 6.
690 2402 805 2465 Missis
821 2401 853 2488 (a
873 2400 1086 2486 Germanico)
1100 2399 1143 2464 ad
1158 2421 1280 2463 census
1294 2395 1481 2460 Galliarum

249 2507 286 2572 l'.
306 2507 443 2573 l'itcllio
458 2517 492 2573 ct
512 2511 550 2575 (l.
569 2510 683 2575 Antio.
703 2548 746 2557 —
763 2509 793 2580 3,
820 2512 873 2585 άο.
892 2508 1018 2573 Eodem
1034 2530 1120 2571 anno
1137 2505 1323 2571 Galliarum
1362 2503 1480 2567 civita-

254 2621 302 2679 tes
326 2615 369 2679 ob
404 2617 672 2702 magnitudinem
704 2616 790 2682 aeris
821 2616 923 2680 alieni
955 2613 1173 2680 rebellionem
1201 2619 1412 2699 coeptavere.
1438 2647 1482 2657 —

249 2723 280 2800 a,
295 2727 348 2799 tr.
366 2722 533 2796 Turoni...
557 2725 749 2811 oppressi...
767 2723 892 2788 Aviola
906 2723 991 2788 duce
1006 2730 1040 2787 et
1067 2720 1270 2809 quibusdam
1292 2718 1480 2784 Galliarum

246 2830 461 2917 prirnoribus,
479 2832 534 2920 qui
553 2830 659 2896 tulere
682 2832 857 2906 auxilium,
886 2854 953 2917 quo
973 2828 1227 2894 dissimularent
1257 2826 1480 2892 delectionem

245 2938 419 3026 magisque
435 2938 468 3002 in
489 2946 639 3025 ternpore
654 2939 821 3003 cllerrent.
850 2976 895 2988 -
915 2937 947 3014 3,
967 2937 1021 3013 43.
1050 2934 1378 3022 Augustodunum...
1412 2933 1479 2997 Sa-

244 3044 598 3133 croviroccupaverat,
616 3056 652 3110 ut
669 3045 914 3110 nobilissimam
928 3043 1116 3109 (talliarum
1138 3042 1304 3118 subolcm,
1335 3038 1480 3105 liberali·

244 3151 307 3217 bus
326 3151 449 3216 studiis
465 3153 511 3217 ibi
539 3161 710 3240 operatam
740 3161 773 3218 et
796 3177 835 3218 eo
860 3153 1000 3239 pignore
1026 3157 1182 3239 parentes
1205 3149 1479 3237 propinquosque

242 3282 357 3324 eorum
373 3259 582 3344 adiungeret.
602 3261 690 3334 -3,
711 3263 762 3337 tt.
790 3261 836 3324 At
869 3260 1007 3340 llomae,
1038 3281 1105 3322 non
1130 3257 1286 3322 Treviros
1319 3254 1419 3319 modo
1447 3261 1479 3318 ct

244 3366 393 3443 Aeduos,
405 3367 464 3431 sed
477 3376 637 3455 quattuor
647 3368 865 3454 etsexaginta
876 3366 1064 3431 Galliarum
1079 3364 1233 3429 civitates
1247 3362 1476 3428 descivisse...

244 3473 449 3562 (creditum).
472 3515 506 3524 —
525 3479 556 3553 4,
580 3477 610 3540 5.
632 3474 870 3540 Proximum...
888 3473 1020 3538 Galliae
1050 3472 1131 3537 litus
1156 3477 1347 3536 constratae
1374 3492 1479 3533 naves

243 3580 491 3668 praesidebant,
513 3604 598 3669 quas
614 3582 753 3646 Actiaca
770 3581 908 3646 victoria
922 3588 1039 3667 captas
1056 3580 1235 3666 Augustus
1252 3578 1284 3641 in
1316 3575 1476 3664 oppidum

245 3687 475 3753 Foroiuliense
503 3689 640 3754 miserat
668 3689 781 3754 valido
807 3712 882 3754 curn
911 3688 1049 3774 remige.
1067 3725 1110 3736 -
1126 3689 1158 3763 d,
1176 3685 1230 3750 28.
1267 3684 1479 3749 Adulescens

245 3794 376 3880 (libius
395 3798 596 3883 Serenus)...
626 3805 773 3862 structas
795 3801 825 3884 (a
856 3798 965 3884 patre)
995 3794 1138 3883 principi
1172 3792 1324 3872 insidias,
1356 3791 1478 3855 missos

243 3902 278 3966 in
293 3902 438 3967 Galliam
451 3904 640 3969 concitores
654 3903 733 3968 belli
756 3904 855 3968 index
872 3903 961 3967 idern
980 3913 1012 3968 et
1027 3901 1124 3967 testis
1140 3900 1284 3966 dicebat.
1300 3938 1342 3948 —
1358 3924 1407 3969 rr.
1422 3897 1475 3964 23.

244 4011 330 4074 Cum
345 4010 386 4075 de
400 4009 588 4098 supplendo
605 4019 724 4075 senatu
755 4011 939 4097 agitaretur
962 4009 1195 4096 primoresque
1219 4006 1362 4086 Galliae,
1392 4027 1478 4094 quae

244 4116 384 4182 Comata
404 4117 605 4206 appellatur.
628 4117 808 4182 foedumut
827 4118 999 4182 civitatem
1015 4116 1203 4181 Romanam
1227 4114 1356 4202 pridem
1380 4112 1478 4177 adse-

242 4225 322 4302 cuti,
345 4224 397 4289 ius
413 4225 704 4312 adipiscendorum
719 4226 752 4289 in
768 4223 849 4290 urbe
861 4224 1027 4289 honorum
1043 4230 1281 4311 expeterent...
1298 4259 1332 4270 -
1355 4243 1404 4289 ra,
1421 4219 1474 4307 39.

243 4331 423 4410 Quondam
436 4332 617 4419 Sugambri
632 4333 734 4396 excisi
749 4332 853 4396 autin
871 4332 1001 4396 Gallias
1013 4331 1144 4396 traiecti
1154 4332 1338 4416 (erant).-
1354 4329 1402 4399 ι3,
1421 4326 1475 4391 53.

243 4438 295 4524 (L.
306 4439 493 4524 Antistius)
505 4439 610 4504 l'etus
620 4438 799 4503 llosollam
821 4446 921 4525 atque
937 4439 1080 4502 ‚lrarim
1093 4438 1181 4502 lacta
1197 4437 1283 4501 inter
1297 4441 1478 4522 utrumque

242 4545 333 4610 lossa
347 4554 523 4611 conectere
539 4546 720 4634 parabat...
740 4544 866 4610 lnridit
885 4546 978 4633 operi
1000 4545 1117 4610 Aelius
1145 4543 1290 4609 Gracilis
1320 4541 1476 4628 Belgicae

242 4652 385 4740 legatus,
412 4654 613 4719 deterrendo
640 4655 808 4721 l'etcrcm.
849 4677 891 4717 ne
923 4652 1073 4739 legiones
1117 4651 1246 4716 alienae
1286 4648 1478 4738 provinciae

242 4761 379 4826 inferret
395 4763 575 4849 studiaque
590 4761 776 4828 Galliarum
789 4760 984 4825 adsectaret.
1002 4798 1044 4809 -
1072 4762 1120 4836 il,
1144 4759 1197 4822 32.
1214 4762 1287 4837 Qua
1321 4756 1416 4821 clade
1444 4761 1479 4820 et

230 4901 236 4936 ¹
253 4903 393 4965 ¹<elmlting
409 4904 481 4953 cuni.
498 4918 503 4951 :
524 4903 629 4951 Galliis.

228 4982 239 5019 ²
257 4984 291 5034 t'.
309 4986 391 5033 etium
405 4985 473 5033 infru
490 4984 590 5032 Garris
610 4983 792 5032 trames-1.-
807 4989 834 5033 ct
850 4984 952 5033 omn
970 4981 1161 5030 ueniamus.
