3709 6234
285 823 334 876 llO
838 828 1008 880 al'ot‘sTvs

327 968 519 1032 oratione...
538 1001 574 1016 n
605 992 630 1044 1,
655 991 703 1030 ιι.
722 966 902 1053 (Tiberius)
918 968 1011 1033 varia
1038 966 1226 1032 disserebat
1255 966 1297 1032 de
1330 966 1563 1054 magnitudine

328 1073 515 1162 imperii...,
541 1074 647 1139 solam
671 1074 747 1138 lliri
768 1076 917 1162 Augusti
938 1083 1085 1141 mentem
1111 1082 1224 1141 tantae
1246 1074 1345 1139 molis
1362 1097 1560 1163 capacem..

329 1182 446 1246 Patres
467 1233 486 1247 ..
507 1181 549 1246 ad
563 1181 656 1264 deos,
672 1182 714 1245 ad
730 1182 878 1269 elligicm
897 1183 1059 1269 Augusti,
1077 1183 1119 1247 ad
1137 1205 1247 1271 genua
1269 1182 1422 1269 (Tiberii)
1443 1204 1564 1247 manus

327 1289 504 1355 tendere...
532 1288 712 1377 (Tiberius)
734 1288 875 1377 proferri
900 1290 1052 1355 libellum
1074 1291 1274 1378 recitarique
1299 1289 1461 1368 iussit...;
1479 1312 1564 1378 quae

326 1405 446 1462 cuneta
473 1421 533 1462 sua
567 1421 667 1461 manu
700 1397 941 1485 perscripserat
972 1403 1160 1485 Augustus,
1186 1397 1428 1486 addideratque
1453 1398 1564 1462 consi-

327 1504 451 1571 lium...
474 1544 515 1553 -
536 1530 564 1585 r,
596 1530 646 1570 ια.
672 1504 816 1571 Addidit
836 1506 993 1592 (Asinius
1012 1506 1145 1592 Gallus)
1170 1506 1306 1572 laudem
1332 1506 1374 1572 de
1390 1508 1561 1594 Augusto.

328 1652 369 1662 —
395 1637 424 1688 r,
451 1613 501 1677 13.
516 1614 693 1700 Augustus
706 1614 873 1701 supremis
885 1614 1098 1679 sermonibus
1109 1638 1185 1679 cum
1198 1621 1369 1695 tractaret,
1383 1614 1561 1704 quinam...

327 1759 364 1770 -
385 1744 411 1792 ι,
427 1720 623 1795 ιιίΜίεεί...
642 1720 865 1809 Ιοςεηί,(]υἰ...
876 1722 1079 1788 maestitiam
1095 1722 1315 1810 (Germanici)
1329 1721 1373 1786 ob
1387 1744 1563 1788 excessum

293 1894 295 1896 ,
327 1827 476 1913 Augusti
505 1827 736 1893 solarentur...
768 1828 949 1917 (Tiberius)
971 1829 1169 1894 candidatos
1192 1836 1368 1918 praeturae
1387 1828 1564 1895 duodecim

329 1933 527 2008 nominavit,
559 1958 736 2000 numerum
767 1935 808 2000 ab
837 1936 994 2023 Augusto
1022 1936 1196 2002 traditum.
1221 1974 1262 1987 ·-
1297 1961 1325 2009 r.
1352 1935 1402 2002 15.
1426 1934 1565 2001 Tribuni

328 2040 439 2128 plebei
454 2042 615 2128 petivere,
632 2050 671 2108 ut
685 2043 819 2130 proprio
841 2050 979 2131 sumptu
1008 2043 1147 2109 ederent
1169 2043 1279 2124 ludos,
1298 2043 1355 2133 qui
1372 2043 1414 2109 de
1430 2044 1565 2108 nomine

328 2149 476 2235 Augusti
488 2149 584 2215 fastis
595 2150 700 2215 additi
714 2151 922 2237 Augustales
934 2158 1147 2216 vocarentur.
1162 2189 1206 2201 -
1222 2175 1249 2226 1,
1264 2149 1312 2216 16.
1328 2151 1353 2214 F
1355 2150 1565 2238 ineAugusti

341 2264 374 2321 et
390 2257 494 2321 initiis
509 2257 535 2320 T
538 2258 632 2322 iberii
649 2257 784 2322 auditis
795 2310 814 2322 ,,
834 2257 1008 2336 Quaenam
1024 2266 1100 2345 post
1113 2260 1309 2346 Augustum
1331 2256 1472 2322 militiae
1487 2279 1566 2322 eon·

327 2364 426 2442 dicia,
446 2365 682 2451 ambigentes.
711 2403 753 2412 -
768 2389 795 2436 ι,
820 2390 868 2452 ¹9·
883 2365 1067 2434 Blaesus..
1085 2366 1129 2430 ait
1143 2387 1251 2453 neque
1266 2372 1397 2430 veteres
1410 2366 1451 2431 ab
1462 2364 1565 2452 impe·

330 2472 496 2537 ratoribus
520 2473 638 2559 priscis
659 2495 766 2559 neque
786 2474 876 2559 ipsos
894 2497 912 2536 a
930 2473 1017 2536 Diuo
1034 2474 1191 2560 Augusto
1205 2480 1271 2537 tam
1288 2495 1376 2537 nova
1390 2472 1564 2560 petivisse.

327 2619 371 2627 -
390 2603 417 2657 ι,
437 2579 488 2645 26.
506 2578 837 2662 (Clamantseditiosi
849 2579 984 2667 milites)
994 2579 1165 2644 Tiberium
1176 2578 1257 2643 olim
1270 2579 1407 2644 nomine
1418 2578 1567 2666 Augusti

329 2685 494 2750 desideria
527 2686 698 2771 legionum
728 2686 881 2751 frustrari
926 2686 1075 2753 solitum.
1111 2726 1154 2735 -
1197 2712 1223 2760 ι,
1258 2687 1310 2753 3ι.
1340 2685 1469 2752 Audito
1503 2687 1567 2751 line

329 2794 476 2879 Augusti
491 2794 726 2879 (Germanicae
742 2794 892 2881 legiones
906 2795 1059 2861 turbatae
1070 2795 1176 2881 sunt).
1192 2832 1234 2843 -
1253 2819 1280 2872 1,
1294 2792 1348 2859 33.
1366 2794 1567 2859 Germanico

332 2924 390 2987 per
407 2900 538 2964 Gallias
559 2953 580 2982 ‚.
598 2925 722 2966 census
742 2902 919 2989 accipienti
936 2902 1121 2967 excessisse
1137 2903 1332 2988 Augustum
1349 2899 1511 2967 adfertur.
1528 2940 1568 2950 —

334 3032 361 3084 1,
395 3009 447 3084 :la
484 3009 718 3093 (Germanicus
753 3009 843 3096 apud
883 3009 1061 3075 seditiosas
1095 3009 1261 3097 legiones)
1297 3033 1315 3073 a
1351 3009 1568 3074 veneratione

330 3116 478 3203 Augusti
493 3140 601 3182 orsus
619 3156 657 3164 -
688 3142 714 3195 1,
733 3117 787 3183 35.
806 3116 911 3182 Fuere
927 3117 1028 3182 etiam
1045 3116 1199 3203 (milites)
1211 3116 1268 3205 qui
1284 3116 1430 3202 legatam
1446 3139 1464 3180 a
1482 3116 1568 3182 Divo

332 3224 488 3309 Augusto
513 3224 690 3311 pecuniam
706 3232 939 3311 exposcerent.
956 3262 1000 3274 -
1019 3248 1047 3301 1,
1070 3225 1123 3300 (0.
1148 3222 1352 3311 (Agrippina
1375 3221 1569 3288 Germanici

332 3335 429 3414 mmr)
459 3355 494 3395 se
522 3332 608 3395 lliro
638 3333 795 3418 Augusto
822 3339 931 3397 ortam
959 3355 1069 3420 neque
1098 3331 1301 3419 degenerem
1339 3329 1382 3394 ad
1419 3329 1568 3417 pericula

331 3438 516 3525 (testatur).
536 3478 576 3488 -
599 3465 624 3511 ι,
643 3441 697 3514 (r.
718 3437 831 3502 Pudor
856 3438 934 3503 inde
950 3447 982 3503 et
1010 3439 1182 3504 miseratio
1197 3446 1231 3503 et
1252 3438 1358 3526 patris
1381 3437 1566 3526 Agrippae,

330 3546 479 3632 Augusti
494 3546 548 3610 avi
560 3546 731 3627 memoria,
744 3569 839 3611 socer
855 3546 986 3610 Drusus
1004 3546 1155 3632 (movent
1170 3544 1409 3610 seditiosorum
1423 3544 1570 3610 militum

330 3654 473 3727 animos,
493 3677 568 3718 cum
584 3653 820 3741 Agrippinam,
845 3652 1037 3717 Germanici
1060 3677 1212 3726 uxorem,
1230 3659 1341 3717 castra
1356 3651 1570 3741 linquentem

333 3760 576 3845 adverterunt).
594 3800 638 3810 —
667 3786 693 3836 ι,
720 3763 773 3838 (a.
805 3759 930 3825 «Neve
954 3761 1086 3824 occisus
1102 3759 1250 3848 Augusti
1265 3782 1446 3848 pronepos,
1466 3760 1571 3825 inter-

333 3868 418 3932 fecta
447 3868 568 3932 'l'iberii
590 3892 695 3932 nurus
727 3868 939 3933 nocentiores
973 3892 1033 3932 vos
1056 3856 1233 3934 saciant...
1254 3868 1362 3933 Divus
1391 3869 1571 3955 Augustus

333 3976 429 4039 uultu
459 3984 491 4040 et
515 3985 651 4064 aspectu
676 3976 833 4041 Actiacas
853 3976 1004 4063 legiones
1028 3976 1190 4041 exterruit
1208 4003 1236 4042 n.
1254 4015 1297 4024 —
1322 4001 1349 4056 r,
1373 3975 1427 4053 43.
1445 3997 1461 4040 e
1484 3975 1568 4054 Tua,

335 4082 419 4147 llire
440 4084 608 4169 Auguste,
626 4082 719 4147 caclo
737 4091 869 4170 recepta
883 4107 1020 4149 mens...
1040 4108 1055 4147 u
1071 4122 1112 4132 -
1138 4108 1165 4163 1,
1183 4081 1237 4160 46.
1261 4108 1277 4148 a
1301 4083 1358 4147 An
1374 4083 1570 4171 Augustum

334 4188 420 4254 sessa
440 4198 548 4255 aetate
575 4190 698 4254 totiens
719 4191 753 4253 in
774 4192 972 4256 Germanias
998 4213 1186 4256 commeare
1213 4189 1376 4278 potuisse,
1399 4188 1571 4255 Tiberium

334 4297 505 4384 vigentem
534 4297 632 4361 annis
664 4297 779 4362 sedere
810 4298 843 4361 in
874 4300 1095 4364 senatu...'?>›
1118 4336 1160 4346 -
1199 4321 1224 4374 1,
1256 4297 1309 4362 50.
1339 4295 1434 4361 Laeti
1462 4316 1572 4385 neque

334 4404 451 4492 procul
471 4405 631 4469 Germani
651 4404 836 4492 agitabant,
854 4405 936 4470 dum
953 4406 1082 4471 iustitio
1093 4404 1136 4470 ob
1147 4405 1310 4469 amissum
1331 4404 1571 4492 Augustum...

335 4513 537 4581 adtinemur.
555 4550 599 4562 -
619 4537 645 4592 1,
664 4510 718 4577 53.
743 4512 870 4577 Eodem
884 4537 972 4578 anno
994 4513 1078 4578 lulia
1093 4536 1289 4602 supremum
1303 4511 1393 4578 diem
1414 4510 1511 4593 obiit,
1529 4509 1572 4579 ob

335 4619 581 4708 impudicitiam
602 4619 682 4683 olim
704 4643 722 4683 a
742 4628 836 4707 patre
856 4622 1055 4707 Angusto...
1073 4620 1230 4687 clausa...
1261 4620 1466 4703 Litterae...,
1488 4641 1573 4709 quas

337 4726 421 4792 lulia
444 4727 532 4815 patri
548 4728 704 4816 Augusto
724 4752 800 4793 cum
821 4728 1042 4794 insectatione
1057 4728 1182 4794 Tiberii
1201 4727 1379 4817 scripsit...
1397 4765 1440 4778 -
1470 4753 1498 4810 r,
1516 4725 1571 4806 54.

337 4834 528 4899 Indulserat
549 4835 778 4923 (histrionum)
792 4836 921 4901 ludicro
938 4837 1127 4924 Augustus,
1145 4836 1226 4901 dum
1241 4834 1430 4903 Maecenati
1445 4836 1573 4902 obtem·

336 4950 441 5031 perat.
460 4981 503 4990 —
523 4966 550 5027 ι,
568 4941 621 5009 58.
642 4975 655 5003 ιι
673 4943 726 5009 Ex
742 4967 808 5032 quo
833 4969 850 5009 a
871 4943 958 5009 Diuo
973 4945 1132 5032 Augusto
1148 4944 1284 5009 civitate
1298 4943 1559 5011 donatussum»
