3709 6234
371 836 424 895 498
905 845 934 895 Ρ.
956 842 1116 897 OSTOMVS

419 983 520 1070 ...(εἱ)
539 983 663 1049 obiecit
695 991 911 1071 tamquam...
943 983 1087 1050 Addidit
1116 991 1315 1072 temptatam
1345 984 1532 1066 cohortem,
1563 1007 1657 1073 quae

416 1091 531 1156 Ostiae
542 1098 669 1179 ageret.

369 1197 610 1265 OS'llENSlS.
633 1238 676 1247 -
714 1223 764 1278 ri,
789 1197 843 1265 32.
873 1198 1099 1265 Messalina...
1135 1199 1325 1265 Ostiensem
1357 1199 1447 1264 viam
1473 1199 1591 1264 intrat.
1610 1235 1657 1250 -

416 1309 466 1385 15,
485 1307 538 1383 43.
562 1306 678 1393 (Nero)
694 1306 807 1372 ruderi
828 1306 1022 1394 accipiendo
1038 1305 1214 1372 Ostienses
1230 1306 1371 1393 paludes
1384 1305 1591 1374 destinabat.
1611 1344 1656 1354 —

413 1413 439 1492 l,
463 1417 516 1479 80.
534 1413 720 1500 Septimam
733 1411 898 1479 decimam
921 1414 1093 1479 cohortem
1107 1438 1149 1479 ex
1163 1414 1295 1479 colonia
1310 1415 1460 1482 Ostiensi
1478 1415 1513 1479 in
1528 1412 1653 1479 urbem

413 1522 513 1587 acciri
533 1519 622 1586 Otho
641 1521 798 1586 iusserat.

367 1628 586 1695 OSTOPdVS
607 1627 812 1705 SABINVS,
841 1627 1072 1694 OSTOlthS.
1095 1668 1137 1681 -
1163 1633 1212 1706 ιδ,
1231 1630 1284 1698 23.
1312 1630 1453 1696 Baream
1478 1629 1653 1695 Soranum

408 1735 666 1823 (accusandum)
687 1736 753 1800 iam
774 1735 838 1799 sibi
854 1735 1010 1801 Ostorius
1028 1737 1035 1776 ¹
1050 1737 1197 1802 Sabinus
1212 1760 1315 1825 eques
1329 1738 1503 1802 lloinanus
1520 1760 1652 1824 popos-

409 1854 511 1923 cerat,
530 1868 623 1909 reum
646 1866 686 1909 ex
714 1844 954 1931 proconsulatu
982 1845 1126 1910 Asiae...
1147 1883 1187 1894 -
1220 1844 1269 1922 16,
1285 1846 1337 1910 30.
1371 1846 1484 1932 :ltque
1509 1845 1652 1910 interim

411 1953 565 2018 Ostorius
578 1953 591 1993 ‘²
606 1952 752 2019 Sabinus
772 1952 892 2016 Sorani
908 1960 1085 2016 aecusator
1100 1951 1288 2040 ingreditur
1303 1951 1485 2038 (senatunil
1500 1951 1653 2018 orditur-

409 2083 515 2147 quc...
529 2100 573 2109 -
590 2060 639 2140 iti,
661 2061 714 2125 33.
729 2058 1052 2141 Accusatoribus....
1066 2058 1200 2124 Ostorio
1212 2059 1416 2125 duodeciens
1424 2059 1652 2146 (sestertium)

410 2176 444 2232 et
463 2168 655 2256 quaestoria
663 2167 809 2252 insignia
826 2166 1055 2232 tribuuntur³.

365 2275 412 2342 M.
432 2275 663 2350 OSTOlllVS,
680 2273 900 2340 OSTOlllVS
917 2273 1140 2352 scaPVLA,
1159 2273 1353 2339 OSTOlllV
1357 2275 1379 2341 S
1395 2278 1419 2340 ⁴.
1446 2313 1490 2322 -
1518 2298 1570 2354 ια,
1588 2274 1647 2341 31.

409 2385 482 2460 Oua
499 2406 611 2470 pugna
627 2382 718 2446 lilius
739 2382 841 2468 legati
857 2381 1065 2462 (Britanniae
1087 2381 1124 2445 Ι).
1144 2380 1284 2467 Ostorii)
1301 2381 1348 2447 M.
1385 2381 1542 2446 Ostorius
1576 2405 1650 2447 ser-

407 2491 476 2554 vati
491 2491 575 2553 civis
591 2488 694 2555 decus
715 2490 847 2553 meruit.
871 2528 912 2536 —
933 2492 981 2565 ¹-l‚
1000 2488 1055 2565 48.
1073 2488 1245 2553 Antistius
1274 2498 1447 2575 praetor...
1480 2488 1648 2576 probrosa

409 2597 572 2661 adversus
592 2597 777 2684 principem
792 2598 941 2660 carmina
971 2595 1139 2663 factitavit
1157 2595 1378 2685 vulgavitque
1409 2595 1532 2662 celebri
1565 2620 1649 2662 con-

406 2705 508 2782 vivio,
525 2704 605 2767 dum
626 2703 715 2792 apud
731 2704 904 2768 Ostorium
920 2703 1101 2790 Scapulam
1121 2704 1318 2791 epulatur...
1333 2703 1377 2768 Et
1392 2726 1469 2769 cum
1486 2703 1649 2769 Ostorius

407 2812 491 2875 nihil
513 2810 683 2877 audivisse
708 2835 768 2899 pro
790 2810 983 2876 testimonio
1003 2810 1156 2885 dixisset,
1179 2811 1331 2876 adversis
1359 2810 1503 2876 testibus
1530 2811 1647 2877 credi-

406 2927 490 2983 tum.
514 2957 555 2969 -
577 2918 625 3000 16,
650 2920 698 2995 id.
717 2919 888 2983 Antistius
904 2917 1108 2984 Sosianus...
1129 2919 1281 3005 repertis,
1299 2941 1385 3005 quac
1400 2918 1442 2983 de
1457 2925 1532 2983 ortu
1548 2919 1646 2984 vita--

406 3049 470 3114 quc
488 3026 613 3091 Ostorii
642 3024 807 3112 Scapulae
834 3026 1021 3113 composita
1051 3034 1147 3091 erant
1178 3028 1212 3110 (a
1234 3026 1442 3112 Pammene),
1460 3025 1579 3091 scribit
1599 3026 1646 3091 ad

406 3133 635 3220 principem...
666 3132 732 3220 (P.)
760 3134 921 3197 Anteium
951 3141 985 3197 et
1011 3132 1184 3197 Ostorium
1209 3132 1384 3198 imminere
1399 3133 1499 3197 rebus
1522 3141 1556 3198 et
1581 3157 1645 3199 sua

406 3241 628 3329 Caesarisque
643 3240 712 3306 lata
731 3241 914 3305 scrutari...
939 3240 989 3303 Ae
1004 3239 1143 3326 vulgato
1157 3241 1229 3303 eius
1246 3240 1369 3304 indicio
1392 3240 1480 3306 inter
1498 3239 1644 3306 damna-

404 3355 458 3411 tos
474 3348 581 3433 magis
597 3370 698 3434 quam
720 3347 807 3412 inter
832 3371 905 3410 reos
935 3348 1080 3410 Anteius
1109 3348 1331 3434 Ostoriusque
1353 3347 1574 3413 habebantur.
1598 3388 1644 3398 —-

409 3453 457 3520 16.
477 3456 525 3519 ιδ,
551 3453 708 3518 Ostorius
721 3454 917 3541 longinquis
934 3455 966 3517 in
981 3455 1070 3539 agris
1092 3455 1179 3542 apud
1202 3456 1303 3518 linem
1321 3455 1483 3539 Ligurum
1504 3454 1539 3518 id
1554 3463 1642 3520 tem-

405 3561 496 3647 poris
528 3570 640 3627 crat...
672 3562 828 3625 Ostorius
849 3561 954 3625 multa
981 3560 1118 3625 militari
1147 3562 1236 3625 sarna
1256 3571 1290 3626 et
1309 3563 1451 3626 civicam
1479 3585 1641 3628 coronam

404 3668 492 3754 apud
511 3669 719 3732 Britanniam
735 3669 887 3744 meritus,
907 3669 1035 3752 ingenti
1058 3691 1196 3756 corpore
1231 3692 1467 3756 armorumque
1497 3670 1641 3735 scientia

406 3784 531 3838 metum
551 3775 674 3838 Neroni
689 3775 824 3846 lecerat,
853 3798 892 3838 ne
908 3775 1083 3839 invaderet
1106 3775 1308 3861 pavidum...
1340 3776 1445 3861 Igitur
1469 3779 1638 3850 centurio,

404 3880 460 3943 ubi
481 3882 604 3965 etlugia
618 3881 719 3945 villae
734 3882 866 3949 clausit.
890 3883 981 3945 iussa
1002 3883 1214 3968 imperatoris
1228 3883 1362 3946 Ostorio
1378 3884 1525 3971 aperit...

361 3989 398 4051 l‘.
418 3987 651 4062 OS'l'Oltll'S,
671 3988 904 4057 Os'l'Oltlt's,
931 3988 1150 4052 Os'soltlt's
1182 3988 1424 4054 scaevus-³.
1443 4029 1484 4037 -
1512 4015 1561 4071 12,
1581 3993 1637 4056 ln.

403 4096 684 4159 Arialbinnum
703 4095 739 4159 l'.
754 4096 926 4159 Ostorium
943 4104 1171 4183 propraetore
1202 4096 1356 4160 turbidae
1383 4121 1436 4160 res
1460 4121 1636 4185 excepere.

402 4242 444 4248 —
465 4226 514 4271 ra,
533 4203 586 4266 35».
606 4203 802 4266 Ostorius...
821 4201 914 4266 ducit
931 4203 979 4284 (in
996 4202 1210 4285 Caratacum)
1227 4203 1417 4268 infensos..
1435 4244 1477 4252 —
1509 4228 1560 4285 ra,
1581 4207 1636 4271 lta.

401 4310 589 4372 Censentur
610 4310 743 4373 Ostorio
758 4309 903 4392 insignia
920 4310 1093 4396 triumphi,
1128 4310 1296 4397 prosperis
1322 4311 1362 4374 ad
1384 4311 1418 4374 id
1434 4311 1534 4375 rebus
1548 4314 1636 4382 eius.

402 4439 479 4478 riiox
500 4416 680 4500 ambiguis.
698 4455 739 4463 —
765 4441 814 4486 ια,
830 4417 883 4501 :tq
901 4416 985 4479 ‘l'um
999 4414 1154 4480 Ostorius
1171 4418 1327 4481 cobortes
1343 4418 1518 4504 expeditas
1532 4441 1637 4507 oppo-

389 4653 394 4684 ¹
412 4651 438 4701 Μ
457 4667 463 4696 .’
481 4653 577 4700 torius.
594 4653 668 4698 tlorr.
691 4653 804 4713 Lipsius.

386 4735 397 4766 ²
414 4730 458 4780 U:
479 4732 574 4778 torius.
590 4733 664 4780 Corr.
683 4733 797 4793 Lipsius.

385 4813 396 4844 ³
415 4813 446 4862 t'.
462 4813 543 4858 etiarn
559 4812 644 4864 rea..

385 4897 396 4931 ⁴
413 4892 533 4940 t'nosor..
555 4907 576 4937 tr
586 4909 607 4940 ι.

385 4974 396 5004 ῗ’
415 4973 536 5023 l'nosur..
553 4987 603 5018 ¹12.
