3709 6234
290 834 338 888 ltu
823 837 1026 890 anvnutstvn

327 978 490 1043 adsistere
507 977 609 1043 iubet.
629 1015 669 1027 -—
687 976 744 1047 lV.
765 1002 818 1066 79.
835 978 1113 1043 Circumsteterat
1129 977 1270 1044 Civilem
1287 986 1321 1043 ct
1333 976 1421 1043 alius
1438 986 1558 1054 metus,

329 1108 369 1150 nc
401 1094 519 1174 quarta
553 1085 683 1150 decima
714 1084 803 1170 logio
833 1085 991 1151 adiuncta
1015 1085 1208 1150 Britannica
1235 1085 1344 1151 classe
1375 1085 1563 1151 adflictaret

329 1194 485 1261 Batavos.
509 1217 574 1280 qua
590 1195 725 1258 tlceano
740 1191 947 1258 ambiuntur.
967 1231 1011 1240 —
1027 1197 1065 1258 (ι’.
1094 1193 1148 1271 45.
1168 1194 1364 1260 Aestiorum
1384 1200 1559 1280 gentcS...‚

327 1299 450 1387 quibus
485 1300 568 1365 ritus
606 1300 809 1388 habitusque
844 1299 1047 1372 Sueborum,
1086 1300 1200 1387 lingua
1241 1300 1455 1366 Britannicae
1485 1324 1562 1388 pro-

329 1409 431 1495 prior.

285 1514 932 1601 BltleL1.t-'tt.-11‚cursarius
966 1516 1118 1581 'l'itianus
1154 1523 1187 1581 et
1216 1516 1365 1582 Licinius
1398 1515 1562 1582 Proculus

328 1623 512 1710 Othonem)
532 1623 720 1712 perpulere.
748 1633 784 1690 ut
801 1624 987 1690 Brixellum
1003 1624 1201 1689 concederet
1218 1647 1255 1690 ac
1280 1624 1392 1689 dubiis
1418 1623 1562 1712 proelio-

328 1754 401 1795 rum
422 1739 599 1820 exemptus
615 1755 767 1797 summae
789 1755 900 1797 rerum
916 1739 949 1798 et
962 1732 1095 1820 imperii
1110 1756 1146 1796 se
1165 1733 1276 1820 ipsum
1293 1739 1493 1797 reservaret.
1519 1768 1564 1783 -

331 1837 373 1914 ll,
398 1836 450 1925 39.
485 1838 638 1903 Profecto
669 1839 854 1904 Brixellum
885 1839 1060 1907 tlthone...
1089 1878 1132 1888 -
1163 1838 1205 1919 ll,
1225 1841 1278 1905 51.
1312 1839 1449 1917 Earum,
1478 1862 1563 1926 quae

327 1943 466 2009 Brixelli
480 1953 631 2032 egerant,
653 1945 843 2012 cohortium
856 1970 972 2034 preces
994 1947 1142 2011 ltubrius
1159 1945 1280 2010 Gallus
1303 1946 1381 2012 tulit
1413 1955 1446 2011 et
1466 1946 1563 2012 venia

329 2054 442 2118 statim
459 2052 637 2140 impetrata
669 2055 704 2136 (a
736 2054 879 2119 ducibus
905 2053 1123 2141 Vitellianis).
1154 2093 1197 2101 -
1218 2053 1261 2122 ll.
1290 2053 1344 2131 54.
1385 2054 1561 2119 Coenus...
1593 2117 1596 2121 .

328 2161 431 2225 atroci
467 2161 640 2225 mendacio
660 2162 838 2226 universos
856 2161 1011 2249 perculit,
1031 2161 1214 2227 adtlrmans
1233 2169 1441 2250 superventu
1463 2184 1563 2250 quar-

332 2279 382 2334 tae
398 2268 547 2334 decimae
562 2267 718 2356 legionis,
743 2269 866 2335 iunctis
881 2292 899 2332 a
916 2267 1064 2333 Brixello
1091 2269 1231 2346 viribus,
1259 2292 1375 2334 caesos
1405 2268 1562 2333 victores.

329 2400 462 2442 versam
484 2377 630 2464 partium
646 2377 828 2442 fortunam.

290 2484 526 2551 lllthl.lN.t.
546 2523 580 2533 -
603 2484 662 2552 lll.
683 2510 736 2573 ²7·
759 2484 941 2573 plntonius
971 2494 1158 2551 castrorum
1187 2484 1448 2551 Vitellianorum
1477 2483 1564 2571 apud

332 2593 534 2656 Cremonam
548 2590 997 2679 expugnandorumlrullum
1012 2599 1195 2681 portasque
1210 2590 1401 2679 legioniBus
1413 2588 1565 2656 attribuit

388 2698 696 2764 'tertiadecimanos
711 2698 753 2763 ad
770 2699 965 2763 Brixianam
982 2708 1113 2787 portam
1130 2700 1276 2788 impetus
1295 2698 1384 2765 tulit.

288 2806 523 2874 Blll'C'l'Eltl.
542 2806 680 2871 Nn'l'lo
696 2806 950 2872 Bltt'c‘sunn.
961 2844 1004 2856 ·-
1020 2831 1046 2884 r,
1066 2807 1266 2873 5r.llxcirit
1281 2831 1319 2872 ea
1333 2806 1453 2872 caedes
1461 2806 1565 2870 Bruc-

331 2921 430 2980 leros.
453 2912 635 2983 'labantes
655 2914 873 3001 l's'ipetes.—
889 2913 985 2990 utic.
1002 2915 1252 3002 (Germanicus)
1270 2914 1493 2980 Caecinam...
1508 2937 1567 3001 per

332 3022 508 3086 Bructeros
537 3020 579 3085 ad
607 3023 731 3086 tlumen
770 3021 936 3086 Amisiam
955 3022 1099 3088 mittit..
1132 3022 1311 3087 Bructeros
1335 3045 1395 3087 sua
1431 3030 1567 3086 urentes

330 3128 574 3216 expeditarum
598 3152 699 3193 rnanu
720 3129 756 3192 li.
776 3128 958 3194 Stertinius
992 3129 1098 3193 missu
1118 3129 1311 3194 Germanici
1333 3128 1444 3194 ludit..
1481 3129 1567 3192 llnc-

331 3244 402 3301 tum
430 3236 506 3300 inde
540 3259 660 3322 agmen
682 3236 724 3300 ad
757 3235 893 3301 ultimos
916 3236 1163 3302 Bructerorum.
1187 3275 1229 3287 -
1264 3237 1313 3305 13.
1341 3234 1395 3300 56.
1413 3236 1567 3323 (Ampsi-

330 3345 429 3429 rarii)
445 3347 636 3417 Bructeros,
654 3343 846 3417 Tencteros,
865 3343 1042 3409 ulteriores
1063 3344 1164 3409 etiam
1181 3344 1334 3409 nationes
1350 3344 1461 3407 socias
1476 3341 1567 3407 bello

331 3450 538 3517 vocabant...
564 3450 818 3516 Absistentibns
839 3451 1041 3536 (Tencteris)
1063 3452 1134 3538 pari
1162 3458 1254 3516 metu
1281 3450 1432 3516 exterriti
1457 3450 1567 3515 Bruc-

333 3560 403 3624 teri.
426 3598 462 3609 -
484 3558 540 3632 ll',
564 3582 616 3622 αι.
655 3557 845 3645 lunguntur
874 3557 1040 3646 (Batavis)
1082 3558 1233 3623 Bructeri
1273 3558 1497 3646 'l'encterique
1535 3565 1569 3621 et

331 3670 439 3734 excita
457 3667 584 3732 nuntiis
599 3667 780 3731 tiermaniu
809 3666 850 3730 ad
872 3665 1030 3754 praedam
1047 3665 1249 3753 laniumque.
1269 3705 1312 3714 —
1334 3664 1391 3744 lv,
1409 3665 1463 3730 tir.
1488 3664 1568 3752 (Υρ-

333 3775 440 3863 laeda)
476 3776 570 3860 virgo
601 3774 746 3838 nationis
778 3774 957 3839 Bructerae
980 3772 1044 3838 late
1080 3772 1305 3860 imperitabat,
1340 3781 1452 3838 vetere
1480 3772 1569 3860 apud

333 3885 520 3947 tier-manos
536 3905 669 3947 more...
688 3920 730 3928 —
748 3880 804 3948 lt'.
824 3906 876 3968 77.
896 3882 1022 3946 Dextro
1047 3904 1151 3945 cornu
1174 3880 1330 3946 cohortes
1349 3879 1567 3946 Batavorum.

332 3990 469 4053 sinistro
487 3989 636 4053 Bructeri
647 3989 908 4075 'leuetur-imre...
925 3987 1104 4053 adsiluere.
1120 4026 1162 4035 -
1180 3987 1219 4063 Υ,
1239 3992 1286 4051 ra.
1305 3986 1330 4051 E
1346 3986 1445 4063 mole,
1468 4010 1569 4074 quam

332 4096 486 4161 eductum
506 4096 537 4158 in
560 4096 715 4160 Blrenmn
731 4095 937 4176 rettulimus,
958 4096 1195 4160 Bructerorum
1220 4118 1349 4160 cuneus
1372 4094 1569 4160 tranutarit.

333 4244 375 4253 -
393 4210 431 4287 tl,
456 4204 495 4265 :tt
525 4204 622 4268 luxta
646 4203 829 4267 Tencteros
847 4204 997 4268 Bructeri
1014 4203 1093 4267 olim
1111 4203 1343 4270 occurrebant.
1377 4225 1467 4268 nunc
1483 4201 1571 4268 Cha-

335 4336 452 4376 mavos
471 4320 504 4375 et
520 4310 742 4396 Angrivarios
764 4311 976 4398 immigrasse
1000 4319 1166 4378 narratur.
1186 4310 1294 4399 pulsis
1329 4310 1501 4375 Bructeris
1533 4333 1571 4376 ac

335 4419 469 4506 penitus
484 4417 647 4484 excisis...

293 4524 608 4591 BllVNDlSlNl'S.
628 4563 670 4572 —
691 4550 717 4594 r.
739 4547 786 4591 ro.
807 4526 1025 4591 Brundisino.
1049 4577 1054 4590 .
1075 4525 1207 4592 foedere
1225 4526 1326 4614 (inter
1346 4524 1572 4591 Octavianum

336 4641 369 4698 et
385 4634 571 4699 Antonium
585 4632 699 4719 lacto).

294 4740 594 4805 lilit‘n'nlslt'tl.
631 4779 672 4789 -
700 4741 798 4816 milo,
831 4740 951 4804 Vibius
981 4740 1225 4828 (accusator-l...
1262 4740 1404 4828 protulit
1438 4739 1572 4806 libellos

338 4848 519 4912 vaecordes
535 4847 630 4918 adeo.
648 4856 684 4912 ut
698 4846 942 4912 consultaverit
958 4847 1054 4928 Libo,
1078 4872 1120 4912 an
1154 4847 1330 4914 habiturus
1360 4847 1448 4914 soret
1477 4871 1570 4937 opes,

337 4955 412 5042 quis
434 4957 520 5020 viam
541 4955 686 5042 Appiam
710 4954 925 5020 Brundisium
942 4978 1049 5043 usquc
1087 4955 1227 5043 pecunia
1255 4956 1412 5044 operiret.
1429 4994 1471 5006 -
1489 4957 1520 5025 3.
1542 4979 1569 5022 ι.
