3709 6234
780 860 991 914 oanulrucvs
1474 863 1527 919 2027

291 1000 466 1068 Laudante
507 1000 614 1067 filium
650 1000 829 1088 (Drusum)
859 1025 919 1090 pro
953 1002 1071 1070 rostris
1097 1004 1230 1070 'l'iberio
1257 1015 1395 1073 sanatus
1420 1031 1527 1098 popu-

290 1109 454 1199 lusque...
482 1109 661 1177 domum...
685 1109 877 1176 Germanici
907 1110 1109 1178 revirescere
1134 1113 1257 1180 occulti
1273 1114 1526 1188 laetabantur...

290 1218 474 1284 Seianus...
518 1217 671 1284 volutare
703 1241 829 1295 secum,
867 1242 1015 1307 quonam
1049 1221 1150 1286 modo
1184 1222 1375 1288 Germanici
1403 1223 1527 1290 liberos

290 1333 505 1415 perverteret.
519 1364 561 1374 -
573 1330 605 1404 l,
627 1328 676 1393 15.
696 1326 840 1415 Egitque
857 1327 947 1392 Nero
962 1335 1074 1414 grates
1090 1352 1127 1395 ea
1145 1352 1246 1395 causa
1262 1331 1414 1419 patribus
1426 1341 1527 1422 atque

288 1458 363 1510 avo,
399 1433 505 1500 laetas
542 1434 629 1499 inter
653 1435 862 1500 audientium
890 1435 1186 1526 adlectiones‚qui
1207 1440 1334 1505 recenti
1364 1443 1526 1508 memoria

288 1543 482 1609 Germanici
524 1542 621 1608 illurn
654 1543 794 1631 adspici,
823 1543 920 1609 illum
954 1544 1062 1609 audiri
1105 1544 1277 1612 rebantur.
1317 1586 1360 1598 —
1394 1552 1426 1626 d,
1472 1575 1524 1638 ¹7·

288 1649 441 1718 Tiberius
455 1650 543 1715 haud
559 1672 718 1738 umquam
735 1651 851 1716 domui
862 1652 1056 1717 Germanici
1072 1653 1176 1719 mitis.
1194 1691 1239 1705 -
1251 1657 1283 1731 Δ,
1299 1657 1347 1721 18.
1366 1655 1526 1722 Amicitia

287 1759 479 1824 Germanioi
509 1758 697 1846 perniciosa
739 1760 874 1849 utrique
906 1759 961 1848 (C.
994 1759 1077 1827 Silio
1114 1768 1147 1827 et
1173 1761 1260 1827 Titio
1291 1762 1446 1848 Sabino).
1482 1805 1526 1814 —

288 1870 319 1945 Α,
340 1865 393 1932 3ι.
417 1867 456 1932 P.
474 1865 631 1932 Suillium
661 1873 875 1956 quaestorem
900 1867 1073 1957 quondam
1095 1869 1327 1936 Germanici...
1355 1911 1398 1920 —
1413 1874 1445 1950 4,
1469 1871 1523 1938 53.

288 1976 535 2064 Agrippina...
554 1998 630 2040 cum
646 1976 855 2041 risereteam
872 1975 1052 2055 Caesen...
1070 1999 1186 2065 preces
1214 1978 1345 2043 orditur
1363 2001 1369 2045 :
1389 1978 1527 2046 ...daret

287 2084 458 2164 maritum,
482 2106 598 2150 ...csse
636 2084 872 2150 incivitate...
905 2085 1097 2149 Germanici
1129 2085 1307 2173 coniugem
1334 2109 1371 2151 ac
1399 2086 1526 2152 liberos

287 2193 359 2257 eius
389 2191 535 2279 recipere
564 2191 797 2279 dignarentur.
829 2231 870 2240 -
905 2196 938 2270 l,
979 2192 1033 2272 57.
1078 2191 1302 2258 llubitavarat
1347 2196 1525 2280 Augustus

286 2299 537 2375 Germanicum,
554 2300 679 2364 sororis
695 2308 852 2388 nepotem
870 2308 901 2366 et
924 2301 1055 2366 cunctis
1074 2299 1261 2378 laudatum,
1285 2302 1331 2366 rei
1352 2301 1525 2368 Romanae

285 2408 469 2496 imponere.
501 2407 560 2471 sed
588 2407 745 2496 precibus
777 2409 892 2473 uxoris
925 2409 1066 2486 evictus,
1099 2408 1234 2473 Tiberio
1269 2410 1522 2489 Germanicum,

286 2516 350 2582 sibi
375 2516 546 2581 Tiberium
573 2516 729 2581 adscivit.
745 2555 788 2564 —
807 2520 837 2596 l,
857 2515 910 2606 59.
930 2515 1100 2604 (Seianus)
1116 2515 1385 2583 adsimulabat...
1405 2516 1523 2583 iudicis

287 2632 400 2712 partes
415 2623 597 2689 adversum
617 2624 810 2689 Germanici
827 2625 980 2713 stirpem.
991 2664 1034 2673 —
1048 2628 1081 2702 l,
1099 2623 1153 2690 68.
1172 2624 1291 2690 Tracto
1305 2625 1339 2688 in
1356 2647 1524 2690 carcerem

285 2731 420 2798 inlustri
441 2732 553 2819 equite
581 2732 734 2796 llomano
762 2732 849 2797 Titio
879 2730 1005 2797 Sabino
1034 2731 1077 2796 ob
1093 2732 1275 2797 amicitiam
1290 2733 1522 2800 Germanici...

288 2839 432 2905 Latiaris
454 2838 555 2927 (Titio
575 2838 700 2904 Sabino
730 2839 846 2904 dolum
867 2839 1059 2927 struens)...
1089 2840 1215 2905 honora
1242 2839 1283 2904 de
1307 2841 1520 2920 Germanico,

285 2947 508 3035 Agrippinam
536 2947 702 3011 miserans
736 2947 935 3014 disserebat.
972 2986 1013 2996 -
1051 2950 1083 3024 4,
1119 2946 1172 3035 75.
1205 2947 1358 3014 Tiberius
1386 2956 1522 3035 neptem

285 3054 506 3143 Agrippinam
533 3055 734 3119 Germanico
769 3063 876 3120 ortam
905 3078 981 3120 cum
1010 3077 1122 3120 coram
1153 3055 1216 3121 Cn.
1245 3055 1393 3121 Domitio
1420 3056 1522 3121 tradi-

284 3162 430 3227 disset...
459 3201 502 3210 —
531 3164 561 3241 5,
602 3186 629 3227 r.
662 3161 785 3248 (Livia)
817 3163 975 3249 sanguini
990 3163 1139 3250 Augusti
1162 3186 1220 3250 per
1248 3163 1520 3229 coniunctionem

284 3269 493 3358 Agrippinae
531 3277 564 3336 et
599 3270 791 3334 Germanici
820 3270 963 3336 adnexa.
994 3309 1037 3319 -
1070 3269 1101 3346 5,
1133 3273 1166 3347 d.
1207 3270 1323 3335 lunius
1360 3271 1520 3336 Rusticus

283 3376 490 3464 (senator)...
531 3377 759 3442 disserebat...
796 3401 895 3466 posse
933 3379 1135 3467 quandoque
1173 3378 1295 3442 domus
1328 3379 1520 3443 Germanici

283 3485 424 3551 exitium
450 3485 675 3572 paenitentiae
704 3508 771 3549 ease
803 3486 875 3549 seni
901 3484 1075 3573 (Tiberio).
1110 3522 1155 3536 -
1181 3486 1212 3566 5,
1253 3509 1302 3551 10.
1341 3485 1519 3551 Paridem

284 3600 417 3681 tempus
452 3592 533 3656 Asia
566 3601 667 3681 atque
700 3593 827 3657 Achaia
856 3595 1035 3658 exterritae
1074 3601 1153 3658 sunt
1183 3593 1250 3657 acri
1282 3594 1391 3680 magis
1419 3617 1519 3681 quam

282 3701 441 3767 diuturno
478 3723 623 3778 rumore,
662 3702 809 3765 llrusum
846 3701 1038 3766 Germanici
1076 3700 1181 3765 filium
1222 3700 1311 3788 apud
1352 3700 1520 3787 Cycladas

281 3808 423 3880 insulas,
445 3831 523 3871 mox
541 3808 572 3871 in
590 3808 777 3871 continenti
797 3808 921 3873 visum.
940 3845 980 3856 -
1003 3807 1036 3886 6,
1065 3835 1096 3897 7.
1120 3809 1161 3887 Q.
1183 3807 1349 3874 Servaeus
1377 3808 1518 3897 posthac

281 3926 314 3984 et
329 3917 499 3983 llinueius
514 3916 679 3980 Thermus
700 3915 858 3994 (accusati
878 3916 985 4004 sunt);
1017 3917 1182 3981 Servaeus
1201 3923 1357 4005 praetura
1381 3916 1518 3983 functus

280 4034 314 4091 et
340 4024 511 4114 quondam
537 4023 727 4088 Germanici
750 4045 904 4090 comes...
934 4061 976 4072 —
1001 4022 1033 4100 6,
1060 4025 1110 4091 15.
1131 4023 1299 4110 (Tiberius
1324 4024 1362 4091 L.
1385 4024 1516 4114 Cassio)

282 4132 477 4204 Drusillam.
496 4131 576 4216 (ll.)
593 4130 723 4194 l'inicio
738 4129 856 4195 Iuliam
879 4130 1080 4195 Germanico
1099 4131 1232 4218 genitas
1260 4132 1446 4219 coniungit.
1473 4170 1518 4186 ·-

280 4241 312 4316 6,
343 4239 396 4305 26.
433 4239 637 4304 Plancina...
681 4237 793 4324 palam
824 4237 909 4303 laeta
941 4245 1049 4303 morte
1087 4239 1291 4304 Germanici.
1322 4277 1366 4290 -
1391 4237 1423 4315 6,
1461 4239 1513 4307 31.

280 4348 490 4434 (Artabanus
521 4370 577 4410 rex
612 4346 832 4431 Parthorum)
864 4354 956 4411 matu
981 4347 1172 4412 Germanici
1213 4347 1302 4411 fidus
1339 4348 1513 4427 Romanis,

279 4454 466 4545 aequabilis
493 4454 526 4518 in
548 4477 639 4518 suos.
662 4491 704 4502 -
728 4453 760 4531 u,
789 4452 843 4531 46.
866 4452 1048 4541 (Tiberius)
1063 4454 1230 4519 dubitarit
1245 4454 1287 4518 de
1304 4453 1466 4520 tradenda
1481 4480 1516 4522 re

279 4563 426 4653 publica,
449 4563 595 4650 primum
620 4561 708 4626 inter
728 4567 880 4649 nepoteS‚
906 4583 1108 4649 quorum...
1125 4562 1319 4627 Germanici
1333 4562 1403 4627 lilio
1417 4564 1515 4650 (Gaio

278 4669 427 4758 Caesari}
444 4669 545 4734 robur
562 4670 730 4740 iuventae.
749 4668 844 4756 vulgi
862 4670 1014 4736 studia...
1039 4709 1083 4718 —
1098 4671 1130 4748 6,
1153 4670 1206 4736 51.
1230 4670 1364 4735 Morum
1380 4693 1514 4760 quoque

278 4788 430 4866 tempora
461 4777 621 4863 (Tiberio)
646 4777 778 4841 diversa
869 4777 1040 4843 occultum
1066 4801 1103 4842 ac
1137 4776 1318 4843 subdolum
1345 4777 1515 4865 lingendis

278 4885 472 4962 virtutibus,
495 4884 601 4949 donee
627 4883 850 4948 Germanicus
872 4907 909 4948 ac
942 4886 1072 4950 llrusus
1098 4883 1303 4972 superfuere.
1320 4923 1364 4934 -
1383 4909 1433 4962 rr,
1461 4909 1512 4954 ra.

278 4993 456 5067 Inclinatio
477 4990 593 5087 populi
609 4992 657 5074 (in
679 4991 716 5056 l..
737 4991 937 5081 Domitium)
953 5001 1127 5090 supererat
1140 5016 1182 5060 cx
1197 4991 1358 5060 memoria
1372 4993 1513 5058 Germa-
