3709 6234
283 832 338 914 aaa
816 832 1034 890 vesrasnuvs

331 975 466 1043 nomine
482 975 681 1063 Vespasiani
699 975 832 1043 dedit...
859 1014 904 1026 -
924 975 982 1057 lV,
1003 976 1057 1065 37.
1080 975 1209 1042 Vitellii
1228 982 1341 1041 tamen
1360 973 1577 1063 imagines..

331 1083 538 1172 repositae...
562 1084 648 1148 Dein
672 1084 794 1149 mutati
817 1084 852 1148 in
873 1083 1116 1172 paenitentiam
1132 1084 1278 1172 primani
1291 1083 1521 1171 quartanique
1545 1090 1580 1148 et

329 1190 653 1256 duoetvicensimani
693 1191 856 1255 Voculam
897 1200 1097 1279 sequuntur,
1129 1190 1218 1280 apud
1260 1213 1358 1279 quem
1397 1198 1577 1277 resumpto

331 1295 532 1386 Vespasiani
548 1306 801 1365 sacramento...
829 1335 870 1345 -
889 1298 947 1372 lV,
966 1296 1019 1363 38.
1048 1297 1182 1363 Interea
1199 1298 1427 1385 Vespasianus
1451 1297 1576 1362 iterum

332 1428 370 1469 ac
383 1405 479 1470 Titus
494 1404 708 1471 consulatum
724 1404 882 1470 absentes
897 1406 1084 1471 inierunt...
1100 1443 1144 1455 -
1158 1404 1214 1479 IV,
1233 1406 1286 1493 39.
1309 1404 1419 1470 Tettio
1441 1402 1575 1469 luliano

331 1520 501 1599 praetura,
513 1519 685 1600 tamquam
701 1512 1007 1600 transgredientem
1023 1513 1057 1576 in
1073 1510 1392 1599 partesVespasiani
1402 1511 1574 1598 legionem

331 1617 547 1701 deseruisset,
576 1618 700 1684 ablata.
727 1657 770 1668 -
786 1618 844 1697 lV,
862 1622 914 1696 do.
943 1619 1108 1685 Redditur
1123 1619 1232 1683 Tettio
1250 1617 1379 1683 luliano
1400 1626 1572 1707 praetura,

331 1734 511 1814 postquam
532 1727 688 1813 cognitus
714 1734 766 1791 est
798 1725 840 1790 ad
869 1727 1115 1813 Vespasianum
1142 1725 1347 1813 confugisse.
1375 1724 1572 1805 -1v,42.

333 1832 513 1922 (Loquitur
529 1832 666 1898 Curtius
696 1833 893 1920 Montanus)
924 1862 940 1893 α
959 1833 1036 1898 Non
1060 1834 1218 1898 timemus
1234 1832 1507 1921 Vespasianum:
1535 1856 1575 1896 ea

331 1940 494 2029 principis
510 1948 613 2014 aetas,
630 1963 668 2004 ea
684 1939 868 2005 moderatio
885 1964 914 2004 u.
939 1972 985 1989 —·
998 1940 1055 2020 lV,
1074 1940 1127 2017 46.
1147 1940 1398 2005 Praetorianam
1415 1939 1574 2003 militiam

333 2046 531 2134 repetebant
558 2070 577 2111 a
603 2045 739 2111 Vitellio
776 2047 919 2126 dimissi,
950 2071 1010 2135 pro
1038 2047 1244 2136 Vespasiano
1283 2046 1492 2134 congregati.
1533 2084 1576 2095 -

333 2152 390 2230 IV,
408 2155 463 2242 49.
481 2153 549 2219 Nec
569 2153 753 2241 ambigitur
773 2154 980 2242 provinciam
1004 2154 1185 2241 (Africam)
1210 2162 1244 2218 et
1267 2152 1409 2218 militem
1425 2152 1576 2218 alienato

329 2284 412 2347 erga
437 2261 687 2349 Vespasianum
708 2262 821 2326 animo
850 2262 964 2327 luisse.
984 2300 1024 2311 -
1044 2261 1101 2342 lV,
1118 2261 1172 2325 51.
1195 2263 1242 2325 At
1262 2261 1472 2349 Vespasiano
1496 2267 1596 2349 post·

334 2366 598 2433 Cremonensem
630 2357 777 2455 pugnam
805 2376 839 2434 et
866 2392 1045 2458 prosperos
1077 2368 1226 2457 undique
1253 2368 1390 2433 nuntios
1410 2367 1577 2433 cecidisse

333 2473 508 2540 Vitellium
538 2474 679 2541 multi...
712 2476 950 2543 nuntiavere...
970 2475 1197 2563 Vespasianus
1221 2477 1255 2539 in
1290 2474 1422 2540 ltaliam
1452 2498 1577 2563 resque

332 2580 426 2647 urbis
446 2582 598 2648 intentus
618 2583 793 2647 adversam
806 2582 847 2647 de
865 2582 1059 2647 Domitiano
1075 2582 1198 2648 lamam
1211 2582 1373 2670 accipit...
1390 2619 1435 2632 -
1453 2582 1575 2660 lV,52.

335 2689 563 2777 Vespasianus
588 2689 678 2755 haud
703 2713 808 2779 aeque
834 2690 1028 2755 Domitiano
1048 2690 1223 2776 mitigatus
1244 2712 1347 2779 quam
1366 2688 1432 2755 Titi
1447 2689 1578 2777 pietate

332 2795 485 2882 gaudens
505 2796 593 2861 bono
605 2820 678 2863 esse
698 2798 810 2861 animo
826 2796 960 2863 iubet...
984 2798 1092 2861 Tanto
1108 2796 1302 2861 discrimine
1316 2795 1397 2862 urbs
1417 2796 1575 2876 nutabat,

333 2909 371 2968 ut
385 2901 501 2968 decem
518 2903 609 2968 haud
632 2903 778 2991 amplius
797 2904 927 2969 dierum
951 2903 1157 2968 frumentum
1173 2905 1207 2968 in
1223 2904 1352 2969 horreis
1367 2902 1484 2984 luerit,
1497 2927 1578 2969 cum

333 3010 567 3098 aVespasiano
581 3019 790 3076 commeatus
806 3010 1004 3076 subvenere.
1019 3051 1049 3061 -
1070 3010 1126 3087 IV,
1142 3010 1196 3088 54.
1206 3010 1406 3076 Vitellianae
1422 3010 1579 3098 legiones

333 3117 386 3181 vel
400 3111 578 3182 externum
593 3118 768 3183 servitium
784 3141 886 3205 quam
897 3118 1134 3205 imperatorem
1145 3115 1390 3205 Vespasianum
1407 3117 1523 3183 malle.
1533 3156 1579 3167 -

335 3222 393 3303 lV,
420 3224 473 3289 58.
506 3225 745 3311 (Contionatur
768 3224 891 3289 Dillius
921 3224 1048 3289 Vocula
1082 3224 1171 3311 apud
1195 3224 1335 3312 milites)
1380 3253 1395 3284 a
1426 3224 1579 3290 Pecunia

335 3355 440 3418 nuper
466 3332 565 3396 etiam
598 3332 758 3395 donativo
799 3332 942 3411 sulleoit,
973 3330 1070 3420 quod
1102 3333 1172 3395 sive
1192 3356 1209 3396 a
1233 3332 1440 3419 Vespasiano
1468 3333 1577 3396 siren

334 3438 471 3503 Vitellio
489 3439 605 3503 datum
623 3439 835 3526 interpretari
851 3438 1023 3511 mavultis
1042 3438 1083 3501 ab
1101 3440 1301 3526 imperatore
1317 3447 1407 3504 certe
1419 3438 1578 3503 llonmno

334 3546 511 3632 accepistis
532 3575 558 3611 o.
583 3585 625 3593 —
643 3546 699 3616 lV,
719 3547 772 3610 (58.
788 3546 998 3633 (Mucianus)
1014 3546 1216 3609 Arrecinum
1232 3546 1440 3611 Clementem
1456 3545 1579 3610 domui

336 3653 535 3739 Vespasiani
553 3676 612 3740 per
623 3653 832 3717 adlinitatem
854 3653 1026 3719 innexum.
1050 3705 1056 3716 .
1075 3653 1297 3740 praetorianis
1315 3653 1567 3740 praeposuit.-

336 3759 395 3835 lV,
415 3784 468 3847 70.
488 3758 553 3822 Ala
570 3757 812 3846 Singularium,
834 3760 943 3824 excita
971 3760 1084 3823 olima
1107 3759 1255 3838 Vitellio,
1271 3759 1390 3823 deinde
1406 3759 1439 3822 in
1459 3769 1577 3846 partes

336 3867 535 3954 Vespasiani
556 3875 807 3953 transgressa...
837 3867 1002 3952 Legiones
1018 3892 1035 3930 a
1058 3867 1222 3930 Novaesio
1238 3868 1422 3954 Bonnaque
1437 3867 1470 3929 in
1487 3866 1576 3930 Tre·

336 3974 437 4049 viros
462 3980 612 4059 utsupra
639 3974 910 4046 memoravimus
930 3973 1101 4037 traductae
1119 3974 1260 4060 seipsae
1280 3975 1313 4037 in
1326 3972 1427 4038 verba
1444 3971 1576 4061 Vespa-

336 4081 423 4143 siani
451 4080 603 4164 adigunt.
622 4119 663 4127 -
681 4080 737 4157 lV,
763 4081 815 4166 75.
835 4080 953 4145 Civilis
969 4090 1002 4145 et
1017 4080 1187 4145 Classicus
1215 4080 1335 4144 misere
1351 4080 1392 4143 ad
1406 4079 1576 4144 Cerialem

335 4186 541 4274 epistulas...
578 4213 593 4246 a
629 4187 886 4273 Vespasianum,
932 4211 1135 4275 quamquam
1175 4188 1311 4251 nuntios
1349 4187 1574 4264 occultarent,

337 4294 522 4358 excessisse
538 4295 647 4358 rita...
669 4323 683 4351 o
702 4333 742 4340 —-
760 4293 815 4369 lV,
836 4320 888 4381 77.
909 4293 1131 4381 (Adloquitur
1163 4293 1287 4358 milites
1312 4293 1464 4381 palantes
1482 4294 1577 4359 Peti-

334 4399 399 4463 lius
432 4399 588 4486 Cerialis)
618 4400 713 4478 «lte,
744 4402 895 4465 nuntiate
916 4401 1166 4487 Vespasiano...
1195 4401 1349 4464 relictum
1380 4400 1516 4465 avobis
1542 4403 1576 4466 in

334 4507 404 4570 acie
422 4507 540 4570 ducem
561 4538 588 4571 ».
626 4545 669 4556 -
699 4507 756 4585 lV,
777 4512 831 4573 80.
857 4508 1031 4572 Proiectus
1061 4506 1103 4571 ad
1119 4507 1364 4594 Vespasianum
1386 4509 1576 4586 Antonius,

331 4623 445 4678 utnon
461 4637 591 4700 prospe
607 4638 665 4678 sua
679 4615 856 4701 excipitur,
874 4615 920 4679 ita
937 4638 1172 4702 nequeaverso
1187 4614 1399 4700 imperatoris
1413 4614 1573 4681 anime...

333 4759 375 4769 -
398 4721 453 4796 lV,
472 4723 526 4785 81.
557 4721 621 4783 Per
648 4745 705 4783 eos
732 4744 878 4799 menses
897 4722 1019 4809 quibus
1040 4720 1268 4807 Vespasianus
1302 4719 1576 4790 Alexandriae...

335 4837 426 4893 certa
451 4827 553 4890 maris
577 4828 826 4914 opperiebatur,
844 4828 952 4892 multa
969 4827 1131 4892 miracula
1147 4850 1301 4908 evenere,
1323 4828 1399 4915 quis
1420 4828 1580 4896 caelestis

335 4937 430 5001 lavor
460 4944 493 4999 et
527 4934 693 5023 quaedam
712 4936 745 4999 iu
762 4934 1007 5023 Vespasianum
1025 4934 1198 4999 inclinatio
1215 4934 1392 4999 numinum
1413 4938 1580 5004 ostende·
