3709 6234
290 854 344 913 70⁴
897 855 966 912 van

333 998 455 1082 naluit,
474 1008 512 1066 ut
526 1000 645 1087 gratia,
666 999 820 1088 pecunia,
832 999 867 1064 vi
882 998 1026 1065 nocendi
1045 998 1146 1065 etiarn
1161 997 1270 1064 malos
1282 996 1530 1087 praemineret.
1541 1032 1587 1045 -

336 1104 363 1186 l,
389 1106 444 1196 37.
460 1106 642 1196 (Loquitur
668 1106 770 1196 Otho)
797 1132 814 1172 a
836 1106 973 1196 Septem
987 1129 1006 1172 a
1021 1104 1165 1172 Neronis
1180 1105 1245 1171 line
1274 1127 1409 1170 menses
1430 1110 1531 1180 sunt,
1549 1110 1586 1169 et

334 1213 399 1279 iam
413 1213 491 1302 plus
502 1214 613 1302 rapuit
629 1213 750 1296 Icelus,
768 1238 870 1304 quam
886 1212 1045 1302 Polycliti
1060 1220 1094 1279 et
1108 1213 1235 1279 Vatinii
1250 1220 1283 1278 et
1298 1210 1446 1299 Aegiali,
1461 1209 1583 1300 quoad

334 1321 517 1410 perierunt.
542 1345 559 1386 a
581 1360 619 1371 -
635 1321 673 1387 O.
701 1346 751 1389 rr.
774 1321 954 1411 (Loquitur
976 1320 1167 1411 Maternus)
1182 1348 1198 1382 «
1216 1319 1426 1386 Recitatione
1441 1325 1582 1405 tragoe-

332 1429 507 1495 diarum...
526 1428 658 1517 ingredi
674 1429 799 1495 lamam
815 1430 1010 1519 auspicatus
1025 1452 1115 1510 sum,
1131 1452 1208 1494 cum
1229 1427 1364 1517 quidem
1382 1426 1419 1492 in
1437 1425 1580 1491 Nerone

332 1535 521 1625 improbam
537 1544 571 1603 et
584 1537 772 1603 studiorum
786 1560 920 1627 quoque
936 1560 1031 1603 sacra
1044 1536 1279 1625 profanantem
1286 1533 1428 1601 Vatinii¹
1443 1540 1580 1621 poten-

332 1644 414 1710 llam
435 1644 534 1734 fregi.
548 1673 564 1706 a

291 1751 329 1817 P.
355 1751 582 1830 VATINIVS,
610 1750 860 1819 VATINIVS⁹.
896 1789 940 1800 -
970 1750 1009 1817 O.
1046 1775 1100 1819 21.
1135 1750 1315 1840 (Loquitur
1341 1749 1449 1837 Aper)
1488 1775 1506 1808 a
1539 1748 1579 1813 ln

333 1859 485 1925 omnium
509 1859 740 1925 studiosorum
774 1858 931 1925 manibus
958 1866 1137 1925 versantur
1167 1857 1399 1925 accusationes
1429 1855 1577 1944 (Calvi),

333 1968 463 2056 quaein
474 1967 647 2033 Vatinium
668 1966 909 2043 inscribuntur,
928 1989 967 2033 ac
978 1966 1155 2055 praecipue
1181 1964 1328 2031 secunda
1356 1986 1397 2029 ex
1416 1963 1471 2028 his
1492 1987 1579 2029 ora-

332 2073 455 2142 tio...»
477 2113 516 2124 —
542 2075 596 2153 34.
629 2074 810 2165 (Loquitur
837 2073 1015 2161 Messalla)
1047 2073 1219 2139 «Aetatis
1249 2095 1379 2139 anno...
1402 2071 1515 2136 altero
1545 2078 1580 2137 et

332 2182 516 2247 vicensimo
531 2182 671 2247 Asinius
688 2182 797 2247 Pollio
818 2181 857 2249 C.
880 2181 1058 2263 Catonem,
1082 2203 1151 2246 non
1166 2179 1312 2246 multum
1339 2186 1451 2245 aetate
1478 2187 1578 2245 ante·

332 2289 456 2355 cedens
473 2289 601 2356 Calvus
616 2289 790 2355 Vatinium
814 2289 857 2355 iis
869 2287 1080 2356 orationibus
1093 2288 1237 2354 insecuti
1247 2294 1338 2363 sunt,
1355 2310 1443 2376 quas
1471 2284 1578 2352 hodie

332 2420 467 2486 quoque
478 2397 787 2463 cumadmiratione
802 2397 960 2484 legimus.
986 2420 1003 2461 »
1032 2434 1077 2448 -
1101 2396 1155 2486 39.
1180 2394 1359 2483 (Loquitur
1378 2394 1578 2481 Maternus)

334 2533 350 2564 a
368 2505 459 2571 Satis
471 2512 605 2571 constat
620 2504 660 2572 C.
679 2504 872 2571 Cornelium
889 2512 921 2570 et
937 2504 985 2571 M.
1003 2503 1169 2570 Scaurum
1194 2511 1227 2569 et
1239 2503 1277 2569 T.
1295 2501 1460 2568 Milonem
1476 2509 1515 2568 et
1535 2502 1575 2568 L.

334 2613 484 2679 Bestiam
499 2620 533 2679 et
546 2613 584 2680 P.
602 2613 777 2678 Vatinium
792 2635 958 2678 concursu
977 2612 1082 2678 totius
1096 2610 1244 2677 civitatis
1271 2618 1304 2676 et
1332 2616 1515 2676 accusatos
1545 2617 1580 2676 et

332 2720 537 2786 defensos.»

286 2826 396 2891 VBLl
412 2827 600 2893 MVLIER.
615 2865 659 2876 -
674 2827 716 2909 V,
731 2851 784 2894 αα.
803 2827 975 2915 (Petilius)
991 2826 1134 2894 Cerialis
1156 2824 1236 2892 alibi
1256 2832 1390 2892 noctem
1408 2833 1575 2913 egerat...

330 2934 373 3000 ob
384 2943 541 3023 stuprum
561 2935 723 3001 Claudiae
734 2934 893 3001 Sacratae
908 2935 1060 3001 mulieris
1076 2934 1181 3000 Vbiae
1191 2934 1215 3000 ³.

286 3041 390 3107 VBll.
406 3081 449 3092 -
469 3067 497 3124 r,
515 3042 569 3108 3ι.
583 3041 694 3108 lsdem
708 3043 846 3109 aestivis
862 3042 1030 3108 infinibus
1045 3042 1208 3109 Vbiorum
1227 3039 1440 3108 habebantur
1451 3040 1578 3130 (legio-

330 3173 389 3215 nes
413 3150 532 3239 prima,
556 3149 754 3232 vicensima,
778 3149 1094 3239 unaetvicensima).
1110 3189 1151 3201 -
1171 3174 1198 3224 ι,
1218 3149 1271 3217 36.
1296 3147 1575 3216 Nuntiabatur...

328 3258 535 3323 destinatum
548 3257 679 3323 excidio
689 3257 854 3323 Vbiorum
868 3258 1044 3347 oppidum.
1062 3297 1105 3307 -
1125 3282 1152 3335 r,
1168 3256 1222 3345 37.
1235 3256 1382 3321 Primam
1397 3279 1438 3322 ac
1453 3256 1577 3323 vicen-

327 3366 448 3430 simam
469 3365 620 3453 legiones
636 3366 780 3431 Caecina
795 3365 929 3454 legatus
945 3371 979 3430 in
996 3365 1167 3431 civitatem
1183 3364 1343 3429 Vbiorum
1365 3363 1517 3431 reduxit.
1530 3404 1575 3413 -

332 3499 359 3544 ι,
383 3475 436 3562 39.
456 3474 573 3559 Legati
589 3473 630 3537 ab
647 3481 765 3538 senatu
787 3474 1058 3561 regressumiam
1073 3474 1222 3538 adaram
1238 3472 1401 3537 Vbiorum
1423 3472 1574 3537 Germa·

326 3582 438 3646 nicam
455 3582 591 3646 adeunt.
610 3619 652 3629 -
672 3605 699 3656 r,
715 3581 769 3670 57.
784 3582 1043 3668 (Segimundus)
1061 3581 1217 3646 sacerdos
1233 3579 1323 3668 apud
1352 3602 1446 3643 aram
1462 3578 1574 3644 Vbio-

325 3713 400 3754 rum
424 3697 556 3754 creatus
584 3696 720 3776 ruperat
736 3689 851 3755 vittas,
870 3728 913 3739 -
935 3713 962 3771 r,
988 3714 1039 3777 71.
1059 3689 1283 3755 Stertinius...
1308 3687 1570 3774 Segimerum...

325 3798 358 3861 in
380 3797 554 3861 civitatem
569 3794 735 3859 Vbiorum
746 3796 1010 3882 pe1·duxerat.—
1035 3821 1083 3870 12,
1100 3822 1153 3885 ²7·
1167 3795 1398 3884 Agrippina...
1414 3793 1449 3858 in
1468 3796 1572 3883 oppi-

325 3904 405 3968 dum
422 3904 598 3983 Vbiorum,
620 3904 655 3966 in
675 3927 741 3990 quo
761 3904 876 3989 genita
897 3912 981 3981 erat,
998 3911 1176 3968 veteranos
1194 3901 1428 3989 coloniamque
1444 3901 1572 3967 deduci

325 4012 495 4098 impetrat,
528 4011 581 4075 cui
611 4034 735 4075 nomen
756 4010 901 4075 inditum
926 4035 943 4075 e
965 4010 1132 4075 vocabulo
1151 4011 1298 4099 ipsius...
1318 4009 1401 4074 Eam
1426 4016 1572 4097 gentem

326 4119 481 4183 llhenam
518 4126 766 4204 transgressam
796 4142 880 4182 avus
914 4119 1068 4206 Agrippa
1098 4119 1131 4182 iu
1158 4118 1259 4182 lidem
1290 4117 1508 4205 (acceperat).
1526 4156 1572 4166 —

330 4229 379 4302 13,
404 4226 458 4315 57.
477 4224 606 4290 Civitas
626 4224 789 4290 Vbiorum
803 4225 810 4264 '¹
825 4226 914 4290 socia
931 4226 1028 4290 nobis
1045 4225 1133 4289 malo
1149 4225 1333 4312 improuiso
1348 4223 1485 4290 adflicta
1501 4233 1569 4291 est.

323 4335 410 4399 Nam
423 4334 519 4420 ignes
552 4341 640 4397 terra
670 4332 750 4397 editi
790 4333 904 4414 villas,
936 4358 1027 4412 arva,
1059 4334 1152 4398 vicos
1181 4333 1307 4420 passim
1336 4330 1573 4419 corripiebant

323 4441 582 4527 ferebanturque
598 4442 632 4504 in
644 4440 883 4528 ipsaconditae
899 4465 1006 4529 nuper
1021 4440 1174 4507 coloniae
1186 4439 1359 4506 moenia...
1377 4478 1421 4489 -
1436 4438 1496 4521 IV,
1515 4446 1569 4511 18.

312 4692 318 4726 ¹
334 4692 385 4743 ᾹΒ
397 4690 436 4743 0:
456 4688 586 4738 vaticinii.
604 4689 679 4736 Corr.
697 4688 716 4735 l.
731 4689 773 4737 Fr.
787 4689 905 4737 Gronov.

310 4773 374 4822 ²Cl.
391 4773 498 4822 Omzmr.
515 4769 831 4818 tlnomast.Tullianna1.

310 4854 321 4887 ³
336 4854 385 4900 Pro
410 4852 489 4899 Vbiae
506 4851 594 4898 llaase
611 4850 728 4897 coniecit
745 4866 750 4898 ;
767 4854 874 4912 nuptae.

310 4936 319 4968 ‘¹
340 4935 382 4984 M:
400 4926 538 4981 “iborwml
553 4929 627 4979 Con:
646 4931 782 4979 Heinsius.
796 4931 837 4991 Ct'.
855 4932 964 4989 ltrrran,
982 4932 1015 4980 ad
1031 4932 1056 4979 b.
1072 4931 1131 4978 1.-
1148 4931 1221 4979 Dctt.
1241 4928 1401 4979 :iubenum¹
1418 4955 1451 4965 —
1468 4930 1572 4995 ltyck;

279 5015 452 5068 .leduoram.·
464 5014 514 5061 alia
532 5012 586 5063 alii.
