3709 6234
738 855 958 908 vesptstsrtvs
1438 850 1493 908 715

257 998 415 1064 Berenice
435 1004 548 1085 partes
566 995 714 1077 fovebat,
732 999 857 1082 llorens
872 1003 981 1062 aetate
997 995 1171 1085 formaque
1195 1002 1229 1062 et
1259 995 1331 1061 seni
1357 1017 1492 1085 quoque

256 1105 464 1193 Vespasiano
476 1103 727 1191 magnificentia
739 1127 917 1170 munerum
933 1111 1040 1190 grata.
1059 1102 1161 1178 -11,
1184 1104 1237 1168 82.
1262 1101 1338 1191 lpse
1367 1103 1493 1190 Vespa-

256 1214 373 1278 sianus
389 1211 492 1292 adire,
510 1211 651 1290 hortari,
668 1210 776 1275 bonos
796 1209 908 1286 laude,
927 1233 1049 1297 segnes
1077 1209 1234 1297 exemplo
1254 1192 1394 1275 incitare
1419 1232 1492 1274 sae-

257 1319 332 1409 pius
349 1341 449 1408 quam
466 1340 658 1384 coercere...
676 1318 882 1382 Donativum
913 1316 1013 1382 militi
1039 1339 1149 1405 neque
1179 1316 1398 1382 Mucianus...
1428 1317 1493 1381 nisi

255 1426 386 1492 modice
398 1425 604 1502 ostenderat,
622 1448 664 1489 ne
688 1424 919 1512 Vespasianus
934 1424 1072 1513 quidem
1082 1422 1160 1511 plus
1174 1423 1267 1489 civili
1282 1422 1371 1488 bello
1397 1422 1493 1489 obtu-

256 1533 296 1600 lit
311 1557 413 1623 quam
433 1531 490 1597 alii
505 1533 646 1619 inpane,
663 1532 796 1619 egregie
812 1532 930 1596 lirmus
948 1531 1110 1597 adversus
1133 1530 1313 1596 militarem
1340 1530 1493 1616 largitio-

256 1664 374 1707 nem...
404 1640 516 1705 'litum
543 1640 669 1704 instare
698 1638 851 1716 iudaeae,
890 1639 1134 1726 Vespasianum
1159 1636 1311 1704 obtinere
1346 1638 1493 1704 claustra

255 1748 404 1836 Aegypti
419 1746 561 1835 placuit.
590 1746 745 1811 sulficere
777 1744 980 1810 videbantur
1013 1745 1176 1810 adversus
1198 1745 1386 1831 ,Vitellium
1413 1769 1492 1833 pars

254 1855 426 1943 copiarum
440 1863 473 1919 et
493 1853 563 1918 dux
577 1852 755 1918 Mucianus
771 1862 804 1918 ct
818 1852 1017 1941 Vespasiani
1031 1876 1155 1918 nomen
1178 1875 1215 1918 ac
1241 1851 1324 1918 nihil
1349 1853 1492 1918 arduum

255 1962 342 2028 latis.
374 2000 411 2011 -
436 1961 477 2038 ll,
496 1963 550 2037 81.
571 1961 648 2048 lpso
665 1961 874 2048 Vespasiano
895 1961 982 2026 inter
997 1961 1093 2025 initia
1123 1960 1255 2048 imperii
1275 1960 1318 2025 ad
1334 1960 1490 2025 obtinen-

255 2069 316 2136 das
350 2068 548 2158 iniquitates
581 2067 671 2131 haud
709 2068 847 2155 perinde
876 2067 1081 2150 abstinente,
1135 2069 1241 2133 donec
1281 2067 1493 2155 indulgentia

255 2178 407 2243 fortunae
422 2184 456 2241 et
477 2176 589 2263 pravis
603 2176 775 2262 magistris
790 2175 910 2241 didicit
924 2199 1095 2264 aususque
1106 2184 1168 2241 est.
1186 2216 1229 2225 —
1256 2175 1299 2255 ll,
1330 2176 1384 2251 85,
1414 2174 1491 2239 Ad·

253 2284 399 2351 celerata
410 2283 546 2348 interim
563 2282 762 2370 Vespasiani
778 2292 895 2371 coepta
913 2282 1039 2370 lllyrici
1055 2284 1223 2368 exercitus
1243 2282 1357 2349 studio
1386 2290 1494 2348 trans·

253 2392 360 2477 gressi
375 2392 409 2455 in
426 2398 580 2478 partes...
604 2389 747 2478 (Octava
761 2412 799 2455 ac
810 2391 954 2478 septima
970 2389 1156 2456 Claudiana
1173 2390 1325 2476 legiones
1342 2390 1376 2455 in
1388 2388 1493 2455 Vitel-

255 2499 352 2586 lium)
367 2497 536 2562 hostiliter
550 2505 700 2582 egerant,
718 2497 809 2562 unde
822 2505 933 2562 metus
953 2506 985 2563 et
1003 2521 1044 2563 ex
1063 2506 1155 2564 metu
1170 2497 1361 2576 consilium,
1393 2519 1492 2586 posse

252 2605 412 2695 imputari
441 2604 662 2691 Vespasiano,
696 2627 782 2692 quae
811 2604 900 2692 apud
936 2604 1112 2672 Vitellium
1136 2604 1328 2670 excusanda
1352 2613 1448 2670 erant
1467 2655 1489 2670 ..

254 2713 398 2800 (Tettius
410 2711 560 2775 lulianus
573 2711 736 2799 septimae
746 2712 890 2799 legionis
901 2711 1045 2800 legatus)
1058 2711 1147 2778 ultra
1164 2720 1313 2777 montem
1325 2711 1491 2777 Haemum

253 2819 414 2908 profugit,
438 2842 498 2884 nec
514 2818 636 2884 deinde
647 2817 739 2883 civili
752 2817 842 2883 bello
853 2818 1016 2897 interluit,
1033 2842 1093 2907 per
1111 2819 1222 2885 varias
1234 2842 1345 2884 moras
1356 2842 1491 2908 suscep·

256 2935 329 2993 tum
349 2926 392 2991 ad
409 2927 654 3013 Vespasianum
671 2926 735 2991 iter
760 2926 934 2992 trahens...
964 2964 1008 2976 ·-
1032 2926 1075 3006 11,
1091 2926 1144 2993 86.
1178 2929 1226 2991 At
1252 2927 1286 2990 in
1314 2927 1488 2992 Pannonia

257 3035 354 3100 tertia
389 3035 518 3099 decima
549 3032 638 3120 legio
665 3056 703 3098 ac
740 3034 883 3120 septima
914 3032 1122 3099 Galbiana...
1158 3033 1247 3098 haud
1291 3042 1491 3099 cunctanter

255 3141 460 3229 Vespasiano
475 3163 659 3217 accessere,
682 3140 715 3203 vi
725 3140 906 3228 praecipua
923 3139 1026 3204 Primi
1039 3141 1182 3205 Antonii
1204 3140 1381 3228 (septimae
1410 3139 1490 3204 Gal·

252 3248 371 3314 bianae
387 3247 547 3334 legati)...
564 3246 772 3312 labantibus
797 3247 924 3313 Vitellii
955 3247 1056 3313 rebus
1078 3248 1322 3335 Vespasianum
1353 3256 1490 3314 secutus

252 3354 381 3443 grande
396 3362 607 3419 momentum
628 3353 807 3420 addidit...
836 3353 1080 3421 Procurator...
1109 3354 1290 3421 Cornelius
1317 3356 1488 3423 Fuscus...

251 3463 418 3549 susceptis
432 3461 632 3548 Vespasiani
653 3460 806 3548 partibus
822 3462 1019 3526 acerrimam
1036 3461 1125 3527 bello
1143 3463 1247 3528 lacem
1263 3461 1490 3550 praetulit.-

253 3570 296 3645 ll,
314 3571 368 3658 87.
389 3570 476 3634 Dum
493 3569 574 3634 haec
588 3591 648 3656 per
662 3569 855 3655 provincias
866 3593 884 3632 a
895 3567 1104 3656 Vespasiano
1120 3570 1329 3658 ducibusque
1343 3570 1489 3657 partium

252 3686 427 3764 geruntur,
444 3674 703 3741 Vitellius...-
723 3672 765 3750 ll,
788 3677 843 3763 96.
882 3674 996 3739 Prima
1021 3676 1158 3741 Vitellio
1190 3677 1306 3742 tertiae
1337 3676 1488 3741 decimae

252 3784 395 3871 legionis
406 3782 550 3847 delectio
563 3782 751 3861 nuntiatur,
770 3781 883 3846 missis
905 3781 948 3845 ab
974 3783 1108 3871 Aponio
1141 3781 1340 3848 Saturnino'
1356 3784 1489 3872 epistu-

250 3892 305 3965 lis,
336 3898 518 3978 antequam
547 3890 575 3953 is
605 3911 739 3977 quoque
772 3888 972 3976 Vespasiani
1001 3889 1155 3977 partibus
1201 3890 1488 3978 adgregaretur...

252 4000 321 4065 Nec
339 3997 446 4062 ullum
465 3995 575 4060 civilis
597 3995 678 4060 belli
703 4005 829 4062 metum
854 3994 1077 4062 adseverabat
1092 3996 1291 4087 (Vitellius),
1309 4021 1489 4087 suppresso

253 4105 300 4195 (in
327 4104 499 4185 contione)
523 4102 721 4190 Vespasiani
738 4103 915 4173 nomine...
938 4141 980 4153 -
1005 4103 1048 4179 11,
1075 4129 1129 4192 97.
1155 4104 1348 4189 (Provincia
1374 4105 1490 4171 Alrica

252 4214 285 4277 in
311 4211 376 4277 fide
402 4209 528 4275 Vitellii
559 4210 742 4295 manebat).
771 4210 902 4297 Quippe
930 4211 1098 4297 integrum
1123 4212 1191 4278 illic
1211 4236 1250 4278 ac
1270 4211 1488 4278 favorabilem

252 4317 529 4407 proconsulatum
570 4317 742 4396 Vitellius,
784 4317 952 4381 lamosum
1003 4319 1218 4408 invisumque
1259 4320 1489 4409 Vespasianus

251 4433 378 4513 egerat.
415 4424 559 4488 Proinde
594 4424 674 4487 socii
699 4424 740 4489 de
762 4424 901 4510 imperio
931 4426 1105 4514 utriusque
1140 4427 1386 4503 coniectabant,
1429 4427 1489 4493 sed

252 4532 520 4622 experimentum
545 4539 661 4596 contra
683 4530 757 4597 luit.
781 4570 823 4580 -
848 4531 891 4604 tl.
912 4533 966 4619 98.
994 4533 1044 4597 'Ac
1064 4535 1174 4621 primo
1199 4533 1352 4599 Valerius
1367 4535 1488 4601 Festus

250 4641 384 4727 legatus
403 4638 514 4703 studia
534 4637 792 4725 provincialium
808 4664 884 4705 cum
901 4642 966 4706 lide
987 4642 1090 4717 iuvit;
1109 4665 1188 4706 mox
1204 4641 1358 4722 nutabat,
1376 4642 1487 4730 palam

134 4813 136 4817 ,
251 4746 407 4835 epistulis
434 4745 621 4834 edictisque
662 4745 849 4818 Vitellium.
893 4747 1036 4813 occultis
1078 4749 1207 4813 nuntiis
1243 4749 1487 4837 Vespasianum

251 4854 410 4918 fovens...
450 4852 657 4940 Deprehensi
693 4875 770 4917 cum
808 4853 931 4919 litteris
974 4854 1161 4943 edictisque
1195 4856 1392 4944 Vespasiani
1428 4878 1487 4944 per

253 4961 449 5036 llaetiamet
459 4958 588 5024 Gallias
603 4960 747 5036 militum
770 4969 802 5026 et
822 4963 1056 5030 centurionum
1079 4961 1216 5062 quidam
1248 4963 1288 5038 ad
1313 4963 1484 5044 Vitellium
