3709 6234
310 836 364 893 640
886 839 1018 892 SVIONES

353 980 524 1068 (Valerius
553 981 739 1068 Asiaticus)
760 988 794 1046 et
824 1008 839 1040 a
859 979 1047 1067 Interroga,
1078 979 1200 1068 inquit,
1230 977 1341 1055 Suilli,
1376 976 1466 1043 filios
1498 986 1602 1056 tuos;

354 1088 464 1153 virum
488 1110 562 1153 esse
586 1111 640 1153 me
666 1087 873 1155 fatebuntur.
895 1126 939 1135 -
968 1112 1018 1167 ιι,
1041 1088 1074 1164 Δ.
1097 1084 1272 1152 Vocantur
1291 1084 1465 1173 posthaec
1480 1093 1605 1174 patres

354 1194 531 1284 pergitque
546 1194 687 1262 Suillius
700 1194 824 1260 addere
843 1218 919 1260 reos
939 1194 1070 1284 equites
1082 1194 1254 1259 Romanos
1268 1192 1441 1274 inlustres,
1466 1192 1602 1282 quibus

354 1302 452 1368 Petra
481 1310 758 1390 cognomentum.
788 1339 832 1351 —
869 1324 920 1383 ιι,
944 1300 975 1368 5.
994 1301 1186 1367 Continuus
1205 1299 1282 1367 inde
1303 1308 1337 1366 et
1352 1323 1472 1366 saevus
1494 1323 1601 1366 accu-

352 1410 470 1475 sandis
484 1410 551 1492 reis
566 1409 750 1476 Suillius...
768 1410 914 1486 Samius,
940 1409 1085 1497 insignis
1108 1431 1211 1497 eques
1228 1409 1414 1486 Romanus,
1430 1406 1602 1496 quadrin-

350 1518 463 1605 gentis
487 1540 703 1583 nummorum
734 1516 872 1583 milibus
901 1517 1024 1583 Suillio
1053 1517 1142 1582 datis
1158 1524 1192 1582 et
1206 1516 1342 1604 cognita
1369 1516 1596 1605 praevarica-

349 1624 441 1690 tione
457 1624 543 1690 lerro
557 1626 589 1689 in
611 1625 711 1691 domo
732 1625 805 1690 eius
825 1624 1021 1713 (incubuit).
1042 1663 1085 1674 -
1110 1649 1160 1707 rr,
1179 1622 1210 1690 6.
1230 1623 1369 1689 Discors
1384 1622 1507 1689 Suillio
1519 1622 1598 1711 (C.)

349 1732 452 1797 Silius
466 1731 586 1797 acriter
601 1731 796 1798 incubuit...
814 1731 956 1798 Suillius
968 1739 1002 1797 et
1015 1731 1239 1797 Cossutianus
1259 1739 1293 1798 et
1307 1730 1421 1808 ceteri,
1445 1731 1505 1820 qui
1522 1754 1596 1796 non

347 1837 520 1920 iudicium,
542 1840 666 1929 quippe
682 1839 715 1904 in
731 1839 942 1920 manifestos,
961 1839 1021 1905 sed
1037 1862 1180 1927 poenam
1208 1839 1312 1905 statui
1325 1837 1500 1918 videbant,
1524 1838 1594 1904 cir-

347 1947 551 2012 cumsistunt
579 1948 769 2029 Caesarem,
789 1955 867 2013 antc
891 1954 966 2013 acta
994 1946 1226 2036 deprecantes.
1257 1983 1299 1997 -
1335 1945 1384 2023 13,
1401 1948 1455 2023 42.
1473 1944 1593 2012 Variis

346 2053 468 2120 deinde
493 2054 628 2120 casibus
656 2056 800 2121 iactatus
830 2063 864 2121 et
895 2055 1080 2121 multorum
1113 2054 1189 2122 odia
1215 2054 1356 2121 meritus
1386 2077 1475 2134 reuS,
1495 2053 1591 2120 haud

349 2169 460 2226 tamen
476 2161 548 2227 sine
564 2161 691 2227 invidia
710 2164 858 2228 Senecae
879 2162 1073 2228 damnatur.
1098 2162 1130 2228 ls
1146 2162 1210 2228 luit
1224 2162 1264 2227 P.
1281 2161 1435 2243 Suillius,
1447 2161 1589 2250 imperi·

347 2276 439 2334 tante
455 2267 596 2334 Claudio
617 2269 778 2335 terribilis
802 2294 840 2335 ac
865 2270 1007 2339 venalis.
1037 2279 1072 2337 et
1087 2271 1272 2337 mutatione
1290 2278 1479 2357 temporum
1502 2293 1586 2346 non,

347 2384 512 2463 quantum
530 2376 657 2442 inimici
677 2385 849 2465 cuperent,
866 2378 1046 2456 demissus,
1072 2379 1198 2467 quique
1218 2402 1254 2443 se
1279 2385 1456 2443 noc-entem
1475 2375 1587 2443 videri

347 2505 447 2571 quam
463 2483 650 2572 supplicem
666 2483 822 2551 mallet...
840 2484 909 2550 Nec
935 2484 1077 2551 Suillius
1100 2493 1222 2575 questu
1241 2493 1299 2551 aut
1323 2483 1586 2572 exprobratione

308 2643 310 2648 .
345 2589 549 2666 abstinebat,
567 2598 699 2679 praeter
723 2591 880 2657 ferociam
900 2592 1004 2657 animi
1020 2600 1171 2659 extrema
1184 2600 1318 2659 senecta
1334 2591 1464 2660 liberet
1479 2593 1586 2658 Sene-

344 2719 416 2761 cam
442 2698 621 2786 increpans
652 2698 820 2765 infensum
851 2698 968 2765 amicis
994 2699 1188 2782 Claudii...;
1211 2725 1246 2767 se
1262 2707 1475 2789 quaestorem
1497 2701 1585 2765 Ger·

345 2804 508 2871 manici...
525 2804 638 2871 luisse.
657 2843 699 2855 -
716 2806 767 2885 13,
786 2807 839 2884 43.
853 2806 1280 2897 llepertiqueaccusatores
1290 2808 1440 2896 direptos
1455 2808 1581 2886 socieS,

345 2936 421 2978 cum
453 2911 593 2978 Suillius
622 2913 829 3002 provinciam
868 2916 989 2981 Asiam
1013 2924 1155 3004 regeret,
1180 2940 1217 2982 ac
1242 2915 1397 3004 publicae
1417 2915 1584 3004 pecuniae

343 3018 535 3107 peculatum
568 3020 775 3101 detulerunt,
820 3046 940 3088 nrox...
997 3023 1134 3089 brevius
1183 3024 1292 3089 visum
1344 3023 1472 3090 urbana
1516 3023 1584 3088 cri·
1642 3103 1645 3108 .

343 3127 431 3192 mina
471 3126 584 3215 incipi,
615 3152 759 3217 quorum
792 3129 882 3195 obvii
907 3138 1011 3197 testes
1026 3140 1133 3197 erant.
1157 3131 1224 3198 li...
1248 3129 1582 3198 omnem...Claudii

340 3233 516 3300 saevitiam
536 3234 654 3300 Suillio
669 3235 925 3303 obiectabant...
945 3237 1051 3325 lgitur
1076 3239 1233 3328 adempta
1258 3238 1423 3304 bonorum
1437 3246 1581 3326 parte...

340 3342 373 3406 in
395 3341 522 3406 insulas
545 3342 700 3409 llalceres
715 3345 908 3431 pellitur...‚
931 3345 1166 3435 ferebaturque
1191 3348 1326 3436 copiosa
1347 3354 1381 3412 et
1397 3345 1492 3410 molli
1509 3346 1581 3412 vita

340 3457 504 3515 secretum
522 3449 607 3514 illud
626 3452 837 3517 toleravisse.

296 3553 499 3623 svttlat's
527 3558 823 3643 causamve,
866 3559 1188 3630 ansaNtNt'st
1215 3599 1258 3611 -
1287 3587 1336 3640 ιι,
1354 3561 1408 3628 36.
1436 3561 1583 3628 seittio²

335 3663 524 3729 Caesonino
554 3674 587 3731 et
621 3666 753 3731 Plautio
775 3668 941 3733 Laterano
971 3694 1062 3734 mors
1087 3671 1281 3736 remittitur.
1305 3692 1331 3747 .;
1363 3670 1583 3737 Caesoninus

334 3772 425 3836 vitiis
440 3780 612 3858 protectus
626 3782 689 3849 cst,
707 3781 879 3862 tamquam
901 3776 934 3840 in
951 3777 1010 3841 illo
1027 3777 1223 3843 foedissimo
1240 3786 1338 3843 coetu
1355 3777 1581 3864 (Messalinae

334 3880 582 3968 sociorumque)
599 3905 719 3968 passus
735 3882 911 3948 muliebria
919 3885 944 3948 ²³.

290 3981 338 4051 bl.
354 3986 570 4069 svttblt'S,
585 3988 903 4056 Nttttt‘tJlrtvs‘.
931 4029 973 4041 -
1006 4017 1055 4072 ιι,
1076 3995 1128 4059 25.
1153 3992 1191 4059 C.
1214 3993 1364 4059 Antistio
1381 3993 1427 4058 M.
1450 3989 1580 4061 Suillio

333 4094 542 4160 oonsulibus.
560 4134 602 4144 —
624 4097 674 4177 13,
698 4094 748 4173 43.
778 4091 899 4163 Filium
926 4099 980 4187 (P.
1008 4100 1133 4187 Suillii)
1155 4093 1367 4167 Nerullinum
1398 4101 1580 4188 adgressis

331 4202 582 4268 accusatoribus
598 4227 657 4291 per
672 4204 833 4270 invidiam
850 4207 954 4293 patris
969 4216 1003 4272 et
1018 4209 1158 4274 crimina
1171 4209 1446 4297 repetundarum,
1464 4210 1579 4279 inter-

331 4310 433 4374 cessit
449 4311 605 4397 princeps
621 4309 768 4376 Νιιιο...ὖ

285 4406 486 4483 avianus,
504 4447 547 4466 -2
563 4420 601 4481 a.
619 4420 671 4495 ll.
693 4419 856 4484 Suionum
874 4422 951 4486 hinc
964 4423 1132 4492 civitates,
1156 4423 1228 4511 ipse
1251 4425 1284 4487 in
1306 4427 1452 4494 tlceano.
1469 4449 1577 4513 prae·

315 4640 321 4674 t
342 4640 463 4690 Pansae..
481 4643 547 4705 698:
566 4662 578 4689 a
600 4643 715 4692 l'itlctur
730 4646 812 4694 luisse
831 4663 900 4695 trans
917 4663 949 4696 ex
967 4642 1028 4696 tiliis
1045 4649 1073 4699 P.
1089 4650 1175 4698 Suillii
1196 4651 1264 4700 ttutt.
1285 4669 1295 4696 ι

314 4721 324 4755 ²
342 4720 388 4795 Μ.
406 4723 499 4771 suillo.
517 4743 528 4765 a
549 4723 604 4772 lloc
621 4725 781 4775 auclore.»
796 4730 924 4790 ,tna-mr.)

311 4801 322 4835 ³
341 4802 372 4849 V.
385 4804 466 4850 etiam
486 4815 521 4852 ιι.
542 4817 565 4852 a.

289 4881 298 4898 “’
314 4880 325 4916 ⁴
345 4877 466 4934 Pansae„
480 4884 537 4947 699.

314 4962 325 4995 ὖ
343 4962 374 5009 V.
394 4965 474 5011 etiarn
494 4982 530 5023 ιι,
546 4984 568 5012 a.
