3709 6234
745 885 909 943 aaroatvs
929 889 1044 941 ratlrvs
1498 886 1534 944 69

293 1036 436 1096 trantes
453 1067 496 1079 -
511 1029 571 1107 ΙΙΙ,
589 1028 643 1094 60.
663 1028 810 1095 Vocatos
828 1030 871 1094 ad
891 1029 1084 1095 contionem
1101 1030 1241 1118 (milites
1252 1032 1345 1120 suos)
1361 1032 1534 1098 Antonius

293 1137 408 1204 docuit
427 1161 502 1203 csse
521 1138 630 1203 adhuc
645 1136 784 1203 Vitellio
803 1138 934 1204 vires...
951 1176 995 1188 —
1016 1138 1077 1218 ΙΙΙ,
1095 1138 1149 1204 63.
1172 1140 1315 1228 Accepti
1330 1142 1364 1205 in
1386 1142 1533 1206 medium

293 1245 469 1311 Vitelliani
513 1245 570 1333 (ad
604 1245 785 1311 Flavianos
828 1247 1044 1333 transgressi)
1075 1254 1108 1311 et
1145 1248 1371 1313 circumdatos
1400 1250 1534 1313 Primus

293 1354 466 1420 Antonius
482 1353 668 1419 clementer
693 1353 931 1443 adloquitur...
950 1354 1025 1418 Non
1059 1355 1201 1419 omisere
1217 1378 1276 1442 per
1289 1380 1346 1420 eos·
1367 1357 1440 1421 dies
1462 1357 1534 1420 Pri-

293 1485 370 1528 mus
402 1486 440 1527 ac
467 1461 614 1544 (Arrius)
635 1461 744 1527 Varus
764 1459 891 1527 crebris
923 1462 1052 1527 nuntiis
1072 1462 1266 1528 salutemet
1286 1464 1464 1551 pecuniam
1501 1471 1535 1529 et

291 1578 421 1636 secreta
438 1569 644 1657 Campaniae
664 1568 783 1634 ollerrc
800 1568 951 1646 Vitellio,
968 1570 996 1633 si
1016 1570 1137 1656 positis
1152 1571 1256 1634 armis
1271 1594 1374 1659 seque
1394 1593 1432 1635 ac
1453 1569 1535 1636 libe-

293 1702 348 1745 ros
381 1702 462 1742 suos
495 1677 706 1765 Vespasiano
741 1677 962 1764 permisisset.
984 1714 1027 1726 -
1049 1677 1109 1754 ΙΙΙ,
1133 1676 1187 1755 oa.
1207 1678 1254 1743 ,at
1273 1679 1439 1766 primores
1451 1679 1534 1744 civi·

293 1787 373 1853 tatis
407 1785 561 1850 Flavium
599 1784 763 1850 Sabinum
797 1785 1003 1871 praelectum
1031 1784 1124 1849 urbis
1154 1786 1292 1851 secretis
1322 1785 1535 1852 sermonibus

292 1894 492 1968 incitabant,
516 1893 676 1959 victoriae
702 1892 877 1981 famaeque
897 1900 1028 1982 partem
1054 1900 1258 1981 capesseret,
1284 1917 1368 1964 ...ne
1384 1894 1536 1959 Antonio

294 2003 450 2090 Varoque
489 2001 530 2066 de
566 2000 672 2087 gloria
709 2000 920 2067 concederet.
943 2000 1135 2074 —lll,6ti.
1167 2000 1211 2065 Vt
1239 2002 1382 2090 quisque
1397 2000 1535 2067 Vitellio

295 2111 394 2188 fidus,
415 2110 462 2174 ita
476 2132 592 2196 pacem
609 2116 642 2174 et
657 2107 874 2173 condiciones
894 2107 1116 2174 abnuebant:
1141 2139 1155 2168 a
1232 2108 1374 2173 Fabium
1388 2108 1536 2199 (Flavia-

294 2217 360 2300 nis)
377 2215 596 2282 Valentem...
614 2239 835 2303 praegravem
850 2215 967 2292 luisse,
982 2215 1106 2280 nedum
1121 2215 1256 2280 Primus
1270 2239 1309 2281 ac
1326 2216 1534 2303 (Cornelius)

295 2327 423 2392 Fuscus
444 2332 477 2390 et
498 2376 519 2391 ..
551 2323 728 2388 Mucianus
764 2322 869 2387 ullam
891 2324 923 2387 in
952 2322 1127 2388 Vitellium
1149 2323 1213 2387 nisi
1230 2323 1405 2389 occidendi
1425 2324 1536 2390 licen-

293 2435 375 2501 tiam
401 2432 589 2499 habcant...
617 2431 776 2502 »-111,
801 2431 854 2519 78.
880 2431 949 2497 Noc
965 2430 1101 2496 defuere
1118 2431 1176 2519 qui
1211 2431 1399 2496 Antonium
1417 2432 1535 2519 suspi-

294 2540 448 2607 cionibus
475 2546 669 2627 arguerent,
709 2545 882 2626 tamquam
917 2537 995 2602 dolo
1028 2545 1244 2603 cunctantem
1274 2545 1351 2626 post
1389 2545 1536 2604 secretas

295 2648 422 2716 Vitellii
437 2648 613 2737 epistulas,
628 2646 751 2736 quibus
776 2646 992 2712 consulatum
1018 2655 1051 2712 et
1065 2646 1216 2711 nubilem
1234 2644 1336 2709 filiam
1351 2652 1385 2711 et
1405 2645 1536 2711 dotales

294 2780 374 2845 opes
388 2756 535 2845 pretium
551 2754 752 2843 proditionis
770 2753 974 2821 offerebat...
993 2754 1172 2819 Mucianus
1193 2752 1362 2838 ambiguis
1381 2751 1536 2841 epistulis

295 2865 438 2931 victores
471 2863 679 2933 morabatur,
697 2870 730 2927 et
743 2861 916 2927 ,latonius
932 2869 1150 2949 praepostero
1174 2860 1349 2950 obsequio,
1373 2859 1427 2925 vel
1454 2860 1535 2925 dum

295 2973 418 3058 regerit
451 2969 627 3049 invidiam,
658 2969 785 3034 crimen
808 2969 973 3035 meruit...
1004 3006 1049 3019 -
1083 2968 1143 3048 lll,
1175 2992 1227 3056 79.
1268 2967 1439 3032 Antonius
1476 2990 1536 3056 per

295 3079 494 3145 Flaminiam
522 3077 566 3142 ad
604 3077 694 3142 Saxa
727 3076 827 3142 rubra
859 3075 966 3142 multo
1000 3076 1066 3139 iam
1095 3076 1206 3141 noctis
1240 3098 1354 3140 serum
1368 3073 1532 3139 auxilium

296 3188 427 3254 venit...
446 3225 489 3235 —
507 3184 626 3258 lll,8o.
645 3183 873 3272 nequioribus
894 3182 1017 3247 animis
1037 3183 1165 3269 accepti
1187 3189 1279 3262 sunt,
1299 3181 1503 3268 (legatorum
1516 3205 1538 3246 a·

296 3293 431 3361 Vitellio
453 3291 645 3370 missorum)
668 3291 724 3379 qui
740 3290 783 3354 ad
802 3290 990 3354 Antonium
1007 3294 1181 3362 venerant,
1199 3312 1268 3352 non
1288 3289 1366 3376 quia
1401 3288 1533 3353 modes-

298 3404 359 3468 tior
375 3400 473 3466 miles
508 3399 624 3487 (quam
647 3396 759 3463 Petilii
777 3396 947 3485 Cerialis),
970 3396 1028 3461 sed
1039 3395 1116 3461 duci
1137 3395 1214 3483 plus
1237 3396 1461 3461 auctoritatis.
1490 3433 1532 3444 -

298 3510 356 3580 lll,
375 3512 428 3574 81.
457 3504 584 3573 Obviae
601 3505 691 3570 luere
720 3512 754 3570 et
797 3504 946 3589 virgines
967 3502 1123 3568 Vestales
1138 3526 1215 3568 cum
1235 3501 1391 3590 epistulis
1406 3502 1534 3568 Vitellii

296 3618 335 3683 ad
365 3615 554 3681 Antonium
586 3612 734 3700 scriptis.
764 3650 807 3660 -
842 3611 902 3690 ΙΙΙ,
936 3611 1200 3698 82.l'emptavit
1221 3617 1335 3676 tamen
1362 3611 1534 3676 Antonius

297 3731 435 3790 vocatas
455 3721 497 3786 ad
511 3720 704 3786 contionem
726 3719 878 3807 legiones
892 3718 1060 3804 mitigare,
1075 3725 1112 3782 ut
1133 3718 1254 3782 castris
1273 3718 1367 3782 iuxta
1395 3724 1534 3805 pontem

298 3832 465 3898 Mulvium
494 3829 614 3918 positis
642 3834 778 3915 postera
804 3826 858 3890 die
891 3824 1011 3890 urbem
1045 3825 1315 3910 ingrederentur.
1354 3862 1397 3872 -
1423 3823 1480 3901 lV,
1501 3850 1532 3891 a.
1560 3859 1564 3864 ·

296 3939 418 4027 (Capta
433 3961 451 4001 a
468 3935 639 4001 Flavianis
656 3934 818 4022 ltoma)...
846 3956 978 3997 summa
996 3932 1164 4019 potentiae
1186 3932 1218 3995 in
1239 3931 1352 3995 Primo
1367 3931 1531 3999 Antonio.

294 4085 336 4101 -
362 4045 420 4124 IV,
457 4046 490 4120 Ι.
522 4041 707 4108 Adduntur
731 4041 762 4130 (a
796 4040 930 4122 senatu)
960 4040 1074 4103 Primo
1112 4038 1263 4103 Antonio
1298 4037 1531 4106 consularia...

295 4153 481 4240 insignia...
508 4189 552 4200 —
576 4149 634 4230 IV,
656 4172 705 4215 rr.
721 4148 901 4214 Mucianus
927 4145 1047 4211 urbem
1076 4146 1252 4233 ingressus
1285 4153 1405 4211 cuncta
1433 4144 1534 4210 simul

295 4263 327 4328 in
357 4285 392 4326 se
409 4259 524 4338 traxit,
542 4257 648 4322 tracta
678 4256 783 4320 Primi
821 4255 963 4320 Antonii
989 4252 1135 4341 Varique
1156 4252 1247 4317 Arrii
1267 4252 1429 4340 potentia,
1447 4252 1535 4317 male

294 4365 507 4434 dissimulata
537 4364 570 4428 in
600 4387 658 4429 eos
678 4363 826 4428 Muciani
842 4360 1057 4428 iracundia...
1079 4398 1122 4408 -
1139 4360 1196 4438 IV,
1223 4359 1273 4429 13,
1289 4359 1425 4447 (lulius)
1442 4359 1534 4424 Civi-

293 4476 376 4543 lis...
414 4472 613 4560 Vespasiani
648 4471 886 4536 amicitiam...
923 4467 1126 4555 praetendit,
1156 4466 1269 4531 missis
1301 4489 1381 4531 sane
1401 4466 1533 4532 adeum

296 4582 400 4648 Primi
430 4578 572 4645 Antonii
600 4577 734 4652 litteris,
763 4575 887 4665 quibus
912 4580 1064 4639 avertere
1085 4574 1191 4639 accita
1202 4573 1339 4638 Vitellio
1355 4573 1479 4639 auxilia
1501 4586 1534 4642 et

294 4687 462 4755 tumultus
489 4685 682 4750 Germanici
725 4684 835 4771 specie
873 4689 1042 4747 retentare
1081 4681 1232 4769 legiones
1273 4680 1463 4748 iubebatur.
1490 4720 1534 4733 -

298 4795 355 4878 lV,
373 4798 427 4872 at.
448 4792 590 4881 (Milites
604 4792 885 4858 Germanicarum
916 4789 1090 4876 legionum
1121 4789 1154 4853 in
1190 4788 1420 4853 llordeonium
1438 4789 1535 4855 Flac-

297 4926 372 4969 cum
402 4901 553 4988 legatum
582 4900 672 4986 irati)
704 4898 934 4966 tremebant...
968 4919 1036 4961 non
1060 4896 1163 4960 Primi
1177 4895 1318 4960 Antonii
1333 4919 1442 4984 neque
1458 4897 1533 4962 Mu-

297 5009 383 5075 ciani
402 5031 465 5097 ope
478 5006 724 5096 Vespasianum
741 5005 848 5092 magis
863 5003 1066 5074 adolevisse,
1080 5042 1124 5053 —
1141 5001 1197 5078 lV,
1215 5003 1269 5068 31.
1285 5002 1374 5068 llaec
1395 5003 1429 5067 in
1451 5003 1533 5069 Ger-
