3709 6234
356 863 410 918 386
882 865 989 919 IVLIVS
1008 866 1169 918 SECVNDVS

355 1089 361 1106 1
400 1008 574 1096 Sequanos
604 1009 733 1096 rapit..
778 1007 857 1071 Fusi
887 1008 1069 1095 Lingones,
1105 1006 1252 1072 Sabinus
1283 1005 1479 1071 festinatum
1508 1012 1636 1070 temere

397 1115 562 1202 proelium
578 1115 648 1202 pari
666 1114 844 1179 formidine
855 1114 1016 1196 deseruit,
1030 1122 1135 1203 utque
1151 1115 1276 1179 lamam
1292 1114 1387 1178 exitii
1401 1112 1452 1177 sui
1469 1111 1636 1178 laceret...

396 1220 528 1300 Quibus
551 1221 680 1286 artibus
707 1220 912 1310 latebrisque
943 1222 1091 1287 vitam...
1113 1221 1315 1304 traduxerit,
1341 1220 1484 1285 simul..
1504 1220 1639 1307 insigne

399 1329 594 1416 Epponinae
610 1330 727 1393 uxoris
742 1329 938 1418 exemplum
954 1353 1015 1393 suo
1031 1329 1106 1394 loeo
1127 1329 1319 1394 reddemus,

356 1435 503 1501 IVLIVS
519 1436 762 1515 SlellOVlll,
779 1436 1042 1501 SrlCllOVlll1.
1061 1477 1103 1486 —
1118 1437 1149 1518 3,
1168 1439 1220 1513 lo.
1239 1436 1427 1501 Galliarum
1439 1437 1637 1504 civitates...

395 1536 615 1609 rebellionem
648 1552 858 1631 coeptavere,
892 1544 987 1608 cuius
1016 1544 1252 1609 exstimulator
1280 1544 1505 1610 acerrimus...
1549 1542 1641 1630 apud

397 1651 535 1716 Aeduos
564 1650 671 1715 lulius
704 1652 900 1717 Sacrovir...
932 1651 1147 1739 Componunt
1174 1651 1293 1716 Florus
1329 1651 1462 1739 Belgas,
1481 1649 1641 1716 Sacrovir

395 1760 568 1847 propiores
584 1758 701 1823 Gallos
716 1759 859 1823 concire.
885 1796 921 1810 -
947 1758 978 1841 3,
996 1762 1050 1836 li.
1073 1759 1252 1846 Spectatus
1277 1767 1308 1824 et
1330 1759 1487 1823 Sacrovir
1509 1757 1637 1823 intecto

396 1866 505 1953 capite
524 1889 673 1953 pugnam
690 1890 750 1954 pro
770 1866 933 1930 Romanis
950 1866 1128 1954 (adversus
1150 1866 1317 1953 Turonos)
1343 1866 1446 1932 ciens,
1469 1903 1507 1916 -
1531 1865 1563 1946 3,
1578 1863 1636 1943 43.

396 1973 684 2059 Augustodunum
711 1981 812 2062 caput
849 1974 961 2060 gentis
993 1973 1221 2060 (Aeduorum)
1262 1973 1401 2038 armatis
1441 1971 1637 2037 cohortibus

395 2081 551 2147 Sacrovir
581 2088 843 2169 occupaverat...
861 2120 905 2129 -
921 2080 952 2162 3,
971 2082 1024 2158 44.
1051 2082 1097 2146 at
1122 2082 1289 2147 Romae...
1318 2080 1458 2145 multi...
1485 2080 1638 2168 increpa·

399 2189 520 2255 bant...
538 2188 719 2268 Tiberium,
741 2189 832 2276 quod
848 2189 881 2252 in
898 2196 993 2253 tanto
1018 2212 1130 2253 rerum
1151 2197 1245 2254 motu
1259 2187 1384 2253 libellis
1404 2196 1639 2253 accusatorum

399 2296 582 2361 insumeret
603 2319 751 2383 operam.
774 2295 829 2359 An
856 2296 1072 2361 Sacrouirum
1097 2296 1283 2362 maiestatis
1309 2296 1448 2360 crimine
1483 2318 1576 2359 reum
1604 2295 1639 2359 in

398 2411 518 2469 senatu
538 2404 633 2468 iore?
646 2442 690 2452 —
715 2402 746 2474 3,
769 2403 821 2480 45.
845 2402 1090 2468 Duodecimum
1109 2403 1198 2491 apud
1218 2403 1363 2490 lapidem
1386 2402 1442 2489 (ab
1464 2403 1639 2489 Augusto·

399 2511 506 2596 duno)
530 2511 686 2575 Sacrovir
713 2510 895 2599 copiaeque
915 2510 1112 2598 patentibus
1138 2510 1222 2575 locis
1251 2533 1434 2599 apparuere
1451 2509 1575 2596 (Silio).
1595 2548 1639 2559 -

401 2620 431 2695 3,
451 2617 504 2694 46.
534 2618 691 2683 Sacrovir
710 2618 818 2705 primo
847 2618 1149 2705 Augustodunum,
1186 2618 1263 2683 dein
1288 2625 1380 2683 metu
1402 2617 1583 2683 deditionis
1603 2617 1639 2682 in

400 2725 518 2790 villam
548 2726 772 2814 propinquam
796 2748 872 2790 cum
894 2725 1068 2790 fidissimis
1089 2726 1209 2814 pergit.
1231 2725 1303 2790 Illic
1323 2749 1383 2790 sua
1405 2748 1508 2790 manu
1534 2724 1639 2813 (oeci-

399 2832 476 2920 dit).
494 2872 535 2882 -
555 2836 587 2913 t,
612 2857 662 2922 ¹9·
689 2831 817 2898 Silente
833 2856 890 2897 reo
908 2832 961 2918 (C.
984 2832 1125 2920 Silio)...
1151 2834 1356 2899 conscientia
1383 2831 1463 2897 belli
1483 2830 1640 2897 Sacrovir

398 2939 456 3004 diu
482 2939 728 3022 dissimulatus,
745 2938 885 3005 victoria
915 2963 975 3027 per
994 2939 1169 3005 avaritiam
1194 2939 1369 3005 foedata...
1392 2939 1633 3027 arguebantur.

398 3086 441 3095 —
457 3045 515 3126 lv,
548 3047 602 3134 57.
620 3045 818 3112 Obtestante
845 3046 978 3135 (Dillio)
996 3046 1166 3114 Vocula...
1189 3048 1237 3113 sie
1253 3047 1332 3111 olim
1357 3047 1573 3111 Sacrovirum
1605 3054 1636 3112 et

399 3153 549 3233 AeduoS,
579 3177 686 3241 nuper
711 3152 886 3218 Vindicem
903 3153 1101 3242 Galliasque
1116 3154 1259 3241 singulis
1279 3154 1415 3243 proeliis
1436 3153 1635 3219 concidisse.

357 3261 504 3327 IVLIVS
519 3260 768 3340 SECVNDVS,
786 3260 1050 3327 SECVNDVS2.
1064 3299 1107 3309 —
1133 3261 1170 3326 O.
1195 3288 1225 3327 n.
1251 3263 1422 3327 Venerunt
1443 3261 1485 3326 ad
1503 3261 1640 3347 (Curian

402 3370 485 3435 lium
509 3368 715 3456 Maternum)
736 3368 872 3432 Marcus
892 3369 985 3456 Aper
1011 3377 1044 3434 et
1066 3367 1170 3433 lulius
1199 3370 1386 3452 Secundus,
1420 3368 1638 3435 celeberrima

401 3486 473 3542 tum
488 3476 621 3564 ingenia
644 3475 705 3540 lori
723 3476 846 3548 nostri:
866 3499 951 3565 quos
971 3499 1075 3563 ege...
1093 3475 1243 3541 studiose
1266 3477 1499 3556 audiebam...
1518 3500 1637 3564 quam-

401 3586 452 3648 vis
482 3585 628 3670 maligne
657 3583 808 3671 plerique
835 3584 1055 3670 opinarentur
1076 3606 1136 3650 nec
1161 3583 1316 3648 Secundo
1350 3593 1543 3673 promptum
1564 3608 1639 3649 esse

401 3715 602 3757 sermonem.
626 3746 632 3757 .
664 3691 749 3755 Nam
766 3699 799 3755 et
821 3691 978 3755 Secundo
1000 3715 1104 3779 purus
1126 3700 1160 3756 et
1175 3716 1311 3779 pressus
1341 3698 1384 3766 et,
1417 3693 1636 3780 inquantum

402 3800 484 3864 satis
519 3807 601 3878 erat,
623 3800 793 3886 protluens
820 3822 931 3862 sermo
951 3822 1018 3863 non
1049 3799 1230 3865 deluit-
1261 3799 1291 3864 3.
1321 3800 1405 3864 Tum
1435 3800 1635 3864 Secundus:

403 3933 418 3971 a
442 3905 578 3970 Nihilne
594 3913 638 3982 te,
667 3906 788 3993 inquit,
817 3906 981 3982 Materne,
1002 3906 1136 3971 fabulae
1152 3906 1377 3993 malignorum
1397 3910 1593 3972 terrent...‘?
1620 3935 1635 3967 n

402 4054 444 4063 -
460 4014 490 4077 5.
512 4040 526 4068 o
544 4012 615 4098 Ego
631 4035 723 4090 vero,
741 4013 851 4100 inquit
866 4013 1054 4092 Secundus,
1088 4023 1267 4102 antequam
1292 4039 1345 4080 me
1370 4015 1514 4080 iudicem
1545 4017 1638 4101 Aper

403 4128 575 4185 rccuset...
596 4147 610 4177 u
628 4159 670 4168 -
693 4144 725 4206 9.
759 4120 939 4207 (Loquitur
961 4122 1065 4210 Aper)
1093 4150 1108 4180 (ι
1132 4122 1167 4185 Si
1195 4123 1322 4187 amicus
1342 4123 1414 4187 eius
1434 4175 1470 4203 ..,
1493 4122 1521 4185 si
1545 4122 1638 4185 deui-

403 4251 467 4315 que
483 4227 553 4314 ipsc
569 4225 714 4308 (Saleius
732 4227 871 4314 Bassus)
893 4228 926 4290 in
942 4226 1078 4315 aliquod
1100 4230 1272 4315 negotium
1292 4231 1459 4310 inciderit,
1491 4228 1638 4293 adhunc

403 4334 595 4400 Secundum
623 4341 771 4398 recurret
799 4341 856 4398 aut
890 4334 933 4398 ad
954 4343 996 4412 te,
1034 4335 1226 4402 Materne...
1259 4367 1332 4397 ›i-
1367 4341 1415 4414 n).
1440 4363 1456 4399 a
1485 4336 1636 4413 Minime,

403 4442 552 4518 minime,
572 4441 680 4528 inquit
695 4442 882 4519 Secundus,
905 4449 1006 4529 alque
1022 4443 1104 4507 adeo
1121 4444 1269 4510 vellem..
1303 4445 1481 4533 (Loquitur
1502 4445 1639 4532 Vipsta-

403 4574 465 4613 nus
481 4547 676 4636 Messalla):
695 4573 711 4611 a
731 4549 868 4613 l'robari
892 4550 989 4613 video
1024 4551 1057 4613 in
1082 4560 1123 4626 te,
1146 4551 1311 4629 Secunde,
1344 4552 1433 4640 quod
1456 4552 1531 4617 lulii
1546 4551 1639 4615 Afri-

403 4658 477 4721 cani
492 4657 597 4720 vitam
613 4657 845 4744 componendo
860 4680 954 4744 spem
964 4657 1156 4722 hominibus
1169 4658 1277 4724 fecisti
1293 4658 1440 4746 plurium
1454 4658 1640 4724 eiusmodi

393 4881 398 4912 ¹
421 4879 541 4930 l’nosor..
555 4881 609 4931 3515.

391 4963 401 4994 ²
419 4961 539 5017 Pansae„
556 4960 610 5008 aaa.
629 4961 687 5008 lulii
704 4960 774 5008 Flori
795 4962 886 5009 fratris
902 4962 982 5008 titius.
