<?xml version="1.0" encoding="UTF-8"?>
<!DOCTYPE html PUBLIC "-//W3C//DTD XHTML 1.0 Transitional//EN"
    "http://www.w3.org/TR/xhtml1/DTD/xhtml1-transitional.dtd">
<html xmlns="http://www.w3.org/1999/xhtml" xml:lang="en" lang="en">
 <head>
  <title>
</title>
<meta http-equiv="Content-Type" content="text/html;charset=utf-8" />
  <meta name='ocr-system' content='tesseract 3.04.00' />
  <meta name='ocr-capabilities' content='ocr_page ocr_carea ocr_par ocr_line ocrx_word'/>
</head>
<body>
  <div class='ocr_page' id='page_1' title='image "./onomasticontaci00fabigoog_0025.png"; bbox 0 0 3709 6234; ppageno 0'>
   <div class='ocr_carea' id='block_1_1' title="bbox 725 931 1501 989">
    <p class='ocr_par' dir='ltr' id='par_1_1' title="bbox 725 931 1501 989">
     <span class='ocr_line' id='line_1_1' title="bbox 725 931 1501 989; baseline -0.003 -2"><span class='ocrx_word' id='word_1_1' title='bbox 725 933 839 989; x_wconf 73' lang='lat' dir='ltr'><strong>Atttvs</strong></span> <span class='ocrx_word' id='word_1_2' title='bbox 866 933 998 988; x_wconf 74' lang='lat' dir='ltr'><strong>stttnvs</strong></span> <span class='ocrx_word' id='word_1_3' title='bbox 1075 957 1085 988; x_wconf 93' lang='grc'><strong>·.</strong></span> <span class='ocrx_word' id='word_1_4' title='bbox 1467 931 1501 985; x_wconf 84' lang='grc'><strong>17</strong></span> 
     </span>
    </p>
   </div>
   <div class='ocr_carea' id='block_1_2' title="bbox 219 1054 1508 4699">
    <p class='ocr_par' dir='ltr' id='par_1_2' title="bbox 264 1054 1503 1254">
     <span class='ocr_line' id='line_1_2' title="bbox 264 1054 1503 1147; baseline 0 -25"><span class='ocrx_word' id='word_1_5' title='bbox 264 1054 499 1123; x_wconf 87' lang='lat' dir='ltr'><strong>obiectabatur</strong></span> <span class='ocrx_word' id='word_1_6' title='bbox 525 1057 635 1123; x_wconf 76' lang='lat' dir='ltr'><strong>nelii¹</strong></span> <span class='ocrx_word' id='word_1_7' title='bbox 663 1057 755 1124; x_wconf 82' lang='lat' dir='ltr'><strong>Galli</strong></span> <span class='ocrx_word' id='word_1_8' title='bbox 774 1059 936 1133; x_wconf 85' lang='lat' dir='ltr'><strong>amicitia,</strong></span> <span class='ocrx_word' id='word_1_9' title='bbox 954 1059 1012 1147; x_wconf 93' lang='lat' dir='ltr'><strong>qui</strong></span> <span class='ocrx_word' id='word_1_10' title='bbox 1042 1059 1161 1145; x_wconf 89' lang='lat' dir='ltr'><strong>punito</strong></span> <span class='ocrx_word' id='word_1_11' title='bbox 1182 1058 1305 1121; x_wconf 81' lang='lat' dir='ltr'><strong>Seiano</strong></span> <span class='ocrx_word' id='word_1_12' title='bbox 1322 1057 1355 1120; x_wconf 92' lang='lat' dir='ltr'><strong>in</strong></span> <span class='ocrx_word' id='word_1_13' title='bbox 1387 1057 1503 1122; x_wconf 89' lang='lat' dir='ltr'><strong>hortos</strong></span> 
     </span>
     <span class='ocr_line' id='line_1_3' title="bbox 268 1165 1303 1254; baseline 0.002 -25"><span class='ocrx_word' id='word_1_14' title='bbox 268 1165 449 1253; x_wconf 86' lang='lat' dir='ltr'><strong>Pomponii</strong></span> <span class='ocrx_word' id='word_1_15' title='bbox 464 1166 562 1254; x_wconf 86' lang='lat' dir='ltr'><strong>quasi</strong></span> <span class='ocrx_word' id='word_1_16' title='bbox 577 1165 779 1231; x_wconf 85' lang='lat' dir='ltr'><strong>fidissimum</strong></span> <span class='ocrx_word' id='word_1_17' title='bbox 798 1165 840 1230; x_wconf 92' lang='lat' dir='ltr'><strong>ad</strong></span> <span class='ocrx_word' id='word_1_18' title='bbox 856 1165 1047 1231; x_wconf 89' lang='lat' dir='ltr'>subsidium</span> <span class='ocrx_word' id='word_1_19' title='bbox 1062 1165 1265 1253; x_wconf 69' lang='lat' dir='ltr'><strong>perfugisset</strong></span> <span class='ocrx_word' id='word_1_20' title='bbox 1279 1165 1303 1231; x_wconf 70' lang='lat'><strong>2&#39;.</strong></span> 
     </span>
    </p>

    <p class='ocr_par' dir='ltr' id='par_1_3' title="bbox 219 1271 1504 1684">
     <span class='ocr_line' id='line_1_4' title="bbox 219 1271 1501 1362; baseline -0.002 -25"><span class='ocrx_word' id='word_1_21' title='bbox 219 1272 387 1337; x_wconf 69' lang='lat' dir='ltr'><strong>AELll&#39;S</strong></span> <span class='ocrx_word' id='word_1_22' title='bbox 416 1273 643 1340; x_wconf 75' lang='lat' dir='ltr'><strong>(tltttlttls.</strong></span> <span class='ocrx_word' id='word_1_23' title='bbox 665 1313 703 1323; x_wconf 89' lang='lat'>—</span> <span class='ocrx_word' id='word_1_24' title='bbox 737 1274 784 1346; x_wconf 75' lang='lat'><strong>13,</strong></span> <span class='ocrx_word' id='word_1_25' title='bbox 811 1274 865 1338; x_wconf 81' lang='lat'><strong>53.</strong></span> <span class='ocrx_word' id='word_1_26' title='bbox 891 1273 943 1362; x_wconf 84' lang='lat' dir='ltr'><strong>(L.</strong></span> <span class='ocrx_word' id='word_1_27' title='bbox 971 1273 1157 1359; x_wconf 62' lang='lat' dir='ltr'><strong>Antistius)</strong></span> <span class='ocrx_word' id='word_1_28' title='bbox 1184 1272 1290 1338; x_wconf 76' lang='lat' dir='ltr'><strong>Vetus</strong></span> <span class='ocrx_word' id='word_1_29' title='bbox 1324 1271 1501 1337; x_wconf 83' lang='lat' dir='ltr'><strong>Mosellam</strong></span> 
     </span>
     <span class='ocr_line' id='line_1_5' title="bbox 266 1380 1503 1470; baseline 0 -26"><span class='ocrx_word' id='word_1_30' title='bbox 266 1388 368 1470; x_wconf 87' lang='lat' dir='ltr'><strong>atque</strong></span> <span class='ocrx_word' id='word_1_31' title='bbox 381 1381 567 1447; x_wconf 76' lang='lat' dir='ltr'><strong>Ararim...</strong></span> <span class='ocrx_word' id='word_1_32' title='bbox 585 1381 675 1448; x_wconf 86' lang='lat' dir='ltr'><strong>lossa</strong></span> <span class='ocrx_word' id='word_1_33' title='bbox 704 1389 879 1447; x_wconf 80' lang='lat' dir='ltr'>conectere</span> <span class='ocrx_word' id='word_1_34' title='bbox 909 1381 1091 1469; x_wconf 87' lang='lat' dir='ltr'><strong>parabat...</strong></span> <span class='ocrx_word' id='word_1_35' title='bbox 1117 1381 1242 1445; x_wconf 90' lang='lat' dir='ltr'><strong>lnvidit</strong></span> <span class='ocrx_word' id='word_1_36' title='bbox 1267 1382 1358 1469; x_wconf 91' lang='lat' dir='ltr'><strong>operi</strong></span> <span class='ocrx_word' id='word_1_37' title='bbox 1385 1380 1503 1445; x_wconf 68' lang='lat' dir='ltr'><strong>Aelius</strong></span> 
     </span>
     <span class='ocr_line' id='line_1_6' title="bbox 267 1487 1504 1578; baseline -0.002 -26"><span class='ocrx_word' id='word_1_38' title='bbox 267 1487 426 1568; x_wconf 81' lang='lat' dir='ltr'><strong>Gracilis,</strong></span> <span class='ocrx_word' id='word_1_39' title='bbox 458 1489 613 1577; x_wconf 81' lang='lat' dir='ltr'><strong>Belgicae</strong></span> <span class='ocrx_word' id='word_1_40' title='bbox 655 1489 800 1578; x_wconf 77' lang='lat' dir='ltr'><strong>legatus,</strong></span> <span class='ocrx_word' id='word_1_41' title='bbox 836 1488 1037 1554; x_wconf 89' lang='lat' dir='ltr'><strong>deterrendo</strong></span> <span class='ocrx_word' id='word_1_42' title='bbox 1070 1488 1238 1561; x_wconf 77' lang='lat' dir='ltr'><strong>Veterem,</strong></span> <span class='ocrx_word' id='word_1_43' title='bbox 1284 1513 1324 1554; x_wconf 90' lang='lat' dir='ltr'><strong>ne</strong></span> <span class='ocrx_word' id='word_1_44' title='bbox 1354 1489 1504 1576; x_wconf 82' lang='lat' dir='ltr'><strong>legiones</strong></span> 
     </span>
     <span class='ocr_line' id='line_1_7' title="bbox 268 1595 806 1684; baseline 0 -23"><span class='ocrx_word' id='word_1_45' title='bbox 268 1595 399 1662; x_wconf 87' lang='lat' dir='ltr'><strong>alienae</strong></span> <span class='ocrx_word' id='word_1_46' title='bbox 419 1596 612 1684; x_wconf 86' lang='lat' dir='ltr'><strong>provinciae</strong></span> <span class='ocrx_word' id='word_1_47' title='bbox 625 1597 806 1663; x_wconf 85' lang='lat' dir='ltr'><strong>interret...</strong></span> 
     </span>
    </p>

    <p class='ocr_par' dir='ltr' id='par_1_4' title="bbox 223 1702 1505 2328">
     <span class='ocr_line' id='line_1_8' title="bbox 223 1702 1502 1792; baseline 0.004 -25"><span class='ocrx_word' id='word_1_48' title='bbox 223 1702 390 1768; x_wconf 78' lang='lat' dir='ltr'><strong>‚lELlVS</strong></span> <span class='ocrx_word' id='word_1_49' title='bbox 409 1704 555 1768; x_wconf 81' lang='lat' dir='ltr'><strong>LAMLi</strong></span> <span class='ocrx_word' id='word_1_50' title='bbox 572 1705 596 1769; x_wconf 81' lang='lat'><strong>³.</strong></span> <span class='ocrx_word' id='word_1_51' title='bbox 614 1744 657 1753; x_wconf 93' lang='lat'>—</span> <span class='ocrx_word' id='word_1_52' title='bbox 676 1709 709 1776; x_wconf 77' lang='lat' dir='ltr'><strong>d.</strong></span> <span class='ocrx_word' id='word_1_53' title='bbox 732 1704 783 1771; x_wconf 74' lang='lat' dir='ltr'><strong>rt.</strong></span> <span class='ocrx_word' id='word_1_54' title='bbox 801 1706 850 1770; x_wconf 63' lang='lat' dir='ltr'><strong>Ae</strong></span> <span class='ocrx_word' id='word_1_55' title='bbox 880 1704 914 1769; x_wconf 95' lang='lat' dir='ltr'><strong>ni</strong></span> <span class='ocrx_word' id='word_1_56' title='bbox 936 1703 1056 1769; x_wconf 71' lang='lat' dir='ltr'><strong>Aelius</strong></span> <span class='ocrx_word' id='word_1_57' title='bbox 1078 1704 1191 1768; x_wconf 88' lang='lat' dir='ltr'><strong>Lamia</strong></span> <span class='ocrx_word' id='word_1_58' title='bbox 1214 1712 1247 1769; x_wconf 92' lang='lat' dir='ltr'><strong>et</strong></span> <span class='ocrx_word' id='word_1_59' title='bbox 1263 1705 1301 1770; x_wconf 91' lang='lat' dir='ltr'><strong>L.</strong></span> <span class='ocrx_word' id='word_1_60' title='bbox 1318 1705 1502 1792; x_wconf 65' lang='lat' dir='ltr'><strong>Apronius·</strong></span> 
     </span>
     <span class='ocr_line' id='line_1_9' title="bbox 268 1811 1502 1900; baseline 0.002 -25"><span class='ocrx_word' id='word_1_61' title='bbox 268 1811 327 1899; x_wconf 93' lang='lat' dir='ltr'><strong>qui</strong></span> <span class='ocrx_word' id='word_1_62' title='bbox 338 1811 490 1876; x_wconf 77' lang='lat' dir='ltr'><strong>Africam</strong></span> <span class='ocrx_word' id='word_1_63' title='bbox 506 1811 736 1884; x_wconf 89' lang='lat' dir='ltr'><strong>obtinuerant.</strong></span> <span class='ocrx_word' id='word_1_64' title='bbox 754 1813 923 1877; x_wconf 79' lang='lat' dir='ltr'><strong>insontem</strong></span> <span class='ocrx_word' id='word_1_65' title='bbox 938 1811 971 1898; x_wconf 83' lang='lat' dir='ltr'><strong>(t</strong></span> <span class='ocrx_word' id='word_1_66' title='bbox 974 1813 994 1877; x_wconf 77' lang='lat'><strong>1.</strong></span> <span class='ocrx_word' id='word_1_67' title='bbox 1012 1812 1217 1900; x_wconf 85' lang='lat' dir='ltr'><strong>Gracchum)</strong></span> <span class='ocrx_word' id='word_1_68' title='bbox 1231 1812 1502 1899; x_wconf 76' lang='lat' dir='ltr'><strong>protexissent...</strong></span> 
     </span>
     <span class='ocr_line' id='line_1_10' title="bbox 266 1918 1504 2008; baseline 0.001 -26"><span class='ocrx_word' id='word_1_69' title='bbox 266 1952 311 1967; x_wconf 92' lang='lat'><em>-</em></span> <span class='ocrx_word' id='word_1_70' title='bbox 325 1918 425 2008; x_wconf 77' lang='lat'><strong>6,27.</strong></span> <span class='ocrx_word' id='word_1_71' title='bbox 444 1919 605 1985; x_wconf 80' lang='lat' dir='ltr'><strong>Extremo</strong></span> <span class='ocrx_word' id='word_1_72' title='bbox 627 1920 706 1985; x_wconf 93' lang='lat' dir='ltr'><strong>anni</strong></span> <span class='ocrx_word' id='word_1_73' title='bbox 728 1943 818 1983; x_wconf 89' lang='lat' dir='ltr'><strong>mors</strong></span> <span class='ocrx_word' id='word_1_74' title='bbox 839 1919 929 1985; x_wconf 72' lang='lat' dir='ltr'><strong>,tetii</strong></span> <span class='ocrx_word' id='word_1_75' title='bbox 954 1919 1090 1984; x_wconf 84' lang='lat' dir='ltr'><strong>Lamiae</strong></span> <span class='ocrx_word' id='word_1_76' title='bbox 1107 1919 1221 1984; x_wconf 81' lang='lat' dir='ltr'><strong>funere</strong></span> <span class='ocrx_word' id='word_1_77' title='bbox 1241 1920 1394 1983; x_wconf 92' lang='lat' dir='ltr'><strong>censorio</strong></span> <span class='ocrx_word' id='word_1_78' title='bbox 1417 1918 1504 1983; x_wconf 89' lang='lat' dir='ltr'><strong>cele·</strong></span> 
     </span>
     <span class='ocr_line' id='line_1_11' title="bbox 266 2024 1504 2116; baseline -0.001 -26"><span class='ocrx_word' id='word_1_79' title='bbox 266 2024 374 2098; x_wconf 86' lang='lat' dir='ltr'><strong>brata.</strong></span> <span class='ocrx_word' id='word_1_80' title='bbox 392 2026 452 2116; x_wconf 91' lang='lat' dir='ltr'><strong>qui</strong></span> <span class='ocrx_word' id='word_1_81' title='bbox 463 2026 750 2092; x_wconf 86' lang='lat' dir='ltr'><strong>administrandae</strong></span> <span class='ocrx_word' id='word_1_82' title='bbox 767 2028 885 2091; x_wconf 84' lang='lat' dir='ltr'><strong>Suriae</strong></span> <span class='ocrx_word' id='word_1_83' title='bbox 902 2026 1050 2113; x_wconf 82' lang='lat' dir='ltr'><strong>imagine</strong></span> <span class='ocrx_word' id='word_1_84' title='bbox 1073 2027 1207 2091; x_wconf 90' lang='lat' dir='ltr'><strong>tandem</strong></span> <span class='ocrx_word' id='word_1_85' title='bbox 1230 2026 1406 2092; x_wconf 82' lang='lat' dir='ltr'><strong>exsolutus</strong></span> <span class='ocrx_word' id='word_1_86' title='bbox 1431 2025 1504 2090; x_wconf 90' lang='lat' dir='ltr'><strong>urbi</strong></span> 
     </span>
     <span class='ocr_line' id='line_1_12' title="bbox 269 2132 1505 2222; baseline -0.002 -24"><span class='ocrx_word' id='word_1_87' title='bbox 269 2133 471 2220; x_wconf 78' lang='lat' dir='ltr'><strong>praefuerat.</strong></span> <span class='ocrx_word' id='word_1_88' title='bbox 494 2136 612 2199; x_wconf 75' lang='lat' dir='ltr'><strong>(lenus</strong></span> <span class='ocrx_word' id='word_1_89' title='bbox 626 2133 675 2198; x_wconf 94' lang='lat' dir='ltr'><strong>illi</strong></span> <span class='ocrx_word' id='word_1_90' title='bbox 689 2134 861 2214; x_wconf 77' lang='lat' dir='ltr'><strong>decorum,</strong></span> <span class='ocrx_word' id='word_1_91' title='bbox 880 2132 994 2198; x_wconf 80' lang='lat' dir='ltr'><strong>vivida</strong></span> <span class='ocrx_word' id='word_1_92' title='bbox 1011 2142 1180 2208; x_wconf 88' lang='lat' dir='ltr'><strong>senectus.</strong></span> <span class='ocrx_word' id='word_1_93' title='bbox 1195 2143 1228 2199; x_wconf 91' lang='lat' dir='ltr'><strong>et</strong></span> <span class='ocrx_word' id='word_1_94' title='bbox 1250 2158 1315 2198; x_wconf 89' lang='lat' dir='ltr'><strong>non</strong></span> <span class='ocrx_word' id='word_1_95' title='bbox 1341 2134 1505 2222; x_wconf 87' lang='lat' dir='ltr'><strong>permissa</strong></span> 
     </span>
     <span class='ocr_line' id='line_1_13' title="bbox 269 2241 916 2328; baseline 0 -22"><span class='ocrx_word' id='word_1_96' title='bbox 269 2241 444 2328; x_wconf 84' lang='lat' dir='ltr'><strong>provincia</strong></span> <span class='ocrx_word' id='word_1_97' title='bbox 474 2241 707 2327; x_wconf 83' lang='lat' dir='ltr'><strong>dignationem</strong></span> <span class='ocrx_word' id='word_1_98' title='bbox 727 2241 916 2307; x_wconf 83' lang='lat' dir='ltr'><strong>addiderat.</strong></span> 
     </span>
    </p>

    <p class='ocr_par' dir='ltr' id='par_1_5' title="bbox 225 2346 1508 4699">
     <span class='ocr_line' id='line_1_14' title="bbox 225 2346 1506 2437; baseline 0.001 -26"><span class='ocrx_word' id='word_1_99' title='bbox 225 2346 615 2420; x_wconf 76' lang='lat' dir='ltr'><strong>.tE1.tt&#39;ssttl.tNt&#39;S,</strong></span> <span class='ocrx_word' id='word_1_100' title='bbox 634 2348 867 2416; x_wconf 65' lang='lat' dir='ltr'><strong>SlllANl&#39;St.</strong></span> <span class='ocrx_word' id='word_1_101' title='bbox 898 2393 912 2400; x_wconf 88' lang='lat'><em>-</em></span> <span class='ocrx_word' id='word_1_102' title='bbox 947 2351 1040 2425; x_wconf 64' lang='lat' dir='ltr'><strong>Lat.</strong></span> <span class='ocrx_word' id='word_1_103' title='bbox 1058 2350 1159 2437; x_wconf 76' lang='lat' dir='ltr'><strong>(tlum</strong></span> <span class='ocrx_word' id='word_1_104' title='bbox 1178 2350 1286 2414; x_wconf 82' lang='lat' dir='ltr'><strong>bruso</strong></span> <span class='ocrx_word' id='word_1_105' title='bbox 1301 2349 1448 2414; x_wconf 91' lang='lat' dir='ltr'><strong>mittitur</strong></span> <span class='ocrx_word' id='word_1_106' title='bbox 1464 2346 1506 2413; x_wconf 91' lang='lat' dir='ltr'><strong>ad</strong></span> 
     </span>
     <span class='ocr_line' id='line_1_15' title="bbox 270 2454 1507 2544; baseline -0.001 -26"><span class='ocrx_word' id='word_1_107' title='bbox 270 2454 484 2521; x_wconf 83' lang='lat' dir='ltr'><strong>Pannonicas</strong></span> <span class='ocrx_word' id='word_1_108' title='bbox 525 2455 676 2544; x_wconf 88' lang='lat' dir='ltr'><strong>legiones</strong></span> <span class='ocrx_word' id='word_1_109' title='bbox 708 2456 926 2543; x_wconf 82' lang='lat' dir='ltr'><strong>rebellantes)</strong></span> <span class='ocrx_word' id='word_1_110' title='bbox 963 2457 1121 2544; x_wconf 91' lang='lat' dir='ltr'><strong>praetorii</strong></span> <span class='ocrx_word' id='word_1_111' title='bbox 1158 2457 1348 2544; x_wconf 87' lang='lat' dir='ltr'><strong>praelectus</strong></span> <span class='ocrx_word' id='word_1_112' title='bbox 1388 2455 1507 2520; x_wconf 68' lang='lat' dir='ltr'><strong>Aelius</strong></span> 
     </span>
     <span class='ocr_line' id='line_1_16' title="bbox 269 2562 1507 2652; baseline -0.001 -26"><span class='ocrx_word' id='word_1_113' title='bbox 269 2562 427 2632; x_wconf 81' lang='lat' dir='ltr'><strong>Seianus.</strong></span> <span class='ocrx_word' id='word_1_114' title='bbox 444 2563 572 2650; x_wconf 86' lang='lat' dir='ltr'><strong>collega</strong></span> <span class='ocrx_word' id='word_1_115' title='bbox 594 2564 753 2630; x_wconf 79' lang='lat' dir='ltr'><strong>Straboni</strong></span> <span class='ocrx_word' id='word_1_116' title='bbox 769 2564 856 2652; x_wconf 89' lang='lat' dir='ltr'><strong>patri</strong></span> <span class='ocrx_word' id='word_1_117' title='bbox 872 2588 934 2628; x_wconf 85' lang='lat' dir='ltr'><strong>suo</strong></span> <span class='ocrx_word' id='word_1_118' title='bbox 950 2563 1062 2638; x_wconf 66' lang='lat' dir='ltr'><strong>datus</strong></span> <span class='ocrx_word' id='word_1_119' title='bbox 1081 2588 1202 2651; x_wconf 87' lang='lat' dir='ltr'><strong>magna</strong></span> <span class='ocrx_word' id='word_1_120' title='bbox 1233 2563 1321 2651; x_wconf 89' lang='lat' dir='ltr'><strong>apud</strong></span> <span class='ocrx_word' id='word_1_121' title='bbox 1337 2564 1507 2628; x_wconf 87' lang='lat' dir='ltr'><strong>&#39;liberium</strong></span> 
     </span>
     <span class='ocr_line' id='line_1_17' title="bbox 268 2670 1503 2761; baseline 0 -27"><span class='ocrx_word' id='word_1_122' title='bbox 268 2671 482 2737; x_wconf 89' lang='lat' dir='ltr'><strong>auctoritate.</strong></span> <span class='ocrx_word' id='word_1_123' title='bbox 509 2710 551 2719; x_wconf 97' lang='lat'>—</span> <span class='ocrx_word' id='word_1_124' title='bbox 585 2695 613 2754; x_wconf 78' lang='lat' dir='ltr'><strong>r,</strong></span> <span class='ocrx_word' id='word_1_125' title='bbox 642 2670 697 2761; x_wconf 87' lang='lat'><strong>69.</strong></span> <span class='ocrx_word' id='word_1_126' title='bbox 722 2670 941 2736; x_wconf 61' lang='lat' dir='ltr'><strong>accendebat</strong></span> <span class='ocrx_word' id='word_1_127' title='bbox 970 2671 1050 2735; x_wconf 88' lang='lat' dir='ltr'><strong>haee</strong></span> <span class='ocrx_word' id='word_1_128' title='bbox 1080 2671 1308 2760; x_wconf 87' lang='lat' dir='ltr'><strong>onerabatque</strong></span> <span class='ocrx_word' id='word_1_129' title='bbox 1347 2671 1503 2736; x_wconf 74' lang='lat' dir='ltr'><strong>Seianus.</strong></span> 
     </span>
     <span class='ocr_line' id='line_1_18' title="bbox 270 2777 1508 2867; baseline -0.001 -24"><span class='ocrx_word' id='word_1_130' title='bbox 270 2778 391 2865; x_wconf 87' lang='lat' dir='ltr'><strong>peritia</strong></span> <span class='ocrx_word' id='word_1_131' title='bbox 411 2777 533 2844; x_wconf 85' lang='lat' dir='ltr'><strong>Tiberii</strong></span> <span class='ocrx_word' id='word_1_132' title='bbox 563 2802 696 2844; x_wconf 91' lang='lat' dir='ltr'><strong>morum</strong></span> <span class='ocrx_word' id='word_1_133' title='bbox 722 2779 798 2844; x_wconf 87' lang='lat' dir='ltr'><strong>odia</strong></span> <span class='ocrx_word' id='word_1_134' title='bbox 830 2780 861 2843; x_wconf 93' lang='lat' dir='ltr'><strong>in</strong></span> <span class='ocrx_word' id='word_1_135' title='bbox 882 2778 1023 2866; x_wconf 88' lang='lat' dir='ltr'><strong>longum</strong></span> <span class='ocrx_word' id='word_1_136' title='bbox 1054 2779 1190 2850; x_wconf 85' lang='lat' dir='ltr'><strong>iaciens,</strong></span> <span class='ocrx_word' id='word_1_137' title='bbox 1209 2802 1294 2867; x_wconf 89' lang='lat' dir='ltr'><strong>quae</strong></span> <span class='ocrx_word' id='word_1_138' title='bbox 1311 2777 1508 2843; x_wconf 91' lang='lat' dir='ltr'><strong>reconderet</strong></span> 
     </span>
     <span class='ocr_line' id='line_1_19' title="bbox 270 2885 1506 2975; baseline -0.002 -25"><span class='ocrx_word' id='word_1_139' title='bbox 270 2893 437 2975; x_wconf 81' lang='lat' dir='ltr'><strong>auctaque</strong></span> <span class='ocrx_word' id='word_1_140' title='bbox 466 2893 649 2974; x_wconf 90' lang='lat' dir='ltr'><strong>promeret.</strong></span> <span class='ocrx_word' id='word_1_141' title='bbox 667 2924 710 2937; x_wconf 95' lang='lat'>—</span> <span class='ocrx_word' id='word_1_142' title='bbox 732 2886 764 2965; x_wconf 81' lang='lat'><strong>3,</strong></span> <span class='ocrx_word' id='word_1_143' title='bbox 802 2888 851 2951; x_wconf 81' lang='lat' dir='ltr'><strong>iti.</strong></span> <span class='ocrx_word' id='word_1_144' title='bbox 871 2885 999 2952; x_wconf 65' lang='lat' dir='ltr'><strong>Audire</strong></span> <span class='ocrx_word' id='word_1_145' title='bbox 1034 2910 1086 2951; x_wconf 90' lang='lat' dir='ltr'><strong>me</strong></span> <span class='ocrx_word' id='word_1_146' title='bbox 1105 2886 1242 2951; x_wconf 90' lang='lat' dir='ltr'><strong>memini</strong></span> <span class='ocrx_word' id='word_1_147' title='bbox 1260 2911 1301 2950; x_wconf 87' lang='lat' dir='ltr'><strong>ex</strong></span> <span class='ocrx_word' id='word_1_148' title='bbox 1318 2885 1506 2951; x_wconf 86' lang='lat' dir='ltr'><strong>senioribus</strong></span> 
     </span>
     <span class='ocr_line' id='line_1_20' title="bbox 270 2992 1507 3082; baseline -0.001 -26"><span class='ocrx_word' id='word_1_149' title='bbox 270 2994 384 3058; x_wconf 82' lang='lat' dir='ltr'><strong>risum</strong></span> <span class='ocrx_word' id='word_1_150' title='bbox 404 2994 540 3082; x_wconf 87' lang='lat' dir='ltr'><strong>saepius</strong></span> <span class='ocrx_word' id='word_1_151' title='bbox 555 2996 777 3060; x_wconf 81' lang='lat' dir='ltr'><strong>intermunus</strong></span> <span class='ocrx_word' id='word_1_152' title='bbox 793 2993 888 3082; x_wconf 83' lang='lat' dir='ltr'><strong>(Cn.)</strong></span> <span class='ocrx_word' id='word_1_153' title='bbox 906 2994 1041 3058; x_wconf 86' lang='lat' dir='ltr'><strong>Pisonis</strong></span> <span class='ocrx_word' id='word_1_154' title='bbox 1053 2993 1264 3070; x_wconf 77' lang='lat' dir='ltr'><strong>libellum...</strong></span> <span class='ocrx_word' id='word_1_155' title='bbox 1283 2994 1410 3059; x_wconf 91' lang='lat' dir='ltr'><strong>amicos</strong></span> <span class='ocrx_word' id='word_1_156' title='bbox 1434 2992 1507 3058; x_wconf 84' lang='lat' dir='ltr'><strong>eius</strong></span> 
     </span>
     <span class='ocr_line' id='line_1_21' title="bbox 271 3099 1506 3168; baseline -0.001 -4"><span class='ocrx_word' id='word_1_157' title='bbox 271 3099 483 3167; x_wconf 84' lang='lat' dir='ltr'><strong>dictitavisse</strong></span> <span class='ocrx_word' id='word_1_158' title='bbox 496 3102 627 3168; x_wconf 88' lang='lat' dir='ltr'><strong>litteras</strong></span> <span class='ocrx_word' id='word_1_159' title='bbox 643 3102 668 3165; x_wconf 87' lang='grc' dir='ltr'><strong>Τ</strong></span> <span class='ocrx_word' id='word_1_160' title='bbox 671 3100 767 3167; x_wconf 93' lang='lat' dir='ltr'><strong>iberii</strong></span> <span class='ocrx_word' id='word_1_161' title='bbox 780 3109 813 3166; x_wconf 90' lang='lat' dir='ltr'><strong>et</strong></span> <span class='ocrx_word' id='word_1_162' title='bbox 840 3102 999 3166; x_wconf 87' lang='lat' dir='ltr'><strong>mandata</strong></span> <span class='ocrx_word' id='word_1_163' title='bbox 1017 3102 1051 3166; x_wconf 93' lang='lat' dir='ltr'><strong>in</strong></span> <span class='ocrx_word' id='word_1_164' title='bbox 1071 3102 1311 3166; x_wconf 86' lang='lat' dir='ltr'><strong>Germanicum</strong></span> <span class='ocrx_word' id='word_1_165' title='bbox 1341 3100 1506 3165; x_wconf 89' lang='lat' dir='ltr'><strong>contineri</strong></span> 
     </span>
     <span class='ocr_line' id='line_1_22' title="bbox 271 3208 1504 3299; baseline 0 -28"><span class='ocrx_word' id='word_1_166' title='bbox 271 3231 309 3272; x_wconf 88' lang='lat' dir='ltr'><strong>ac</strong></span> <span class='ocrx_word' id='word_1_167' title='bbox 334 3208 542 3275; x_wconf 87' lang='lat' dir='ltr'><strong>destinatum</strong></span> <span class='ocrx_word' id='word_1_168' title='bbox 572 3221 726 3298; x_wconf 89' lang='lat' dir='ltr'><strong>promere</strong></span> <span class='ocrx_word' id='word_1_169' title='bbox 750 3209 840 3298; x_wconf 89' lang='lat' dir='ltr'><strong>apud</strong></span> <span class='ocrx_word' id='word_1_170' title='bbox 868 3217 982 3298; x_wconf 87' lang='lat' dir='ltr'><strong>patres</strong></span> <span class='ocrx_word' id='word_1_171' title='bbox 1011 3210 1265 3299; x_wconf 87' lang='lat' dir='ltr'><strong>principemque</strong></span> <span class='ocrx_word' id='word_1_172' title='bbox 1296 3233 1446 3296; x_wconf 73' lang='lat' dir='ltr'><strong>arguere,</strong></span> <span class='ocrx_word' id='word_1_173' title='bbox 1471 3208 1504 3272; x_wconf 91' lang='lat' dir='ltr'><strong>ni</strong></span> 
     </span>
     <span class='ocr_line' id='line_1_23' title="bbox 269 3314 1506 3405; baseline 0 -27"><span class='ocrx_word' id='word_1_174' title='bbox 269 3314 386 3381; x_wconf 90' lang='lat' dir='ltr'><strong>elusus</strong></span> <span class='ocrx_word' id='word_1_175' title='bbox 412 3342 431 3382; x_wconf 92' lang='lat' dir='ltr'><strong>a</strong></span> <span class='ocrx_word' id='word_1_176' title='bbox 453 3317 574 3382; x_wconf 87' lang='lat' dir='ltr'><strong>Seiano</strong></span> <span class='ocrx_word' id='word_1_177' title='bbox 607 3340 666 3405; x_wconf 90' lang='lat' dir='ltr'><strong>per</strong></span> <span class='ocrx_word' id='word_1_178' title='bbox 694 3340 781 3382; x_wconf 90' lang='lat' dir='ltr'><strong>vana</strong></span> <span class='ocrx_word' id='word_1_179' title='bbox 808 3317 975 3404; x_wconf 88' lang='lat' dir='ltr'><strong>promissa</strong></span> <span class='ocrx_word' id='word_1_180' title='bbox 1005 3315 1101 3382; x_wconf 85' lang='lat' dir='ltr'><strong>toret.</strong></span> <span class='ocrx_word' id='word_1_181' title='bbox 1133 3356 1176 3365; x_wconf 93' lang='lat'>—</span> <span class='ocrx_word' id='word_1_182' title='bbox 1205 3317 1236 3388; x_wconf 71' lang='lat' dir='ltr'><strong>ll,</strong></span> <span class='ocrx_word' id='word_1_183' title='bbox 1257 3341 1309 3405; x_wconf 83' lang='lat'><strong>²9·</strong></span> <span class='ocrx_word' id='word_1_184' title='bbox 1341 3316 1506 3381; x_wconf 61' lang='lat' dir='ltr'><strong>Adversis</strong></span> 
     </span>
     <span class='ocr_line' id='line_1_24' title="bbox 271 3422 1504 3513; baseline 0.003 -27"><span class='ocrx_word' id='word_1_185' title='bbox 271 3422 394 3488; x_wconf 89' lang='lat' dir='ltr'><strong>animis</strong></span> <span class='ocrx_word' id='word_1_186' title='bbox 423 3433 611 3513; x_wconf 88' lang='lat' dir='ltr'><strong>acceptum.</strong></span> <span class='ocrx_word' id='word_1_187' title='bbox 634 3423 724 3513; x_wconf 89' lang='lat' dir='ltr'><strong>quod</strong></span> <span class='ocrx_word' id='word_1_188' title='bbox 753 3422 822 3487; x_wconf 90' lang='lat' dir='ltr'><strong>lilio</strong></span> <span class='ocrx_word' id='word_1_189' title='bbox 848 3423 981 3488; x_wconf 84' lang='lat' dir='ltr'><strong>Claudii</strong></span> <span class='ocrx_word' id='word_1_190' title='bbox 997 3448 1092 3489; x_wconf 89' lang='lat' dir='ltr'><strong>socer</strong></span> <span class='ocrx_word' id='word_1_191' title='bbox 1107 3425 1249 3489; x_wconf 86' lang='lat' dir='ltr'><strong>Seianus</strong></span> <span class='ocrx_word' id='word_1_192' title='bbox 1265 3423 1504 3491; x_wconf 86' lang='lat' dir='ltr'><strong>destinaretur.</strong></span> 
     </span>
     <span class='ocr_line' id='line_1_25' title="bbox 273 3529 1508 3620; baseline 0.003 -27"><span class='ocrx_word' id='word_1_193' title='bbox 273 3529 441 3597; x_wconf 87' lang='lat' dir='ltr'><strong>Polluisse</strong></span> <span class='ocrx_word' id='word_1_194' title='bbox 458 3531 670 3597; x_wconf 88' lang='lat' dir='ltr'><strong>nobilitatem</strong></span> <span class='ocrx_word' id='word_1_195' title='bbox 685 3531 833 3596; x_wconf 80' lang='lat' dir='ltr'><strong>familiae</strong></span> <span class='ocrx_word' id='word_1_196' title='bbox 853 3530 1032 3595; x_wconf 89' lang='lat' dir='ltr'><strong>videbatur</strong></span> <span class='ocrx_word' id='word_1_197' title='bbox 1047 3530 1229 3619; x_wconf 87' lang='lat' dir='ltr'><strong>(Tiberius)</strong></span> <span class='ocrx_word' id='word_1_198' title='bbox 1247 3540 1508 3620; x_wconf 87' lang='lat' dir='ltr'><strong>suspectumque</strong></span> 
     </span>
     <span class='ocr_line' id='line_1_26' title="bbox 272 3638 1508 3728; baseline 0.002 -27"><span class='ocrx_word' id='word_1_199' title='bbox 272 3638 338 3703; x_wconf 92' lang='lat' dir='ltr'><strong>iam</strong></span> <span class='ocrx_word' id='word_1_200' title='bbox 366 3641 490 3706; x_wconf 91' lang='lat' dir='ltr'><strong>nimiae</strong></span> <span class='ocrx_word' id='word_1_201' title='bbox 515 3640 587 3728; x_wconf 90' lang='lat' dir='ltr'><strong>spei</strong></span> <span class='ocrx_word' id='word_1_202' title='bbox 620 3639 782 3704; x_wconf 90' lang='lat' dir='ltr'><strong>Seianum</strong></span> <span class='ocrx_word' id='word_1_203' title='bbox 809 3638 899 3704; x_wconf 90' lang='lat' dir='ltr'><strong>ultra</strong></span> <span class='ocrx_word' id='word_1_204' title='bbox 919 3639 1095 3705; x_wconf 89' lang='lat' dir='ltr'><strong>extulisse.</strong></span> <span class='ocrx_word' id='word_1_205' title='bbox 1115 3678 1151 3689; x_wconf 98' lang='lat'>-</span> <span class='ocrx_word' id='word_1_206' title='bbox 1185 3641 1215 3708; x_wconf 83' lang='lat'><strong>3.</strong></span> <span class='ocrx_word' id='word_1_207' title='bbox 1250 3639 1303 3703; x_wconf 80' lang='lat'><strong>35.</strong></span> <span class='ocrx_word' id='word_1_208' title='bbox 1342 3639 1508 3705; x_wconf 86' lang='lat' dir='ltr'><strong>lntentius</strong></span> 
     </span>
     <span class='ocr_line' id='line_1_27' title="bbox 274 3745 1507 3835; baseline 0 -24"><span class='ocrx_word' id='word_1_209' title='bbox 274 3757 459 3815; x_wconf 80' lang='lat' dir='ltr'><strong>excusante</strong></span> <span class='ocrx_word' id='word_1_210' title='bbox 476 3771 512 3813; x_wconf 91' lang='lat' dir='ltr'><strong>se</strong></span> <span class='ocrx_word' id='word_1_211' title='bbox 527 3747 610 3831; x_wconf 73' lang='grc' dir='ltr'><strong>(Μ’)</strong></span> <span class='ocrx_word' id='word_1_212' title='bbox 631 3745 758 3834; x_wconf 90' lang='lat' dir='ltr'><strong>Lepido</strong></span> <span class='ocrx_word' id='word_1_213' title='bbox 779 3747 872 3822; x_wconf 82' lang='lat' dir='ltr'><strong>tcum</strong></span> <span class='ocrx_word' id='word_1_214' title='bbox 891 3746 933 3811; x_wconf 92' lang='lat' dir='ltr'><strong>de</strong></span> <span class='ocrx_word' id='word_1_215' title='bbox 959 3770 1018 3834; x_wconf 94' lang='lat' dir='ltr'><strong>pro</strong></span> <span class='ocrx_word' id='word_1_216' title='bbox 1045 3747 1185 3812; x_wconf 90' lang='lat' dir='ltr'><strong>consule</strong></span> <span class='ocrx_word' id='word_1_217' title='bbox 1206 3747 1342 3812; x_wconf 72' lang='lat' dir='ltr'><strong>Africae</strong></span> <span class='ocrx_word' id='word_1_218' title='bbox 1362 3747 1507 3835; x_wconf 88' lang='lat' dir='ltr'><strong>legendo</strong></span> 
     </span>
     <span class='ocr_line' id='line_1_28' title="bbox 272 3853 1507 3948; baseline -0.007 -22"><span class='ocrx_word' id='word_1_219' title='bbox 272 3860 502 3948; x_wconf 84' lang='lat' dir='ltr'><strong>ageretur)....</strong></span> <span class='ocrx_word' id='word_1_220' title='bbox 531 3853 854 3944; x_wconf 89' lang='lat' dir='ltr'><strong>intellegereturque</strong></span> <span class='ocrx_word' id='word_1_221' title='bbox 892 3855 993 3919; x_wconf 87' lang='lat' dir='ltr'><strong>etiarn</strong></span> <span class='ocrx_word' id='word_1_222' title='bbox 1022 3856 1113 3943; x_wconf 88' lang='lat' dir='ltr'><strong>quod</strong></span> <span class='ocrx_word' id='word_1_223' title='bbox 1146 3854 1280 3937; x_wconf 84' lang='lat' dir='ltr'><strong>silebat,</strong></span> <span class='ocrx_word' id='word_1_224' title='bbox 1298 3854 1507 3920; x_wconf 88' lang='lat' dir='ltr'><strong>avunculum</strong></span> 
     </span>
     <span class='ocr_line' id='line_1_29' title="bbox 272 3960 1505 4052; baseline -0.006 -18"><span class='ocrx_word' id='word_1_225' title='bbox 272 3993 346 4034; x_wconf 91' lang='lat' dir='ltr'><strong>esse</strong></span> <span class='ocrx_word' id='word_1_226' title='bbox 359 3964 475 4030; x_wconf 78' lang='lat' dir='ltr'><strong>Seiani</strong></span> <span class='ocrx_word' id='word_1_227' title='bbox 491 3960 655 4050; x_wconf 83' lang='lat' dir='ltr'><strong>(lunium)</strong></span> <span class='ocrx_word' id='word_1_228' title='bbox 674 3962 831 4028; x_wconf 77' lang='lat' dir='ltr'><strong>lllaesum</strong></span> <span class='ocrx_word' id='word_1_229' title='bbox 860 3971 963 4050; x_wconf 89' lang='lat' dir='ltr'><strong>atque</strong></span> <span class='ocrx_word' id='word_1_230' title='bbox 993 3987 1031 4029; x_wconf 92' lang='lat' dir='ltr'><strong>eo</strong></span> <span class='ocrx_word' id='word_1_231' title='bbox 1060 3962 1307 4052; x_wconf 84' lang='lat' dir='ltr'><strong>praevalidum.</strong></span> <span class='ocrx_word' id='word_1_232' title='bbox 1327 3964 1418 4043; x_wconf 84' lang='lat'><strong>-3,</strong></span> <span class='ocrx_word' id='word_1_233' title='bbox 1450 3961 1505 4026; x_wconf 87' lang='grc'><strong>66.</strong></span> 
     </span>
     <span class='ocr_line' id='line_1_30' title="bbox 274 4069 1507 4150; baseline -0.003 -12"><span class='ocrx_word' id='word_1_234' title='bbox 274 4075 370 4140; x_wconf 91' lang='lat' dir='ltr'><strong>lunio</strong></span> <span class='ocrx_word' id='word_1_235' title='bbox 404 4071 530 4138; x_wconf 82' lang='lat' dir='ltr'><strong>tlthoni</strong></span> <span class='ocrx_word' id='word_1_236' title='bbox 564 4069 766 4136; x_wconf 91' lang='lat' dir='ltr'><strong>litterarium</strong></span> <span class='ocrx_word' id='word_1_237' title='bbox 797 4070 914 4135; x_wconf 91' lang='lat' dir='ltr'><strong>ludum</strong></span> <span class='ocrx_word' id='word_1_238' title='bbox 945 4094 1100 4136; x_wconf 84' lang='lat' dir='ltr'><strong>exercere</strong></span> <span class='ocrx_word' id='word_1_239' title='bbox 1119 4080 1217 4137; x_wconf 83' lang='lat' dir='ltr'><strong>vetus</strong></span> <span class='ocrx_word' id='word_1_240' title='bbox 1247 4071 1404 4150; x_wconf 90' lang='lat' dir='ltr'><strong>arsluit;</strong></span> <span class='ocrx_word' id='word_1_241' title='bbox 1428 4092 1507 4135; x_wconf 88' lang='lat' dir='ltr'><strong>mox</strong></span> 
     </span>
     <span class='ocr_line' id='line_1_31' title="bbox 272 4175 1507 4269; baseline -0.008 -20"><span class='ocrx_word' id='word_1_242' title='bbox 272 4181 385 4249; x_wconf 89' lang='lat' dir='ltr'><strong>Seiani</strong></span> <span class='ocrx_word' id='word_1_243' title='bbox 407 4178 557 4269; x_wconf 88' lang='lat' dir='ltr'><strong>potentia</strong></span> <span class='ocrx_word' id='word_1_244' title='bbox 583 4185 759 4244; x_wconf 88' lang='lat' dir='ltr'><strong>senator...</strong></span> <span class='ocrx_word' id='word_1_245' title='bbox 781 4215 827 4228; x_wconf 93' lang='lat'>-</span> <span class='ocrx_word' id='word_1_246' title='bbox 843 4179 874 4259; x_wconf 87' lang='lat'><strong>3,</strong></span> <span class='ocrx_word' id='word_1_247' title='bbox 903 4203 956 4266; x_wconf 89' lang='lat'><strong>7²·</strong></span> <span class='ocrx_word' id='word_1_248' title='bbox 986 4178 1317 4267; x_wconf 83' lang='lat' dir='ltr'><strong>l‘onrpeiitheatrum</strong></span> <span class='ocrx_word' id='word_1_249' title='bbox 1337 4178 1415 4264; x_wconf 89' lang='lat' dir='ltr'><strong>igne</strong></span> <span class='ocrx_word' id='word_1_250' title='bbox 1439 4175 1507 4239; x_wconf 89' lang='lat' dir='ltr'><strong>lor-</strong></span> 
     </span>
     <span class='ocr_line' id='line_1_32' title="bbox 271 4284 1504 4375; baseline -0.005 -18"><span class='ocrx_word' id='word_1_251' title='bbox 271 4291 357 4357; x_wconf 90' lang='lat' dir='ltr'><strong>tuito</strong></span> <span class='ocrx_word' id='word_1_252' title='bbox 387 4288 547 4353; x_wconf 89' lang='lat' dir='ltr'><strong>haustum</strong></span> <span class='ocrx_word' id='word_1_253' title='bbox 572 4284 754 4374; x_wconf 84' lang='lat' dir='ltr'><strong>(Tiberius)</strong></span> <span class='ocrx_word' id='word_1_254' title='bbox 781 4287 906 4351; x_wconf 70' lang='lat' dir='ltr'><strong>Caesar</strong></span> <span class='ocrx_word' id='word_1_255' title='bbox 927 4294 1180 4352; x_wconf 87' lang='lat' dir='ltr'><strong>exstructurum</strong></span> <span class='ocrx_word' id='word_1_256' title='bbox 1209 4286 1381 4375; x_wconf 88' lang='lat' dir='ltr'><strong>pollicitus</strong></span> <span class='ocrx_word' id='word_1_257' title='bbox 1411 4291 1504 4351; x_wconf 89' lang='lat' dir='ltr'><strong>est...</strong></span> 
     </span>
     <span class='ocr_line' id='line_1_33' title="bbox 273 4392 1506 4483; baseline -0.006 -20"><span class='ocrx_word' id='word_1_258' title='bbox 273 4395 383 4462; x_wconf 83' lang='lat' dir='ltr'><strong>Simul</strong></span> <span class='ocrx_word' id='word_1_259' title='bbox 409 4392 569 4459; x_wconf 86' lang='lat' dir='ltr'><strong>laudibus</strong></span> <span class='ocrx_word' id='word_1_260' title='bbox 582 4392 743 4458; x_wconf 89' lang='lat' dir='ltr'><strong>Seianum</strong></span> <span class='ocrx_word' id='word_1_261' title='bbox 764 4392 900 4468; x_wconf 86' lang='lat' dir='ltr'><strong>extulit.</strong></span> <span class='ocrx_word' id='word_1_262' title='bbox 921 4401 1093 4483; x_wconf 89' lang='lat' dir='ltr'><strong>tamquam</strong></span> <span class='ocrx_word' id='word_1_263' title='bbox 1113 4394 1230 4460; x_wconf 91' lang='lat' dir='ltr'><strong>labore</strong></span> <span class='ocrx_word' id='word_1_264' title='bbox 1264 4393 1506 4481; x_wconf 71' lang='lat' dir='ltr'><strong>vigilantiaque</strong></span> 
     </span>
     <span class='ocr_line' id='line_1_34' title="bbox 271 4499 1507 4589; baseline -0.006 -19"><span class='ocrx_word' id='word_1_265' title='bbox 271 4505 344 4570; x_wconf 88' lang='lat' dir='ltr'><strong>eius</strong></span> <span class='ocrx_word' id='word_1_266' title='bbox 359 4509 454 4569; x_wconf 88' lang='lat' dir='ltr'><strong>tanta</strong></span> <span class='ocrx_word' id='word_1_267' title='bbox 470 4501 522 4565; x_wconf 80' lang='lat' dir='ltr'><strong>ris</strong></span> <span class='ocrx_word' id='word_1_268' title='bbox 536 4523 642 4566; x_wconf 92' lang='lat' dir='ltr'><strong>unum</strong></span> <span class='ocrx_word' id='word_1_269' title='bbox 665 4500 752 4566; x_wconf 90' lang='lat' dir='ltr'><strong>intra</strong></span> <span class='ocrx_word' id='word_1_270' title='bbox 767 4499 930 4565; x_wconf 86' lang='lat' dir='ltr'><strong>damnum</strong></span> <span class='ocrx_word' id='word_1_271' title='bbox 951 4503 1113 4569; x_wconf 88' lang='lat' dir='ltr'><strong>stetisset.</strong></span> <span class='ocrx_word' id='word_1_272' title='bbox 1142 4502 1185 4568; x_wconf 85' lang='lat' dir='ltr'><strong>Et</strong></span> <span class='ocrx_word' id='word_1_273' title='bbox 1218 4526 1378 4568; x_wconf 90' lang='lat' dir='ltr'><strong>censuere</strong></span> <span class='ocrx_word' id='word_1_274' title='bbox 1394 4509 1507 4589; x_wconf 91' lang='lat' dir='ltr'><strong>patres</strong></span> 
     </span>
     <span class='ocr_line' id='line_1_35' title="bbox 272 4608 1506 4699; baseline -0.004 -22"><span class='ocrx_word' id='word_1_275' title='bbox 272 4611 420 4699; x_wconf 83' lang='lat' dir='ltr'><strong>effigiem</strong></span> <span class='ocrx_word' id='word_1_276' title='bbox 439 4609 575 4686; x_wconf 77' lang='lat' dir='ltr'><strong>Seiam,</strong></span> <span class='ocrx_word' id='word_1_277' title='bbox 602 4630 688 4696; x_wconf 90' lang='lat' dir='ltr'><strong>quac</strong></span> <span class='ocrx_word' id='word_1_278' title='bbox 715 4608 805 4696; x_wconf 89' lang='lat' dir='ltr'><strong>apud</strong></span> <span class='ocrx_word' id='word_1_279' title='bbox 825 4609 994 4675; x_wconf 88' lang='lat' dir='ltr'><strong>theatrum</strong></span> <span class='ocrx_word' id='word_1_280' title='bbox 1016 4610 1169 4699; x_wconf 90' lang='lat' dir='ltr'><strong>Pompeii</strong></span> <span class='ocrx_word' id='word_1_281' title='bbox 1184 4610 1363 4677; x_wconf 85' lang='lat' dir='ltr'><strong>locaretur.</strong></span> <span class='ocrx_word' id='word_1_282' title='bbox 1388 4608 1506 4696; x_wconf 80' lang='lat' dir='ltr'><strong>Neque</strong></span> 
     </span>
    </p>
   </div>
   <div class='ocr_carea' id='block_1_3' title="bbox 258 4823 1296 5131">
    <p class='ocr_par' dir='ltr' id='par_1_6' title="bbox 258 4823 1296 4968">
     <span class='ocr_line' id='line_1_36' title="bbox 258 4823 1296 4892; baseline 0.002 -17"><span class='ocrx_word' id='word_1_283' title='bbox 258 4825 268 4862; x_wconf 83' lang='lat'><strong>¹</strong></span> <span class='ocrx_word' id='word_1_284' title='bbox 287 4824 333 4880; x_wconf 68' lang='lat' dir='ltr'><strong>fl:</strong></span> <span class='ocrx_word' id='word_1_285' title='bbox 350 4823 426 4874; x_wconf 75' lang='lat' dir='ltr'><strong>aelii.</strong></span> <span class='ocrx_word' id='word_1_286' title='bbox 443 4824 520 4873; x_wconf 84' lang='lat' dir='ltr'><strong>Corr.</strong></span> <span class='ocrx_word' id='word_1_287' title='bbox 537 4823 655 4887; x_wconf 83' lang='lat' dir='ltr'><strong>Lipsius,</strong></span> <span class='ocrx_word' id='word_1_288' title='bbox 673 4826 736 4888; x_wconf 87' lang='lat' dir='ltr'><strong>quia</strong></span> <span class='ocrx_word' id='word_1_289' title='bbox 754 4826 846 4876; x_wconf 71' lang='lat' dir='ltr'><strong>Aeliae</strong></span> <span class='ocrx_word' id='word_1_290' title='bbox 861 4828 950 4889; x_wconf 77' lang='lat' dir='ltr'><strong>gentis</strong></span> <span class='ocrx_word' id='word_1_291' title='bbox 964 4828 1057 4876; x_wconf 86' lang='lat' dir='ltr'><strong>Gallus</strong></span> <span class='ocrx_word' id='word_1_292' title='bbox 1072 4845 1221 4892; x_wconf 80' lang='lat' dir='ltr'><strong>cognomen</strong></span> <span class='ocrx_word' id='word_1_293' title='bbox 1238 4831 1296 4879; x_wconf 85' lang='lat' dir='ltr'><strong>tait.</strong></span> 
     </span>
     <span class='ocr_line' id='line_1_37' title="bbox 259 4904 662 4968; baseline 0.007 -16"><span class='ocrx_word' id='word_1_294' title='bbox 259 4908 271 4943; x_wconf 80' lang='lat'>²</span> <span class='ocrx_word' id='word_1_295' title='bbox 287 4906 319 4955; x_wconf 67' lang='grc' dir='ltr'><strong>Υ.</strong></span> <span class='ocrx_word' id='word_1_296' title='bbox 337 4907 432 4965; x_wconf 85' lang='lat' dir='ltr'><strong>ctiam,</strong></span> <span class='ocrx_word' id='word_1_297' title='bbox 447 4914 471 4965; x_wconf 67' lang='grc'><strong>4,</strong></span> <span class='ocrx_word' id='word_1_298' title='bbox 486 4906 510 4962; x_wconf 74' lang='lat' dir='ltr'><strong>(t,</strong></span> <span class='ocrx_word' id='word_1_299' title='bbox 522 4904 568 4968; x_wconf 78' lang='lat'><strong>393</strong></span> <span class='ocrx_word' id='word_1_300' title='bbox 580 4906 605 4962; x_wconf 81' lang='grc'><strong>6,</strong></span> <span class='ocrx_word' id='word_1_301' title='bbox 622 4905 662 4955; x_wconf 73' lang='grc'><strong>30.</strong></span> 
     </span>
    </p>

    <p class='ocr_par' dir='ltr' id='par_1_7' title="bbox 260 4985 740 5047">
     <span class='ocr_line' id='line_1_38' title="bbox 260 4985 740 5047; baseline -0.002 -12"><span class='ocrx_word' id='word_1_302' title='bbox 260 4987 271 5020; x_wconf 77' lang='lat'><strong>³¹</strong></span> <span class='ocrx_word' id='word_1_303' title='bbox 287 4986 315 5036; x_wconf 87' lang='lat' dir='ltr'><strong>L.</strong></span> <span class='ocrx_word' id='word_1_304' title='bbox 329 4987 423 5036; x_wconf 74' lang='lat' dir='ltr'><strong>Aelius</strong></span> <span class='ocrx_word' id='word_1_305' title='bbox 437 4986 537 5035; x_wconf 83' lang='lat' dir='ltr'><strong>Lnrnia.</strong></span> <span class='ocrx_word' id='word_1_306' title='bbox 550 4985 671 5043; x_wconf 66' lang='lat' dir='ltr'><strong>Pansam,</strong></span> <span class='ocrx_word' id='word_1_307' title='bbox 686 4996 740 5047; x_wconf 66' lang='lat' dir='ltr'><strong>rtq.</strong></span> 
     </span>
    </p>

    <p class='ocr_par' dir='ltr' id='par_1_8' title="bbox 261 5065 771 5131">
     <span class='ocr_line' id='line_1_39' title="bbox 261 5065 771 5131; baseline -0.002 -16"><span class='ocrx_word' id='word_1_308' title='bbox 261 5066 314 5116; x_wconf 72' lang='lat'><strong>⁴1..</strong></span> <span class='ocrx_word' id='word_1_309' title='bbox 330 5069 423 5117; x_wconf 79' lang='lat' dir='ltr'><strong>,tetius</strong></span> <span class='ocrx_word' id='word_1_310' title='bbox 437 5067 561 5122; x_wconf 82' lang='lat' dir='ltr'><strong>Seianus.</strong></span> <span class='ocrx_word' id='word_1_311' title='bbox 577 5065 702 5128; x_wconf 72' lang='lat' dir='ltr'><strong>Piraeon,</strong></span> <span class='ocrx_word' id='word_1_312' title='bbox 720 5069 771 5131; x_wconf 72' lang='lat'><strong>176.</strong></span> 
     </span>
    </p>
   </div>
   <div class='ocr_carea' id='block_1_4' title="bbox 294 5153 692 5208">
    <p class='ocr_par' dir='ltr' id='par_1_9' title="bbox 294 5153 692 5208">
     <span class='ocr_line' id='line_1_40' title="bbox 294 5153 692 5208; baseline -0.008 -1"><span class='ocrx_word' id='word_1_313' title='bbox 294 5156 375 5207; x_wconf 74' lang='lat' dir='ltr'><strong>Usrv.</strong></span> <span class='ocrx_word' id='word_1_314' title='bbox 391 5171 426 5207; x_wconf 75' lang='lat' dir='ltr'><strong>ms</strong></span> <span class='ocrx_word' id='word_1_315' title='bbox 442 5157 528 5208; x_wconf 68' lang='lat' dir='ltr'><strong>Laos.</strong></span> <span class='ocrx_word' id='word_1_316' title='bbox 545 5183 576 5197; x_wconf 95' lang='lat'>-</span> <span class='ocrx_word' id='word_1_317' title='bbox 593 5153 692 5206; x_wconf 63' lang='lat' dir='ltr'><strong>Fcere.</strong></span> 
     </span>
    </p>
   </div>
   <div class='ocr_carea' id='block_1_5' title="bbox 0 0 1872 6228">
    <p class='ocr_par' dir='ltr' id='par_1_10' title="bbox 0 0 1872 6228">
     <span class='ocr_line' id='line_1_41' title="bbox 0 0 1872 6228; baseline 0 0"><span class='ocrx_word' id='word_1_318' title='bbox 0 0 1872 6228; x_wconf 95' lang='lat' dir='ltr'><strong> </strong></span> 
     </span>
    </p>
   </div>
  </div>
 </body>
</html>
