3709 6234
778 843 827 896 ca.
858 843 1017 898 POMPEIVS
1484 841 1535 904 551

302 987 526 1064 bantur..,-
541 984 573 1066 3,
597 987 651 1051 28.
681 984 743 1053 Cn.
776 985 970 1074 PompeiuS,
1006 985 1143 1051 tertium
1176 984 1538 1073 consul'corrigendis

304 1093 455 1159 moribus
475 1093 626 1159 delectus
642 1100 676 1159 et
690 1093 826 1181 gravior
852 1092 1020 1172 remediis,
1053 1116 1154 1182 quam
1179 1092 1301 1159 delicta
1334 1100 1441 1174 erant,
1463 1115 1539 1158 sua·

304 1225 445 1291 rumque
465 1200 578 1289 legum
598 1208 714 1267 auctor
729 1200 819 1266 idern
839 1224 878 1266 ac
894 1199 1088 1283 subversor,
1115 1223 1201 1290 quae
1227 1200 1330 1266 armis
1367 1200 1535 1282 tuebatur,

304 1309 406 1376 armis
430 1309 556 1375 amisit.
572 1347 615 1358 -
632 1308 663 1389 3,
680 1333 733 1397 72.
753 1307 904 1397 Pompeii
920 1307 1087 1374 theatrum
1107 1308 1185 1394 igne
1214 1307 1351 1374 fortuito
1379 1307 1538 1376 haustum

304 1418 429 1484 Caesar
443 1424 695 1482 exstructurum
722 1416 894 1505 pollicitus
914 1425 978 1494 est,
999 1439 1038 1481 eo
1053 1415 1144 1504 quod
1165 1439 1264 1482 nemo
1287 1439 1304 1482 e
1337 1415 1466 1483 familia
1489 1441 1540 1484 re·

305 1524 487 1591 staurando
508 1523 689 1608 sufficeret,
703 1531 860 1590 manente
875 1532 988 1590 tamen
1001 1524 1138 1589 nomine
1154 1523 1318 1612 Pompeii.
1339 1523 1447 1590 Simul
1462 1523 1539 1591 lau·

305 1632 573 1699 dibusSeianum
594 1631 727 1713 extulit,
750 1639 924 1720 tamquam
951 1629 1065 1697 labore
1080 1630 1323 1721 vigilantiaque
1354 1632 1426 1698 eius
1445 1639 1541 1699 tanta

305 1741 476 1807 visunum
494 1741 582 1806 intra
603 1740 765 1805 damnum
796 1739 959 1805 stetisset.
1001 1739 1044 1805 Et
1066 1761 1225 1804 censuere
1256 1746 1370 1828 patres
1392 1739 1539 1826 effigiem

305 1849 438 1925 Seiano,
457 1870 543 1936 quae
559 1845 649 1936 apud
668 1847 838 1912 theatrum
861 1846 1012 1934 Pompeii
1040 1846 1219 1914 locaretur.
1251 1884 1294 1896 -
1313 1849 1346 1924 ά,
1369 1871 1401 1939 7.
1430 1845 1540 1936 (Que-

304 1957 389 2023 ritur
406 1957 551 2042 Drusus)
567 1983 583 2016 a
605 2004 625 2021 ..
636 1954 738 2020 cerni
755 1953 902 2041 effigiem
918 1953 1058 2043 (Seiani)
1073 1954 1107 2019 in
1123 1954 1340 2021 monimentis
1356 1954 1420 2021 Cn.
1438 1955 1540 2021 Pom·

305 2064 371 2153 peii
394 2092 423 2131 υ.
437 2066 519 2143 -4,
534 2061 586 2139 34.
606 2062 788 2150 (Loquitur
800 2062 993 2128 Cremutius
1009 2061 1154 2150 Cordus)
1186 2087 1248 2130 a...
1267 2061 1363 2128 Titus
1380 2061 1536 2132 Livius...

307 2173 368 2239 Cn.
387 2171 584 2259 Pompeium
600 2170 703 2236 tantis
723 2168 881 2234 laudibus
897 2168 986 2248 tulit,
1004 2177 1043 2235 ut
1058 2170 1302 2257 Pompeianum
1315 2193 1391 2236 eum
1402 2171 1540 2258 Augus·

307 2289 361 2348 tus
381 2277 607 2368 appellaret...
625 2306 640 2338 a
656 2315 695 2329 -
709 2276 742 2358 6,
761 2278 811 2344 18.
828 2277 952 2343 Datum
969 2285 1039 2343 erat
1050 2277 1194 2356 crimini,
1209 2277 1300 2368 quod
1312 2277 1540 2366 Theophanen

306 2387 553 2476 Mytilenaeum
568 2409 732 2474 proavum
754 2384 949 2473 (Pompeiae
969 2385 1140 2452 Macrinae
1163 2385 1343 2474 fratrisque
1359 2386 1446 2474 eius)
1474 2385 1538 2454 Cn.

306 2496 452 2584 Magnus
482 2494 569 2559 inter
589 2493 727 2558 intimos
742 2492 926 2559 habuisset.
945 2532 989 2542 —
1009 2517 1059 2575 ra,
1086 2492 1141 2560 62.
1160 2493 1354 2581 Byzantii...
1385 2492 1539 2582 (auxilia)

305 2601 549 2681 memorabant,
577 2623 704 2688 quae...
735 2599 849 2667 Sullae
875 2607 932 2666 aut
954 2600 1095 2666 Lucullo
1114 2608 1174 2667 aut
1197 2600 1360 2690 Pompeio
1390 2598 1541 2667 obtulis-

304 2719 390 2778 sent.
413 2747 454 2758 -
479 2707 530 2788 13,
548 2707 580 2773 6.
599 2736 614 2769 a
632 2708 830 2795 Imperatori
856 2707 1010 2796 (Neroni)
1038 2717 1203 2797 quantum
1219 2707 1262 2774 ad
1277 2707 1379 2775 robur
1405 2707 1537 2790 deesse,

304 2844 380 2885 eum
396 2825 515 2883 octavo
531 2815 662 2880 decimo
692 2816 813 2881 aetatis
840 2839 928 2880 anno
960 2814 1024 2881 Cn.
1060 2815 1254 2904 Pompeius,
1290 2840 1380 2882 nono
1409 2815 1540 2882 decimo

305 2927 429 2993 Caesar
449 2922 656 2988 Octavianus
671 2920 784 2986 civilia
808 2920 897 2986 bella
917 2921 1161 2987 sustinuerint?
1178 2949 1194 2981 »
1215 2961 1258 2972 -
1290 2922 1339 3000 13,
1370 2920 1424 2999 34.
1459 2921 1540 2988 Cor·

305 3032 385 3099 bulo
396 3032 536 3119 dignum
561 3027 792 3116 magnitudine
813 3027 930 3116 populi
951 3027 1097 3094 Romani
1125 3027 1261 3094 rebatur
1289 3036 1384 3118 parta
1411 3028 1491 3094 olim
1520 3054 1539 3096 a

305 3138 447 3207 Lucullo
461 3136 689 3225 Pompeioque
705 3137 863 3224 recipere.
891 3137 1002 3218 -13,
1020 3137 1074 3212 54.
1093 3134 1185 3202 Inter
1204 3159 1254 3218 ea,
1272 3159 1358 3226 quae
1386 3135 1539 3202 barbaris

304 3252 530 3325 ostentantur,
569 3245 736 3310 intravere
768 3243 936 3332 (Verritus
967 3251 1001 3309 et
1032 3243 1179 3309 Malorix
1202 3243 1305 3309 duces
1340 3244 1538 3330 Frisiorum)

306 3354 458 3442 Pompeii
481 3352 663 3431 theatrum,
694 3375 760 3440 quo
789 3350 1057 3437 magnitudinem
1086 3351 1202 3439 populi
1232 3352 1422 3423 viserent...
1449 3352 1538 3417 Dum

303 3483 502 3529 eoncessum
518 3483 652 3540 caveae,
665 3458 859 3524 discrimina
883 3458 1053 3538 ordinum,
1072 3459 1149 3547 quis
1164 3482 1279 3547 eques,
1306 3457 1363 3524 ubi
1386 3467 1536 3541 senatus,

304 3577 585 3660 percontantur...
608 3605 651 3617 -
676 3570 724 3643 ll,
749 3590 800 3631 20.
820 3565 925 3631 Erant
940 3565 998 3655 qui
1009 3566 1072 3633 Cn.
1090 3590 1224 3656 quoque
1239 3567 1539 3655 Ponmeiumincu·

305 3686 415 3743 satum
435 3701 453 3740 a
467 3673 656 3740 senioribus
672 3673 807 3754 ferrent,
823 3673 913 3761 quod
928 3696 1122 3740 mansuram
1135 3675 1258 3740 theatri
1273 3673 1388 3741 sedem
1403 3675 1538 3764 posuis·

304 3795 367 3853 set.
384 3823 429 3836 -
453 3786 502 3860 15,
522 3785 574 3849 25.
594 3782 632 3848 ln
653 3790 784 3848 tantum
802 3781 905 3847 ferme
918 3782 1056 3848 modum
1071 3793 1170 3849 aucta
1182 3784 1417 3872 (Corbulonis)
1427 3792 1538 3872 potes·

308 3903 385 3973 tate,
413 3916 513 3983 quern
537 3890 683 3980 populus
704 3891 878 3955 llomanus
905 3890 968 3956 Cn.
1005 3891 1167 3980 Pompeio
1188 3891 1315 3958 bellum
1359 3892 1536 3980 piraticum

305 4011 442 4091 gesturo
456 4000 606 4065 dederat.
624 4037 668 4047 —
691 3997 717 4077 Ι,
744 3998 794 4064 15.
812 3997 933 4078 Galba,
950 3998 1158 4087 adprehensa
1185 4000 1318 4065 Pisonis
1343 4000 1539 4088 (Liciniani)

305 4133 419 4190 manu,
434 4110 468 4172 in
481 4105 717 4172 hurrcmodum
731 4105 864 4171 locutus
881 4106 986 4172 fertur
1009 4128 1047 4171 z«
1064 4106 1099 4172 Si
1116 4115 1147 4173 te
1171 4107 1365 4196 privatus...
1397 4107 1537 4198 adopta·

305 4242 388 4298 rem,
404 4224 437 4281 et
452 4215 533 4279 mihi
545 4215 718 4303 egregium
742 4221 813 4279 erat
833 4213 895 4279 Cn.
915 4214 923 4253 ¹
946 4213 1098 4302 Pompeii
1110 4223 1143 4280 et
1170 4214 1218 4280 M.
1246 4215 1360 4280 Crassi
1384 4215 1537 4282 subolem

303 4325 337 4389 in
357 4331 496 4412 penates
513 4345 605 4386 meos
620 4320 843 4386 adsciscere...
867 4351 881 4381 a
904 4358 947 4370 -
968 4320 993 4398 l,
1024 4322 1076 4387 50.
1097 4349 1112 4382 a
1134 4322 1302 4387 Mansisso
1325 4323 1410 4388 Gaio
1436 4322 1533 4401 lulio,

304 4432 470 4497 mansisse
493 4430 634 4495 Caesare
654 4430 812 4516 Augusto
846 4429 973 4494 victore
992 4429 1189 4518 imperium;
1208 4453 1400 4496 mansuram
1433 4430 1536 4496 luisse

303 4539 365 4606 sub
382 4538 542 4625 Pompeio
567 4536 738 4624 Brutoque
753 4559 825 4600 rem
838 4535 1009 4624 publicam
1032 4559 1061 4602 a.
1078 4575 1121 4586 -
1150 4537 1194 4615 ll,
1212 4537 1244 4603 6.
1260 4537 1434 4627 Pompei0,
1452 4537 1535 4605 Cas-

303 4650 364 4718 sio.
380 4649 495 4725 Bruto,
514 4644 676 4721 Antonio,
694 4667 779 4732 quos
793 4666 911 4708 omnes
928 4651 1022 4709 trans
1045 4668 1136 4711 mare
1169 4652 1322 4711 secutum
1351 4655 1403 4713 est
1436 4649 1535 4715 civile

303 4751 542 4832 belluni,haud
558 4752 707 4839 prosperi
723 4751 834 4816 exitus
850 4750 992 4818 lucrant.
1010 4791 1049 4802 -
1067 4751 1111 4832 ll,
1130 4753 1182 4818 38.
1207 4753 1291 4820 Post
1319 4754 1481 4844 (Marium
1501 4765 1535 4824 et

289 4979 297 5010 ¹
313 4974 357 5027 U:
378 4991 457 5024 nunc.
475 4974 550 5028 Corr.
564 4974 738 5023 Freinsheim.

164 5301 490 5533 ἱ
