<?xml version="1.0" encoding="UTF-8"?>
<!DOCTYPE html PUBLIC "-//W3C//DTD XHTML 1.0 Transitional//EN"
    "http://www.w3.org/TR/xhtml1/DTD/xhtml1-transitional.dtd">
<html xmlns="http://www.w3.org/1999/xhtml" xml:lang="en" lang="en">
 <head>
  <title>
</title>
<meta http-equiv="Content-Type" content="text/html;charset=utf-8" />
  <meta name='ocr-system' content='tesseract 3.04.00' />
  <meta name='ocr-capabilities' content='ocr_page ocr_carea ocr_par ocr_line ocrx_word'/>
</head>
<body>
  <div class='ocr_page' id='page_1' title='image "./onomasticontaci00fabigoog_0106.png"; bbox 0 0 3709 6234; ppageno 0'>
   <div class='ocr_carea' id='block_1_1' title="bbox 285 815 1009 871">
    <p class='ocr_par' dir='ltr' id='par_1_1' title="bbox 285 815 1009 871">
     <span class='ocr_line' id='line_1_1' title="bbox 285 815 1009 871; baseline 0 -3"><span class='ocrx_word' id='word_1_1' title='bbox 285 815 320 871; x_wconf 80' lang='lat'>98</span> <span class='ocrx_word' id='word_1_2' title='bbox 838 816 1009 869; x_wconf 81' lang='lat' dir='ltr'>ASIATICVS</span> 
     </span>
    </p>
   </div>
   <div class='ocr_carea' id='block_1_2' title="bbox 285 956 1570 4806">
    <p class='ocr_par' dir='ltr' id='par_1_2' title="bbox 285 956 1570 4806">
     <span class='ocr_line' id='line_1_2' title="bbox 330 956 1570 1046; baseline -0.001 -23"><span class='ocrx_word' id='word_1_3' title='bbox 330 958 436 1025; x_wconf 83' lang='lat' dir='ltr'>Asiae</span> <span class='ocrx_word' id='word_1_4' title='bbox 455 959 604 1024; x_wconf 87' lang='lat' dir='ltr'>Soranus</span> <span class='ocrx_word' id='word_1_5' title='bbox 619 957 845 1046; x_wconf 89' lang='lat' dir='ltr'>popularitate</span> <span class='ocrx_word' id='word_1_6' title='bbox 865 957 928 1021; x_wconf 90' lang='lat' dir='ltr'>sibi</span> <span class='ocrx_word' id='word_1_7' title='bbox 951 958 1065 1044; x_wconf 91' lang='lat' dir='ltr'>potius</span> <span class='ocrx_word' id='word_1_8' title='bbox 1084 956 1380 1021; x_wconf 72' lang='lat' dir='ltr'>adcommodatum</span> <span class='ocrx_word' id='word_1_9' title='bbox 1407 979 1508 1044; x_wconf 87' lang='lat' dir='ltr'>quam</span> <span class='ocrx_word' id='word_1_10' title='bbox 1526 980 1570 1022; x_wconf 85' lang='lat' dir='ltr'>ex</span> 
     </span>
     <span class='ocr_line' id='line_1_3' title="bbox 330 1062 1569 1152; baseline -0.002 -22"><span class='ocrx_word' id='word_1_11' title='bbox 330 1066 476 1132; x_wconf 88' lang='lat' dir='ltr'>utilitate</span> <span class='ocrx_word' id='word_1_12' title='bbox 501 1065 672 1130; x_wconf 91' lang='lat' dir='ltr'>communi</span> <span class='ocrx_word' id='word_1_13' title='bbox 700 1065 866 1152; x_wconf 76' lang='lat' dir='ltr'><strong>egisset...</strong></span> <span class='ocrx_word' id='word_1_14' title='bbox 891 1104 934 1113; x_wconf 94' lang='lat'><em>-</em></span> <span class='ocrx_word' id='word_1_15' title='bbox 965 1064 990 1143; x_wconf 90' lang='lat' dir='ltr'>I,</span> <span class='ocrx_word' id='word_1_16' title='bbox 1021 1089 1068 1130; x_wconf 86' lang='grc' dir='ltr'>ιο.</span> <span class='ocrx_word' id='word_1_17' title='bbox 1101 1064 1252 1129; x_wconf 89' lang='lat' dir='ltr'>Licinius</span> <span class='ocrx_word' id='word_1_18' title='bbox 1284 1062 1505 1130; x_wconf 81' lang='lat' dir='ltr'>Mucianus...</span> <span class='ocrx_word' id='word_1_19' title='bbox 1532 1065 1569 1128; x_wconf 93' lang='lat' dir='ltr'>in</span> 
     </span>
     <span class='ocr_line' id='line_1_4' title="bbox 331 1170 1569 1261; baseline -0.001 -24"><span class='ocrx_word' id='word_1_20' title='bbox 331 1183 497 1239; x_wconf 89' lang='lat' dir='ltr'>secretum</span> <span class='ocrx_word' id='word_1_21' title='bbox 515 1172 618 1238; x_wconf 90' lang='lat' dir='ltr'>Asiae</span> <span class='ocrx_word' id='word_1_22' title='bbox 644 1173 855 1261; x_wconf 86' lang='lat' dir='ltr'>sepositus..</span> <span class='ocrx_word' id='word_1_23' title='bbox 882 1172 986 1252; x_wconf 93' lang='lat' dir='ltr'>-ll,</span> <span class='ocrx_word' id='word_1_24' title='bbox 1005 1197 1035 1237; x_wconf 88' lang='lat'>2.</span> <span class='ocrx_word' id='word_1_25' title='bbox 1064 1170 1167 1236; x_wconf 87' lang='lat' dir='ltr'>Oram</span> <span class='ocrx_word' id='word_1_26' title='bbox 1187 1171 1336 1236; x_wconf 78' lang='lat' dir='ltr'>Achaiae</span> <span class='ocrx_word' id='word_1_27' title='bbox 1355 1178 1388 1236; x_wconf 93' lang='lat' dir='ltr'>et</span> <span class='ocrx_word' id='word_1_28' title='bbox 1404 1170 1508 1235; x_wconf 89' lang='lat' dir='ltr'>Asiae</span> <span class='ocrx_word' id='word_1_29' title='bbox 1529 1195 1569 1236; x_wconf 91' lang='lat' dir='ltr'>ac</span> 
     </span>
     <span class='ocr_line' id='line_1_5' title="bbox 329 1278 1565 1368; baseline -0.001 -23"><span class='ocrx_word' id='word_1_30' title='bbox 329 1282 424 1347; x_wconf 87' lang='lat' dir='ltr'>laeva</span> <span class='ocrx_word' id='word_1_31' title='bbox 447 1281 776 1368; x_wconf 81' lang='lat' dir='ltr'>marispracvectus,</span> <span class='ocrx_word' id='word_1_32' title='bbox 805 1279 962 1343; x_wconf 82' lang='lat' dir='ltr'>llhodum</span> <span class='ocrx_word' id='word_1_33' title='bbox 983 1288 1017 1344; x_wconf 88' lang='lat' dir='ltr'>et</span> <span class='ocrx_word' id='word_1_34' title='bbox 1040 1278 1190 1366; x_wconf 74' lang='lat' dir='ltr'>Cyprum</span> <span class='ocrx_word' id='word_1_35' title='bbox 1219 1278 1387 1343; x_wconf 78' lang='lat' dir='ltr'>insulas..</span> <span class='ocrx_word' id='word_1_36' title='bbox 1416 1279 1565 1367; x_wconf 87' lang='lat' dir='ltr'>petebat.</span> 
     </span>
     <span class='ocr_line' id='line_1_6' title="bbox 328 1386 1568 1475; baseline -0.002 -21"><span class='ocrx_word' id='word_1_37' title='bbox 328 1428 371 1437; x_wconf 91' lang='lat'><strong>—</strong></span> <span class='ocrx_word' id='word_1_38' title='bbox 402 1388 445 1468; x_wconf 90' lang='lat' dir='ltr'>ll,</span> <span class='ocrx_word' id='word_1_39' title='bbox 478 1389 509 1453; x_wconf 82' lang='lat' dir='ltr'>ti.</span> <span class='ocrx_word' id='word_1_40' title='bbox 542 1387 779 1475; x_wconf 82' lang='lat' dir='ltr'>(Vespasiano)</span> <span class='ocrx_word' id='word_1_41' title='bbox 811 1395 941 1474; x_wconf 79' lang='lat' dir='ltr'>septem</span> <span class='ocrx_word' id='word_1_42' title='bbox 975 1386 1127 1474; x_wconf 82' lang='lat' dir='ltr'>legiones</span> <span class='ocrx_word' id='word_1_43' title='bbox 1161 1386 1291 1474; x_wconf 73' lang='lat' dir='ltr'>(Syriae</span> <span class='ocrx_word' id='word_1_44' title='bbox 1329 1409 1367 1450; x_wconf 87' lang='lat' dir='ltr'>ac</span> <span class='ocrx_word' id='word_1_45' title='bbox 1408 1386 1568 1472; x_wconf 89' lang='lat' dir='ltr'>ludaeae)</span> 
     </span>
     <span class='ocr_line' id='line_1_7' title="bbox 329 1492 1568 1582; baseline -0.002 -22"><span class='ocrx_word' id='word_1_46' title='bbox 329 1496 502 1574; x_wconf 78' lang='lat' dir='ltr'>statim...,</span> <span class='ocrx_word' id='word_1_47' title='bbox 542 1493 620 1559; x_wconf 89' lang='lat' dir='ltr'>inde</span> <span class='ocrx_word' id='word_1_48' title='bbox 657 1494 817 1559; x_wconf 86' lang='lat' dir='ltr'>continua</span> <span class='ocrx_word' id='word_1_49' title='bbox 852 1495 1091 1582; x_wconf 82' lang='lat' dir='ltr'>Aegyptus...,</span> <span class='ocrx_word' id='word_1_50' title='bbox 1119 1493 1198 1558; x_wconf 89' lang='lat' dir='ltr'>hinc</span> <span class='ocrx_word' id='word_1_51' title='bbox 1230 1492 1444 1582; x_wconf 78' lang='lat' dir='ltr'>Cappadocia</span> <span class='ocrx_word' id='word_1_52' title='bbox 1479 1494 1568 1558; x_wconf 92' lang='lat' dir='ltr'>Pon-</span> 
     </span>
     <span class='ocr_line' id='line_1_8' title="bbox 329 1601 1567 1690; baseline -0.002 -22"><span class='ocrx_word' id='word_1_53' title='bbox 329 1610 511 1690; x_wconf 85' lang='lat' dir='ltr'>tusque.,.;</span> <span class='ocrx_word' id='word_1_54' title='bbox 530 1602 612 1666; x_wconf 88' lang='lat' dir='ltr'>Asia</span> <span class='ocrx_word' id='word_1_55' title='bbox 628 1609 661 1666; x_wconf 93' lang='lat' dir='ltr'>et</span> <span class='ocrx_word' id='word_1_56' title='bbox 676 1609 806 1666; x_wconf 89' lang='lat' dir='ltr'>ceterae</span> <span class='ocrx_word' id='word_1_57' title='bbox 822 1602 1015 1689; x_wconf 89' lang='lat' dir='ltr'>provinciae</span> <span class='ocrx_word' id='word_1_58' title='bbox 1029 1625 1089 1666; x_wconf 91' lang='lat' dir='ltr'>ucc</span> <span class='ocrx_word' id='word_1_59' title='bbox 1114 1601 1263 1665; x_wconf 89' lang='lat' dir='ltr'>virorum</span> <span class='ocrx_word' id='word_1_60' title='bbox 1279 1602 1398 1688; x_wconf 87' lang='lat' dir='ltr'>inopes</span> <span class='ocrx_word' id='word_1_61' title='bbox 1413 1608 1447 1666; x_wconf 90' lang='lat' dir='ltr'>et</span> <span class='ocrx_word' id='word_1_62' title='bbox 1464 1625 1567 1689; x_wconf 88' lang='lat' dir='ltr'>pecu·</span> 
     </span>
     <span class='ocr_line' id='line_1_9' title="bbox 329 1707 1566 1797; baseline -0.001 -24"><span class='ocrx_word' id='word_1_63' title='bbox 329 1711 403 1774; x_wconf 90' lang='lat' dir='ltr'>niae</span> <span class='ocrx_word' id='word_1_64' title='bbox 430 1708 621 1797; x_wconf 87' lang='lat' dir='ltr'>opulentae.</span> <span class='ocrx_word' id='word_1_65' title='bbox 654 1747 696 1756; x_wconf 92' lang='lat'>-</span> <span class='ocrx_word' id='word_1_66' title='bbox 728 1708 770 1788; x_wconf 91' lang='lat' dir='ltr'>ll,</span> <span class='ocrx_word' id='word_1_67' title='bbox 794 1709 825 1773; x_wconf 90' lang='lat'>8.</span> <span class='ocrx_word' id='word_1_68' title='bbox 851 1708 921 1773; x_wconf 80' lang='lat' dir='ltr'>sub</span> <span class='ocrx_word' id='word_1_69' title='bbox 939 1708 1027 1773; x_wconf 92' lang='lat' dir='ltr'>idem</span> <span class='ocrx_word' id='word_1_70' title='bbox 1054 1716 1186 1795; x_wconf 88' lang='lat' dir='ltr'>tempus</span> <span class='ocrx_word' id='word_1_71' title='bbox 1204 1707 1333 1772; x_wconf 79' lang='lat' dir='ltr'>Achaia</span> <span class='ocrx_word' id='word_1_72' title='bbox 1357 1717 1459 1796; x_wconf 93' lang='lat' dir='ltr'>atque</span> <span class='ocrx_word' id='word_1_73' title='bbox 1483 1710 1566 1774; x_wconf 89' lang='lat' dir='ltr'>Asia</span> 
     </span>
     <span class='ocr_line' id='line_1_10' title="bbox 327 1814 1566 1903; baseline 0 -23"><span class='ocrx_word' id='word_1_74' title='bbox 327 1816 412 1880; x_wconf 86' lang='lat' dir='ltr'>salso</span> <span class='ocrx_word' id='word_1_75' title='bbox 440 1816 631 1893; x_wconf 73' lang='lat' dir='ltr'>exterritae,</span> <span class='ocrx_word' id='word_1_76' title='bbox 662 1815 757 1880; x_wconf 89' lang='lat' dir='ltr'>velut</span> <span class='ocrx_word' id='word_1_77' title='bbox 785 1815 873 1880; x_wconf 78' lang='lat' dir='ltr'>Nero</span> <span class='ocrx_word' id='word_1_78' title='bbox 903 1815 1112 1881; x_wconf 81' lang='lat' dir='ltr'>adventaret.</span> <span class='ocrx_word' id='word_1_79' title='bbox 1148 1854 1191 1864; x_wconf 91' lang='lat'><em>-</em></span> <span class='ocrx_word' id='word_1_80' title='bbox 1219 1814 1260 1894; x_wconf 93' lang='lat' dir='ltr'>ll,</span> <span class='ocrx_word' id='word_1_81' title='bbox 1283 1839 1315 1903; x_wconf 88' lang='lat'>9.</span> <span class='ocrx_word' id='word_1_82' title='bbox 1344 1815 1455 1903; x_wconf 88' lang='lat' dir='ltr'>Caput</span> <span class='ocrx_word' id='word_1_83' title='bbox 1477 1816 1566 1901; x_wconf 81' lang='lat' dir='ltr'>(salsi</span> 
     </span>
     <span class='ocr_line' id='line_1_11' title="bbox 327 1923 1562 2011; baseline 0 -24"><span class='ocrx_word' id='word_1_84' title='bbox 327 1923 528 2009; x_wconf 82' lang='lat' dir='ltr'>Neronis)...</span> <span class='ocrx_word' id='word_1_85' title='bbox 547 1924 581 1988; x_wconf 93' lang='lat' dir='ltr'>in</span> <span class='ocrx_word' id='word_1_86' title='bbox 598 1923 715 1987; x_wconf 89' lang='lat' dir='ltr'>Asiam</span> <span class='ocrx_word' id='word_1_87' title='bbox 730 1931 830 2011; x_wconf 93' lang='lat' dir='ltr'>atquc</span> <span class='ocrx_word' id='word_1_88' title='bbox 850 1923 927 1987; x_wconf 91' lang='lat' dir='ltr'>inde</span> <span class='ocrx_word' id='word_1_89' title='bbox 943 1923 1085 1987; x_wconf 81' lang='lat' dir='ltr'>Romam</span> <span class='ocrx_word' id='word_1_90' title='bbox 1099 1930 1295 2010; x_wconf 82' lang='lat' dir='ltr'>pervectum</span> <span class='ocrx_word' id='word_1_91' title='bbox 1308 1931 1371 1989; x_wconf 87' lang='lat' dir='ltr'>est.</span> <span class='ocrx_word' id='word_1_92' title='bbox 1390 1961 1435 1974; x_wconf 92' lang='lat'>-</span> <span class='ocrx_word' id='word_1_93' title='bbox 1451 1924 1494 2003; x_wconf 95' lang='lat' dir='ltr'>ll,</span> <span class='ocrx_word' id='word_1_94' title='bbox 1508 1927 1562 1989; x_wconf 90' lang='grc' dir='ltr'>8ι.</span> 
     </span>
     <span class='ocr_line' id='line_1_12' title="bbox 326 2029 1562 2118; baseline 0.002 -24"><span class='ocrx_word' id='word_1_95' title='bbox 326 2030 498 2118; x_wconf 89' lang='lat' dir='ltr'>Quidquid</span> <span class='ocrx_word' id='word_1_96' title='bbox 514 2030 765 2118; x_wconf 88' lang='lat' dir='ltr'>provinciarum</span> <span class='ocrx_word' id='word_1_97' title='bbox 784 2030 934 2094; x_wconf 91' lang='lat' dir='ltr'>adluitur</span> <span class='ocrx_word' id='word_1_98' title='bbox 951 2030 1035 2094; x_wconf 90' lang='lat' dir='ltr'>mari</span> <span class='ocrx_word' id='word_1_99' title='bbox 1050 2031 1134 2094; x_wconf 90' lang='lat' dir='ltr'>Asia</span> <span class='ocrx_word' id='word_1_100' title='bbox 1148 2036 1249 2118; x_wconf 91' lang='lat' dir='ltr'>atque</span> <span class='ocrx_word' id='word_1_101' title='bbox 1274 2029 1403 2096; x_wconf 86' lang='lat' dir='ltr'>Achaia</span> <span class='ocrx_word' id='word_1_102' title='bbox 1424 2039 1562 2096; x_wconf 90' lang='lat' dir='ltr'>tenus...</span> 
     </span>
     <span class='ocr_line' id='line_1_13' title="bbox 326 2136 1565 2226; baseline 0.002 -25"><span class='ocrx_word' id='word_1_103' title='bbox 326 2139 478 2203; x_wconf 86' lang='lat' dir='ltr'>iuravere</span> <span class='ocrx_word' id='word_1_104' title='bbox 494 2138 543 2225; x_wconf 92' lang='lat' dir='ltr'>(in</span> <span class='ocrx_word' id='word_1_105' title='bbox 563 2138 665 2203; x_wconf 87' lang='lat' dir='ltr'>verba</span> <span class='ocrx_word' id='word_1_106' title='bbox 685 2136 911 2226; x_wconf 81' lang='lat' dir='ltr'>Vespasiani).</span> <span class='ocrx_word' id='word_1_107' title='bbox 930 2177 972 2185; x_wconf 90' lang='lat'>-</span> <span class='ocrx_word' id='word_1_108' title='bbox 990 2136 1032 2220; x_wconf 93' lang='lat' dir='ltr'>ll,</span> <span class='ocrx_word' id='word_1_109' title='bbox 1051 2138 1106 2203; x_wconf 84' lang='lat'>83.</span> <span class='ocrx_word' id='word_1_110' title='bbox 1133 2137 1353 2203; x_wconf 87' lang='lat' dir='ltr'>Mucianus...</span> <span class='ocrx_word' id='word_1_111' title='bbox 1378 2136 1523 2204; x_wconf 87' lang='lat' dir='ltr'>classem</span> <span class='ocrx_word' id='word_1_112' title='bbox 1548 2162 1565 2204; x_wconf 89' lang='lat' dir='ltr'>e</span> 
     </span>
     <span class='ocr_line' id='line_1_14' title="bbox 327 2243 1566 2332; baseline 0.001 -23"><span class='ocrx_word' id='word_1_113' title='bbox 327 2246 436 2310; x_wconf 87' lang='lat' dir='ltr'>Ponto</span> <span class='ocrx_word' id='word_1_114' title='bbox 453 2245 653 2332; x_wconf 72' lang='lat' dir='ltr'>Byzantium</span> <span class='ocrx_word' id='word_1_115' title='bbox 667 2244 757 2331; x_wconf 87' lang='lat' dir='ltr'>adigi</span> <span class='ocrx_word' id='word_1_116' title='bbox 780 2246 935 2324; x_wconf 91' lang='lat' dir='ltr'>iusserat,</span> <span class='ocrx_word' id='word_1_117' title='bbox 959 2243 1138 2332; x_wconf 87' lang='lat' dir='ltr'>ambiguus</span> <span class='ocrx_word' id='word_1_118' title='bbox 1164 2244 1307 2320; x_wconf 89' lang='lat' dir='ltr'>consilii,</span> <span class='ocrx_word' id='word_1_119' title='bbox 1335 2268 1415 2309; x_wconf 93' lang='lat' dir='ltr'>num</span> <span class='ocrx_word' id='word_1_120' title='bbox 1441 2246 1566 2310; x_wconf 86' lang='lat' dir='ltr'>omissa</span> 
     </span>
     <span class='ocr_line' id='line_1_15' title="bbox 325 2353 1566 2443; baseline 0 -24"><span class='ocrx_word' id='word_1_121' title='bbox 325 2355 453 2419; x_wconf 90' lang='lat' dir='ltr'>Moesia</span> <span class='ocrx_word' id='word_1_122' title='bbox 485 2353 708 2441; x_wconf 65' lang='lat' dir='ltr'>Dyrrachium</span> <span class='ocrx_word' id='word_1_123' title='bbox 733 2353 844 2441; x_wconf 88' lang='lat' dir='ltr'>pedite</span> <span class='ocrx_word' id='word_1_124' title='bbox 867 2362 970 2443; x_wconf 90' lang='lat' dir='ltr'>atque</span> <span class='ocrx_word' id='word_1_125' title='bbox 999 2355 1123 2441; x_wconf 85' lang='lat' dir='ltr'>equite,</span> <span class='ocrx_word' id='word_1_126' title='bbox 1154 2353 1254 2417; x_wconf 92' lang='lat' dir='ltr'>simul</span> <span class='ocrx_word' id='word_1_127' title='bbox 1278 2353 1391 2440; x_wconf 86' lang='lat' dir='ltr'>longis</span> <span class='ocrx_word' id='word_1_128' title='bbox 1422 2354 1566 2419; x_wconf 84' lang='lat' dir='ltr'>navibus</span> 
     </span>
     <span class='ocr_line' id='line_1_16' title="bbox 325 2460 1564 2548; baseline -0.001 -23"><span class='ocrx_word' id='word_1_129' title='bbox 325 2485 461 2527; x_wconf 75' lang='lat' dir='ltr'>versum</span> <span class='ocrx_word' id='word_1_130' title='bbox 493 2462 526 2525; x_wconf 90' lang='lat' dir='ltr'>in</span> <span class='ocrx_word' id='word_1_131' title='bbox 556 2462 688 2527; x_wconf 88' lang='lat' dir='ltr'>ltaliam</span> <span class='ocrx_word' id='word_1_132' title='bbox 727 2485 818 2526; x_wconf 88' lang='lat' dir='ltr'>marc</span> <span class='ocrx_word' id='word_1_133' title='bbox 846 2461 1030 2538; x_wconf 86' lang='lat' dir='ltr'>clauderet,</span> <span class='ocrx_word' id='word_1_134' title='bbox 1060 2468 1133 2526; x_wconf 90' lang='lat' dir='ltr'>tuta</span> <span class='ocrx_word' id='word_1_135' title='bbox 1158 2484 1245 2548; x_wconf 84' lang='lat' dir='ltr'>pone</span> <span class='ocrx_word' id='word_1_136' title='bbox 1276 2468 1409 2548; x_wconf 84' lang='lat' dir='ltr'>tergum</span> <span class='ocrx_word' id='word_1_137' title='bbox 1437 2460 1564 2526; x_wconf 89' lang='lat' dir='ltr'>Achaia</span> 
     </span>
     <span class='ocr_line' id='line_1_17' title="bbox 328 2568 1565 2657; baseline 0.001 -26"><span class='ocrx_word' id='word_1_138' title='bbox 328 2568 490 2657; x_wconf 85' lang='lat' dir='ltr'>Asiaque,</span> <span class='ocrx_word' id='word_1_139' title='bbox 532 2593 617 2657; x_wconf 88' lang='lat' dir='ltr'>quas</span> <span class='ocrx_word' id='word_1_140' title='bbox 655 2569 801 2634; x_wconf 88' lang='lat' dir='ltr'>inermes</span> <span class='ocrx_word' id='word_1_141' title='bbox 827 2570 951 2657; x_wconf 88' lang='lat' dir='ltr'>exponi</span> <span class='ocrx_word' id='word_1_142' title='bbox 979 2568 1160 2635; x_wconf 82' lang='lat' dir='ltr'>Vitellio...</span> <span class='ocrx_word' id='word_1_143' title='bbox 1182 2608 1216 2619; x_wconf 90' lang='lat'>-</span> <span class='ocrx_word' id='word_1_144' title='bbox 1241 2568 1374 2649; x_wconf 63' lang='lat' dir='ltr'>ittet.</span> <span class='ocrx_word' id='word_1_145' title='bbox 1405 2568 1565 2634; x_wconf 88' lang='lat' dir='ltr'>Fonteius</span> 
     </span>
     <span class='ocr_line' id='line_1_18' title="bbox 327 2676 1565 2765; baseline 0.002 -26"><span class='ocrx_word' id='word_1_146' title='bbox 327 2677 478 2764; x_wconf 85' lang='lat' dir='ltr'>Agrippa</span> <span class='ocrx_word' id='word_1_147' title='bbox 501 2701 541 2741; x_wconf 86' lang='lat' dir='ltr'>cx</span> <span class='ocrx_word' id='word_1_148' title='bbox 563 2677 658 2757; x_wconf 86' lang='lat' dir='ltr'>Asia,</span> <span class='ocrx_word' id='word_1_149' title='bbox 685 2701 745 2765; x_wconf 90' lang='lat' dir='ltr'>pro</span> <span class='ocrx_word' id='word_1_150' title='bbox 775 2677 913 2742; x_wconf 88' lang='lat' dir='ltr'>consule</span> <span class='ocrx_word' id='word_1_151' title='bbox 943 2701 1017 2741; x_wconf 89' lang='lat' dir='ltr'>cam</span> <span class='ocrx_word' id='word_1_152' title='bbox 1050 2676 1258 2763; x_wconf 83' lang='lat' dir='ltr'>prouinciam</span> <span class='ocrx_word' id='word_1_153' title='bbox 1287 2699 1399 2740; x_wconf 89' lang='lat' dir='ltr'>annuo</span> <span class='ocrx_word' id='word_1_154' title='bbox 1426 2676 1565 2764; x_wconf 89' lang='lat' dir='ltr'>imperio</span> 
     </span>
     <span class='ocr_line' id='line_1_19' title="bbox 327 2782 1565 2872; baseline 0.001 -27"><span class='ocrx_word' id='word_1_155' title='bbox 327 2789 494 2858; x_wconf 87' lang='lat' dir='ltr'>tenuerat,</span> <span class='ocrx_word' id='word_1_156' title='bbox 525 2784 674 2848; x_wconf 84' lang='lat' dir='ltr'>Moesiae</span> <span class='ocrx_word' id='word_1_157' title='bbox 702 2784 916 2872; x_wconf 89' lang='lat' dir='ltr'>praepositus</span> <span class='ocrx_word' id='word_1_158' title='bbox 944 2792 995 2848; x_wconf 91' lang='lat' dir='ltr'>est</span> <span class='ocrx_word' id='word_1_159' title='bbox 1030 2782 1144 2860; x_wconf 80' lang='lat' dir='ltr'>-lt&#39;,</span> <span class='ocrx_word' id='word_1_160' title='bbox 1180 2809 1229 2872; x_wconf 85' lang='lat'>¹7·</span> <span class='ocrx_word' id='word_1_161' title='bbox 1264 2783 1445 2871; x_wconf 90' lang='lat' dir='ltr'>(Loquitur</span> <span class='ocrx_word' id='word_1_162' title='bbox 1461 2783 1565 2848; x_wconf 93' lang='lat' dir='ltr'>lulius</span> 
     </span>
     <span class='ocr_line' id='line_1_20' title="bbox 325 2888 1563 2979; baseline -0.004 -24"><span class='ocrx_word' id='word_1_163' title='bbox 325 2889 457 2975; x_wconf 85' lang='lat' dir='ltr'>Civilis)</span> <span class='ocrx_word' id='word_1_164' title='bbox 474 2910 480 2956; x_wconf 92' lang='lat'><strong>:</strong></span> <span class='ocrx_word' id='word_1_165' title='bbox 499 2916 514 2954; x_wconf 92' lang='lat'>«</span> <span class='ocrx_word' id='word_1_166' title='bbox 537 2890 711 2956; x_wconf 79' lang='lat' dir='ltr'>Scrvirent</span> <span class='ocrx_word' id='word_1_167' title='bbox 725 2891 821 2978; x_wconf 68' lang='lat' dir='ltr'>Syria</span> <span class='ocrx_word' id='word_1_168' title='bbox 838 2891 987 2979; x_wconf 86' lang='lat' dir='ltr'>Asiaque</span> <span class='ocrx_word' id='word_1_169' title='bbox 1003 2898 1036 2955; x_wconf 92' lang='lat' dir='ltr'>ct</span> <span class='ocrx_word' id='word_1_170' title='bbox 1056 2897 1174 2956; x_wconf 92' lang='lat' dir='ltr'>suctus</span> <span class='ocrx_word' id='word_1_171' title='bbox 1194 2890 1331 2978; x_wconf 87' lang='lat' dir='ltr'>regibus</span> <span class='ocrx_word' id='word_1_172' title='bbox 1360 2888 1524 2958; x_wconf 87' lang='lat' dir='ltr'>Oriens...</span> <span class='ocrx_word' id='word_1_173' title='bbox 1548 2918 1563 2950; x_wconf 74' lang='lat' dir='ltr'>a</span> 
     </span>
     <span class='ocr_line' id='line_1_21' title="bbox 327 2996 1565 3076; baseline 0.002 -17"><span class='ocrx_word' id='word_1_174' title='bbox 327 2999 366 3060; x_wconf 77' lang='lat' dir='ltr'>u.</span> <span class='ocrx_word' id='word_1_175' title='bbox 402 3022 433 3062; x_wconf 85' lang='lat'>2.</span> <span class='ocrx_word' id='word_1_176' title='bbox 470 2996 596 3076; x_wconf 57' lang='lat' dir='ltr'>Quis„</span> <span class='ocrx_word' id='word_1_177' title='bbox 636 2997 719 3062; x_wconf 88' lang='lat' dir='ltr'>Asia</span> <span class='ocrx_word' id='word_1_178' title='bbox 747 3007 804 3064; x_wconf 89' lang='lat' dir='ltr'>aut</span> <span class='ocrx_word' id='word_1_179' title='bbox 833 2998 950 3062; x_wconf 80' lang='lat' dir='ltr'>Africa</span> <span class='ocrx_word' id='word_1_180' title='bbox 980 3006 1037 3063; x_wconf 89' lang='lat' dir='ltr'>aut</span> <span class='ocrx_word' id='word_1_181' title='bbox 1067 2997 1165 3064; x_wconf 90' lang='lat' dir='ltr'>ltalia</span> <span class='ocrx_word' id='word_1_182' title='bbox 1194 2997 1312 3063; x_wconf 90' lang='lat' dir='ltr'>relicta</span> <span class='ocrx_word' id='word_1_183' title='bbox 1346 2997 1565 3063; x_wconf 89' lang='lat' dir='ltr'>Germaniam</span> 
     </span>
     <span class='ocr_line' id='line_1_22' title="bbox 326 3103 1566 3194; baseline 0.002 -26"><span class='ocrx_word' id='word_1_184' title='bbox 326 3111 466 3191; x_wconf 85' lang='lat' dir='ltr'>poteret,</span> <span class='ocrx_word' id='word_1_185' title='bbox 491 3103 667 3169; x_wconf 84' lang='lat' dir='ltr'>informem</span> <span class='ocrx_word' id='word_1_186' title='bbox 696 3105 807 3176; x_wconf 84' lang='lat' dir='ltr'>terris,</span> <span class='ocrx_word' id='word_1_187' title='bbox 836 3129 988 3193; x_wconf 90' lang='lat' dir='ltr'>asperam</span> <span class='ocrx_word' id='word_1_188' title='bbox 1010 3104 1114 3180; x_wconf 88' lang='lat' dir='ltr'>caclo,</span> <span class='ocrx_word' id='word_1_189' title='bbox 1146 3106 1275 3170; x_wconf 86' lang='lat' dir='ltr'>tristem</span> <span class='ocrx_word' id='word_1_190' title='bbox 1304 3104 1398 3170; x_wconf 88' lang='lat' dir='ltr'>cultu</span> <span class='ocrx_word' id='word_1_191' title='bbox 1427 3105 1566 3194; x_wconf 88' lang='lat' dir='ltr'>adspec-</span> 
     </span>
     <span class='ocr_line' id='line_1_23' title="bbox 327 3212 1564 3301; baseline 0 -25"><span class='ocrx_word' id='word_1_192' title='bbox 327 3219 441 3299; x_wconf 94' lang='lat' dir='ltr'>tuquc.</span> <span class='ocrx_word' id='word_1_193' title='bbox 450 3264 456 3277; x_wconf 94' lang='lat'>.</span> <span class='ocrx_word' id='word_1_194' title='bbox 465 3213 491 3278; x_wconf 69' lang='grc' dir='ltr'>,Ι</span> <span class='ocrx_word' id='word_1_195' title='bbox 500 3251 543 3260; x_wconf 95' lang='grc'>-</span> <span class='ocrx_word' id='word_1_196' title='bbox 554 3212 600 3292; x_wconf 86' lang='lat' dir='ltr'>A,</span> <span class='ocrx_word' id='word_1_197' title='bbox 614 3213 646 3278; x_wconf 84' lang='lat' dir='ltr'>ti.</span> <span class='ocrx_word' id='word_1_198' title='bbox 657 3213 739 3276; x_wconf 85' lang='lat' dir='ltr'>Sors</span> <span class='ocrx_word' id='word_1_199' title='bbox 752 3220 952 3300; x_wconf 84' lang='lat' dir='ltr'>quaesturae</span> <span class='ocrx_word' id='word_1_200' title='bbox 964 3213 1171 3301; x_wconf 88' lang='lat' dir='ltr'>provinciam</span> <span class='ocrx_word' id='word_1_201' title='bbox 1184 3212 1315 3294; x_wconf 87' lang='lat' dir='ltr'>Asiam,</span> <span class='ocrx_word' id='word_1_202' title='bbox 1327 3213 1564 3300; x_wconf 90' lang='lat' dir='ltr'>proconsulem</span> 
     </span>
     <span class='ocr_line' id='line_1_24' title="bbox 327 3319 1566 3408; baseline 0 -24"><span class='ocrx_word' id='word_1_203' title='bbox 327 3319 478 3384; x_wconf 84' lang='lat' dir='ltr'>Salvium</span> <span class='ocrx_word' id='word_1_204' title='bbox 512 3319 681 3383; x_wconf 90' lang='lat' dir='ltr'>Titianum</span> <span class='ocrx_word' id='word_1_205' title='bbox 708 3319 801 3384; x_wconf 85' lang='lat' dir='ltr'>dedit</span> <span class='ocrx_word' id='word_1_206' title='bbox 821 3319 1042 3407; x_wconf 79' lang='lat' dir='ltr'>(Agricolae),</span> <span class='ocrx_word' id='word_1_207' title='bbox 1076 3342 1220 3408; x_wconf 91' lang='lat' dir='ltr'>quorum</span> <span class='ocrx_word' id='word_1_208' title='bbox 1244 3327 1362 3384; x_wconf 88' lang='lat' dir='ltr'>neutro</span> <span class='ocrx_word' id='word_1_209' title='bbox 1388 3329 1566 3408; x_wconf 91' lang='lat' dir='ltr'>corruptus</span> 
     </span>
     <span class='ocr_line' id='line_1_25' title="bbox 328 3426 1564 3515; baseline 0.003 -25"><span class='ocrx_word' id='word_1_210' title='bbox 328 3435 391 3498; x_wconf 84' lang='lat' dir='ltr'>ost,</span> <span class='ocrx_word' id='word_1_211' title='bbox 419 3450 624 3513; x_wconf 89' lang='lat' dir='ltr'>quamquam</span> <span class='ocrx_word' id='word_1_212' title='bbox 650 3435 683 3491; x_wconf 94' lang='lat' dir='ltr'>ct</span> <span class='ocrx_word' id='word_1_213' title='bbox 704 3427 874 3514; x_wconf 78' lang='lat' dir='ltr'>provincia</span> <span class='ocrx_word' id='word_1_214' title='bbox 900 3427 996 3492; x_wconf 80' lang='lat' dir='ltr'>diues</span> <span class='ocrx_word' id='word_1_215' title='bbox 1028 3450 1065 3490; x_wconf 88' lang='lat' dir='ltr'>ac</span> <span class='ocrx_word' id='word_1_216' title='bbox 1095 3435 1211 3515; x_wconf 88' lang='lat' dir='ltr'>parata</span> <span class='ocrx_word' id='word_1_217' title='bbox 1241 3426 1461 3515; x_wconf 85' lang='lat' dir='ltr'>peccantibus</span> <span class='ocrx_word' id='word_1_218' title='bbox 1489 3435 1564 3494; x_wconf 88' lang='lat' dir='ltr'>ct...</span> 
     </span>
     <span class='ocr_line' id='line_1_26' title="bbox 328 3532 1566 3622; baseline 0.003 -27"><span class='ocrx_word' id='word_1_219' title='bbox 328 3535 436 3610; x_wconf 82' lang='lat'>-.(2.</span> <span class='ocrx_word' id='word_1_220' title='bbox 465 3532 594 3598; x_wconf 87' lang='lat' dir='ltr'>Aderat</span> <span class='ocrx_word' id='word_1_221' title='bbox 623 3534 688 3597; x_wconf 83' lang='lat' dir='ltr'>iam</span> <span class='ocrx_word' id='word_1_222' title='bbox 708 3557 829 3612; x_wconf 88' lang='lat' dir='ltr'>annus,</span> <span class='ocrx_word' id='word_1_223' title='bbox 859 3557 925 3622; x_wconf 90' lang='lat' dir='ltr'>quo</span> <span class='ocrx_word' id='word_1_224' title='bbox 952 3533 1228 3622; x_wconf 89' lang='lat' dir='ltr'>proconsulatum</span> <span class='ocrx_word' id='word_1_225' title='bbox 1243 3532 1379 3599; x_wconf 84' lang='lat' dir='ltr'>Africae</span> <span class='ocrx_word' id='word_1_226' title='bbox 1401 3542 1435 3599; x_wconf 89' lang='lat' dir='ltr'>et</span> <span class='ocrx_word' id='word_1_227' title='bbox 1463 3535 1566 3600; x_wconf 90' lang='lat' dir='ltr'>Asiae</span> 
     </span>
     <span class='ocr_line' id='line_1_27' title="bbox 328 3640 1565 3730; baseline 0.003 -26"><span class='ocrx_word' id='word_1_228' title='bbox 328 3641 506 3705; x_wconf 87' lang='lat' dir='ltr'>sortiretur</span> <span class='ocrx_word' id='word_1_229' title='bbox 523 3640 723 3728; x_wconf 76' lang='lat' dir='ltr'>(Agricola).</span> <span class='ocrx_word' id='word_1_230' title='bbox 746 3682 780 3689; x_wconf 92' lang='lat'>·-</span> <span class='ocrx_word' id='word_1_231' title='bbox 800 3644 838 3721; x_wconf 82' lang='lat' dir='ltr'>(l,</span> <span class='ocrx_word' id='word_1_232' title='bbox 860 3666 907 3706; x_wconf 82' lang='lat' dir='ltr'>ro.</span> <span class='ocrx_word' id='word_1_233' title='bbox 927 3669 932 3710; x_wconf 85' lang='grc' dir='ltr'>ι</span> <span class='ocrx_word' id='word_1_234' title='bbox 943 3642 1106 3729; x_wconf 85' lang='lat' dir='ltr'>Loquitur</span> <span class='ocrx_word' id='word_1_235' title='bbox 1130 3641 1258 3729; x_wconf 89' lang='lat' dir='ltr'>Aper):</span> <span class='ocrx_word' id='word_1_236' title='bbox 1278 3666 1295 3706; x_wconf 82' lang='lat' dir='ltr'>a</span> <span class='ocrx_word' id='word_1_237' title='bbox 1321 3641 1455 3720; x_wconf 90' lang='lat' dir='ltr'>Quotus</span> <span class='ocrx_word' id='word_1_238' title='bbox 1475 3643 1565 3730; x_wconf 90' lang='lat' dir='ltr'>quis·</span> 
     </span>
     <span class='ocr_line' id='line_1_28' title="bbox 326 3748 1565 3836; baseline 0.002 -23"><span class='ocrx_word' id='word_1_239' title='bbox 326 3772 403 3835; x_wconf 90' lang='lat' dir='ltr'>que,</span> <span class='ocrx_word' id='word_1_240' title='bbox 417 3772 492 3812; x_wconf 89' lang='lat' dir='ltr'>cum</span> <span class='ocrx_word' id='word_1_241' title='bbox 509 3773 551 3812; x_wconf 86' lang='lat' dir='ltr'>ex</span> <span class='ocrx_word' id='word_1_242' title='bbox 571 3748 731 3836; x_wconf 87' lang='lat' dir='ltr'>llispania</span> <span class='ocrx_word' id='word_1_243' title='bbox 748 3749 802 3813; x_wconf 80' lang='lat' dir='ltr'>rel</span> <span class='ocrx_word' id='word_1_244' title='bbox 817 3750 941 3815; x_wconf 88' lang='lat' dir='ltr'>Asia...</span> <span class='ocrx_word' id='word_1_245' title='bbox 961 3750 994 3812; x_wconf 92' lang='lat' dir='ltr'>in</span> <span class='ocrx_word' id='word_1_246' title='bbox 1007 3749 1123 3813; x_wconf 89' lang='lat' dir='ltr'>urbem</span> <span class='ocrx_word' id='word_1_247' title='bbox 1140 3749 1244 3826; x_wconf 87' lang='lat' dir='ltr'>venit,</span> <span class='ocrx_word' id='word_1_248' title='bbox 1261 3748 1409 3814; x_wconf 89' lang='lat' dir='ltr'>Saleium</span> <span class='ocrx_word' id='word_1_249' title='bbox 1422 3749 1565 3817; x_wconf 90' lang='lat' dir='ltr'>Bassum</span> 
     </span>
     <span class='ocr_line' id='line_1_29' title="bbox 327 3855 1564 3945; baseline 0.004 -28"><span class='ocrx_word' id='word_1_250' title='bbox 327 3856 488 3941; x_wconf 85' lang='lat' dir='ltr'>(poetam)</span> <span class='ocrx_word' id='word_1_251' title='bbox 520 3855 686 3942; x_wconf 78' lang='lat' dir='ltr'>requirit?</span> <span class='ocrx_word' id='word_1_252' title='bbox 718 3881 733 3918; x_wconf 80' lang='lat' dir='ltr'>a</span> <span class='ocrx_word' id='word_1_253' title='bbox 765 3894 804 3905; x_wconf 93' lang='lat'>-</span> <span class='ocrx_word' id='word_1_254' title='bbox 833 3857 885 3921; x_wconf 87' lang='lat'>30.</span> <span class='ocrx_word' id='word_1_255' title='bbox 906 3857 1086 3945; x_wconf 89' lang='lat' dir='ltr'>(Loquitur</span> <span class='ocrx_word' id='word_1_256' title='bbox 1108 3855 1302 3942; x_wconf 87' lang='lat' dir='ltr'>Messalla):</span> <span class='ocrx_word' id='word_1_257' title='bbox 1332 3883 1348 3916; x_wconf 79' lang='lat' dir='ltr'>o</span> <span class='ocrx_word' id='word_1_258' title='bbox 1368 3855 1503 3944; x_wconf 88' lang='lat' dir='ltr'>(Cicero</span> <span class='ocrx_word' id='word_1_259' title='bbox 1531 3857 1564 3922; x_wconf 93' lang='lat' dir='ltr'>in</span> 
     </span>
     <span class='ocr_line' id='line_1_30' title="bbox 328 3962 1565 4053; baseline 0.005 -29"><span class='ocrx_word' id='word_1_260' title='bbox 328 3962 446 4047; x_wconf 88' lang='lat' dir='ltr'>Bruto)</span> <span class='ocrx_word' id='word_1_261' title='bbox 466 3962 566 4025; x_wconf 86' lang='lat' dir='ltr'>refert</span> <span class='ocrx_word' id='word_1_262' title='bbox 580 3986 657 4026; x_wconf 89' lang='lat' dir='ltr'>sc...</span> <span class='ocrx_word' id='word_1_263' title='bbox 682 3986 789 4049; x_wconf 89' lang='lat' dir='ltr'>neque</span> <span class='ocrx_word' id='word_1_264' title='bbox 820 3964 860 4027; x_wconf 86' lang='lat' dir='ltr'>iis</span> <span class='ocrx_word' id='word_1_265' title='bbox 889 3963 1086 4029; x_wconf 90' lang='lat' dir='ltr'>doctoribus</span> <span class='ocrx_word' id='word_1_266' title='bbox 1118 3971 1330 4042; x_wconf 88' lang='lat' dir='ltr'>contentum,</span> <span class='ocrx_word' id='word_1_267' title='bbox 1360 3987 1506 4053; x_wconf 91' lang='lat' dir='ltr'>quorum</span> <span class='ocrx_word' id='word_1_268' title='bbox 1535 3964 1565 4030; x_wconf 90' lang='lat' dir='ltr'>ei</span> 
     </span>
     <span class='ocr_line' id='line_1_31' title="bbox 327 4068 1562 4160; baseline 0.005 -28"><span class='ocrx_word' id='word_1_269' title='bbox 327 4068 423 4154; x_wconf 88' lang='lat' dir='ltr'>copia</span> <span class='ocrx_word' id='word_1_270' title='bbox 444 4068 476 4131; x_wconf 89' lang='lat' dir='ltr'>in</span> <span class='ocrx_word' id='word_1_271' title='bbox 495 4068 575 4131; x_wconf 89' lang='lat' dir='ltr'>urhe</span> <span class='ocrx_word' id='word_1_272' title='bbox 603 4069 802 4155; x_wconf 84' lang='lat' dir='ltr'>contigerat,</span> <span class='ocrx_word' id='word_1_273' title='bbox 821 4071 984 4135; x_wconf 88' lang='lat' dir='ltr'>Achaiam</span> <span class='ocrx_word' id='word_1_274' title='bbox 1006 4094 1141 4160; x_wconf 88' lang='lat' dir='ltr'>quoque</span> <span class='ocrx_word' id='word_1_275' title='bbox 1156 4079 1190 4137; x_wconf 89' lang='lat' dir='ltr'>et</span> <span class='ocrx_word' id='word_1_276' title='bbox 1217 4071 1337 4135; x_wconf 89' lang='lat' dir='ltr'>Asiam</span> <span class='ocrx_word' id='word_1_277' title='bbox 1353 4094 1562 4160; x_wconf 79' lang='lat' dir='ltr'>peragrasse,</span> 
     </span>
     <span class='ocr_line' id='line_1_32' title="bbox 327 4175 1384 4266; baseline 0.003 -27"><span class='ocrx_word' id='word_1_278' title='bbox 327 4183 365 4239; x_wconf 92' lang='lat' dir='ltr'>ut</span> <span class='ocrx_word' id='word_1_279' title='bbox 379 4199 513 4239; x_wconf 84' lang='lat' dir='ltr'>omnem</span> <span class='ocrx_word' id='word_1_280' title='bbox 530 4175 680 4238; x_wconf 90' lang='lat' dir='ltr'>omnium</span> <span class='ocrx_word' id='word_1_281' title='bbox 701 4177 823 4242; x_wconf 89' lang='lat' dir='ltr'>artium</span> <span class='ocrx_word' id='word_1_282' title='bbox 841 4179 1038 4244; x_wconf 87' lang='lat' dir='ltr'>varietatem</span> <span class='ocrx_word' id='word_1_283' title='bbox 1055 4178 1347 4266; x_wconf 84' lang='lat' dir='ltr'>complecteretur.</span> <span class='ocrx_word' id='word_1_284' title='bbox 1368 4203 1384 4243; x_wconf 79' lang='lat' dir='ltr'>a</span> 
     </span>
     <span class='ocr_line' id='line_1_33' title="bbox 285 4282 1562 4375; baseline 0.006 -29"><span class='ocrx_word' id='word_1_285' title='bbox 285 4282 539 4353; x_wconf 77' lang='lat' dir='ltr'>ASlAl&#39;lCl&#39;S,</span> <span class='ocrx_word' id='word_1_286' title='bbox 560 4282 756 4349; x_wconf 72' lang='lat' dir='ltr'>ASlAl&#39;ltJl</span> <span class='ocrx_word' id='word_1_287' title='bbox 770 4284 791 4349; x_wconf 89' lang='lat'>¹.</span> <span class='ocrx_word' id='word_1_288' title='bbox 810 4323 854 4335; x_wconf 94' lang='lat'>-</span> <span class='ocrx_word' id='word_1_289' title='bbox 876 4285 919 4367; x_wconf 90' lang='lat' dir='ltr'>ll,</span> <span class='ocrx_word' id='word_1_290' title='bbox 936 4287 989 4374; x_wconf 89' lang='lat'>57.</span> <span class='ocrx_word' id='word_1_291' title='bbox 1010 4285 1209 4351; x_wconf 89' lang='lat' dir='ltr'>Postulante</span> <span class='ocrx_word' id='word_1_292' title='bbox 1225 4286 1384 4375; x_wconf 75' lang='lat' dir='ltr'>(Vitellii)</span> <span class='ocrx_word' id='word_1_293' title='bbox 1397 4288 1562 4370; x_wconf 82' lang='lat' dir='ltr'>exercitu,</span> 
     </span>
     <span class='ocr_line' id='line_1_34' title="bbox 328 4389 1563 4482; baseline 0.006 -27"><span class='ocrx_word' id='word_1_294' title='bbox 328 4399 364 4455; x_wconf 91' lang='lat' dir='ltr'>ut</span> <span class='ocrx_word' id='word_1_295' title='bbox 385 4389 543 4455; x_wconf 90' lang='lat' dir='ltr'>lihcrtum</span> <span class='ocrx_word' id='word_1_296' title='bbox 562 4414 660 4454; x_wconf 93' lang='lat' dir='ltr'>suum</span> <span class='ocrx_word' id='word_1_297' title='bbox 677 4392 866 4456; x_wconf 88' lang='lat' dir='ltr'>Asiaticum</span> <span class='ocrx_word' id='word_1_298' title='bbox 882 4395 1031 4482; x_wconf 88' lang='lat' dir='ltr'>equestri</span> <span class='ocrx_word' id='word_1_299' title='bbox 1052 4393 1217 4480; x_wconf 82' lang='lat' dir='ltr'>dignitate</span> <span class='ocrx_word' id='word_1_300' title='bbox 1232 4393 1386 4476; x_wconf 85' lang='lat' dir='ltr'>donaret,</span> <span class='ocrx_word' id='word_1_301' title='bbox 1403 4394 1563 4463; x_wconf 89' lang='lat' dir='ltr'>inhones-</span> 
     </span>
     <span class='ocr_line' id='line_1_35' title="bbox 329 4498 1563 4594; baseline 0.006 -31"><span class='ocrx_word' id='word_1_302' title='bbox 329 4507 395 4563; x_wconf 89' lang='lat' dir='ltr'>tam</span> <span class='ocrx_word' id='word_1_303' title='bbox 421 4498 652 4564; x_wconf 87' lang='lat' dir='ltr'>adulationem</span> <span class='ocrx_word' id='word_1_304' title='bbox 677 4501 872 4588; x_wconf 91' lang='lat' dir='ltr'>compescit,</span> <span class='ocrx_word' id='word_1_305' title='bbox 897 4500 1018 4568; x_wconf 89' lang='lat' dir='ltr'>dein...</span> <span class='ocrx_word' id='word_1_306' title='bbox 1036 4502 1124 4566; x_wconf 87' lang='lat' dir='ltr'>inter</span> <span class='ocrx_word' id='word_1_307' title='bbox 1143 4510 1273 4568; x_wconf 88' lang='lat' dir='ltr'>secreta</span> <span class='ocrx_word' id='word_1_308' title='bbox 1287 4502 1435 4568; x_wconf 88' lang='lat' dir='ltr'>convivii</span> <span class='ocrx_word' id='word_1_309' title='bbox 1460 4503 1563 4594; x_wconf 87' lang='lat' dir='ltr'>largi-</span> 
     </span>
     <span class='ocr_line' id='line_1_36' title="bbox 328 4607 1562 4699; baseline 0.006 -29"><span class='ocrx_word' id='word_1_310' title='bbox 328 4613 392 4673; x_wconf 92' lang='lat' dir='ltr'>tur.</span> <span class='ocrx_word' id='word_1_311' title='bbox 417 4607 661 4695; x_wconf 78' lang='lat' dir='ltr'>honoravitque</span> <span class='ocrx_word' id='word_1_312' title='bbox 684 4608 872 4673; x_wconf 88' lang='lat' dir='ltr'>Asiaticum</span> <span class='ocrx_word' id='word_1_313' title='bbox 893 4609 1015 4682; x_wconf 72' lang='lat' dir='ltr'>anulis</span> <span class='ocrx_word' id='word_1_314' title='bbox 1041 4608 1176 4675; x_wconf 84' lang='lat' dir='ltr'>foedum</span> <span class='ocrx_word' id='word_1_315' title='bbox 1193 4610 1399 4699; x_wconf 89' lang='lat' dir='ltr'>mancipium</span> <span class='ocrx_word' id='word_1_316' title='bbox 1414 4619 1450 4677; x_wconf 87' lang='lat' dir='ltr'>et</span> <span class='ocrx_word' id='word_1_317' title='bbox 1464 4611 1562 4678; x_wconf 83' lang='lat' dir='ltr'>malis</span> 
     </span>
     <span class='ocr_line' id='line_1_37' title="bbox 328 4714 1548 4806; baseline 0.007 -28"><span class='ocrx_word' id='word_1_318' title='bbox 328 4714 456 4780; x_wconf 87' lang='lat' dir='ltr'>artibus</span> <span class='ocrx_word' id='word_1_319' title='bbox 478 4715 706 4781; x_wconf 76' lang='lat' dir='ltr'>ambitiosum.</span> <span class='ocrx_word' id='word_1_320' title='bbox 726 4753 770 4766; x_wconf 89' lang='lat'><em>-</em></span> <span class='ocrx_word' id='word_1_321' title='bbox 785 4716 827 4799; x_wconf 89' lang='lat' dir='ltr'>ll,</span> <span class='ocrx_word' id='word_1_322' title='bbox 843 4716 898 4805; x_wconf 82' lang='lat'>95.</span> <span class='ocrx_word' id='word_1_323' title='bbox 917 4715 1076 4782; x_wconf 82' lang='lat' dir='ltr'>Nondum</span> <span class='ocrx_word' id='word_1_324' title='bbox 1088 4726 1230 4806; x_wconf 90' lang='lat' dir='ltr'>quartus</span> <span class='ocrx_word' id='word_1_325' title='bbox 1258 4742 1277 4785; x_wconf 86' lang='lat' dir='ltr'>a</span> <span class='ocrx_word' id='word_1_326' title='bbox 1298 4719 1441 4785; x_wconf 77' lang='lat' dir='ltr'>victoria</span> <span class='ocrx_word' id='word_1_327' title='bbox 1461 4743 1548 4788; x_wconf 87' lang='lat' dir='ltr'>men·</span> 
     </span>
    </p>
   </div>
   <div class='ocr_carea' id='block_1_3' title="bbox 316 4940 552 5002">
    <p class='ocr_par' dir='ltr' id='par_1_3' title="bbox 316 4940 552 5002">
     <span class='ocr_line' id='line_1_38' title="bbox 316 4940 552 5002; baseline 0.008 -15"><span class='ocrx_word' id='word_1_328' title='bbox 316 4941 322 4973; x_wconf 86' lang='lat'><strong>¹</strong></span> <span class='ocrx_word' id='word_1_329' title='bbox 342 4940 465 5002; x_wconf 78' lang='lat' dir='ltr'>l&#39;uusor.,</span> <span class='ocrx_word' id='word_1_330' title='bbox 484 4943 552 4991; x_wconf 76' lang='lat'>1003.</span> 
     </span>
    </p>
   </div>
   <div class='ocr_carea' id='block_1_4' title="bbox 0 0 1860 6230">
    <p class='ocr_par' dir='ltr' id='par_1_4' title="bbox 0 0 1860 6230">
     <span class='ocr_line' id='line_1_39' title="bbox 0 0 1860 6230; baseline 0 0"><span class='ocrx_word' id='word_1_331' title='bbox 0 0 1860 6230; x_wconf 95' lang='lat' dir='ltr'> </span> 
     </span>
    </p>
   </div>
  </div>
 </body>
</html>
