3709 6234
745 887 751 894 ’
840 910 1006 969 iterares
1534 909 1568 970 15

332 1036 457 1102 Actum
477 1045 511 1103 et
543 1037 584 1103 de
608 1039 714 1103 sacris
737 1040 920 1127 Aegyptiis
941 1037 1155 1127 Iudaicisque
1182 1038 1348 1126 pellendis
1371 1039 1566 1129 laetumque

329 1152 464 1232 patrum
484 1145 691 1228 consultum,
708 1155 747 1213 ut
760 1154 921 1236 quattuor
947 1145 1039 1212 milia
1063 1144 1214 1212 libertini
1229 1147 1364 1234 generis
1380 1171 1418 1213 ea
1443 1171 1568 1236 super-

332 1252 469 1319 stitione
505 1252 672 1321 infecta...
702 1255 737 1320 in
768 1254 915 1320 insulam
955 1253 1147 1320 Sardiniam
1175 1254 1420 1322 veherentur...
1457 1254 1566 1322 Ceteri

330 1361 491 1427 cederent
507 1361 616 1443 ltalia,
633 1362 699 1428 nisi
713 1369 840 1429 certam
856 1370 934 1429 ante
949 1363 1039 1429 diem
1054 1363 1213 1452 profanos
1228 1363 1314 1429 ritus
1329 1364 1568 1431 exuissent.—

337 1467 447 1545 rl,6r.
492 1469 666 1559 (Queritur
700 1470 857 1560 Poppaea
891 1471 982 1559 apud
1011 1470 1216 1558 Neronem):
1241 1500 1257 1531 a
1275 1469 1378 1536 Malle
1403 1472 1567 1562 populum

332 1575 525 1641 Romanum
549 1576 699 1643 tibicinis
721 1579 884 1666 Aegyptii
902 1606 918 1639 »
939 1578 1096 1668 (Eucaeri
1116 1578 1290 1656 Octaviae,
1313 1579 1404 1667 quod
1429 1580 1567 1671 quidem

331 1683 404 1772 ipsa
420 1683 531 1752 linxit.
551 1683 710 1773 adulteri)
732 1711 748 1749 «
767 1684 921 1752 subolem
938 1686 1153 1773 imperatorio
1173 1685 1310 1774 fastigio
1324 1685 1439 1752 induci
1453 1688 1469 1751 ‘l
1486 1714 1515 1754 u.
1526 1723 1569 1737 -

332 1790 409 1869 t',5.
442 1790 592 1881 Corpora
622 1793 766 1860 condere
795 1794 939 1884 (ludaei)
965 1817 1067 1882 quam
1083 1817 1265 1859 eremaree
1285 1795 1565 1883 morenegyptio.

285 1897 542 1966 AEGYPTUS.
582 1940 625 1952 —
672 1901 763 1990 ²²59·
822 1901 1047 1967 Germanicus
1100 1903 1300 1990 Aegyptum
1342 1901 1569 1989 proficiscitur

330 2008 588 2096 cognoscendae
616 2009 872 2101 antiquitatis...
897 2014 1130 2098 Augustus...,
1157 2010 1272 2075 vetitis
1300 2009 1364 2074 nisi
1401 2010 1568 2098 permissu

333 2115 465 2203 ingredi
483 2116 696 2183 senatoribus
718 2123 778 2183 aut
803 2117 976 2209 equitibus
1001 2117 1163 2182 Romanis
1186 2116 1400 2197 inlustribus,
1417 2116 1569 2205 seposuit

334 2226 543 2313 Aegyptum,
567 2248 609 2290 ne
635 2225 723 2291 lame
750 2232 886 2315 urgeret
911 2224 1056 2307 ltaliam,
1080 2224 1238 2315 quisquis
1261 2247 1334 2290 eam
1357 2224 1567 2313 provinciam

332 2331 548 2422 claustraque
568 2340 677 2400 terrae
689 2356 727 2399 ac
743 2333 887 2401 maris...
904 2334 1098 2399 insedisset.
1114 2371 1156 2384 -
1169 2332 1259 2423 2‚67.
1278 2332 1426 2397 Maiores
1441 2332 1488 2397 M.
1508 2332 1568 2398 Le·

334 2439 451 2528 pidum
469 2440 655 2507 Ptolemaei
669 2440 785 2507 liberis
811 2449 959 2508 tutorem
978 2442 1011 2507 in
1033 2441 1228 2529 Aegyptum
1239 2441 1460 2507 miserant-
1475 2440 1565 2530 ²³⁶9·

334 2547 558 2614 Germanicus
573 2550 732 2638 Aegypto
748 2573 946 2616 remeans...
964 2586 1006 2596 -
1028 2547 1097 2630 l,5.
1122 2545 1240 2613 Cetera
1268 2547 1403 2611 Africae
1424 2545 1570 2635 (praeter

335 2653 485 2743 llauros)
500 2678 560 2744 per
569 2654 655 2721 duas
675 2656 825 2745 legiones
837 2654 1107 2744 (coercebantur)
1119 2656 1259 2744 parique
1275 2678 1415 2727 numero
1430 2655 1568 2743 Aegyp-

334 2769 401 2827 tus.
433 2800 475 2812 -
504 2764 595 2843 5,ιο.
630 2765 777 2830 Drusum
806 2764 999 2830 Germanici
1028 2763 1177 2830 filiurn...
1213 2762 1365 2852 elapsum
1395 2762 1569 2829 custodiae

336 2892 475 2957 pergere
491 2868 533 2935 ad
548 2879 708 2959 paternos
718 2872 899 2951 exereitus,
917 2875 1113 2961 Aegyptum
1134 2879 1194 2937 aut
1208 2871 1342 2959 Syriam
1357 2871 1567 2954 invasurum,

335 2976 510 3064 lingebant
523 2977 626 3044 simul
650 2978 899 3068 credebantque
923 2980 1087 3068 (Graeci).
1103 3017 1146 3030 -
1163 2978 1253 3060 6,28.
1274 2978 1380 3045 Paulo
1402 2977 1506 3044 Fabio
1526 2978 1566 3042 l..

334 3080 472 3150 t'itellio
482 3084 681 3152 consulibus
693 3093 771 3175 post
780 3085 921 3174 longum
932 3086 1146 3152 saeculorum
1157 3084 1322 3152 ambitum
1334 3087 1408 3152 avis
1420 3085 1568 3174 phoenix

334 3192 368 3257 in
383 3193 583 3283 Aegyptum
597 3194 733 3262 venit...
751 3194 869 3284 Aspiei
884 3194 1068 3284 aliquando
1080 3194 1114 3259 in
1131 3196 1290 3282 Aegypto
1306 3217 1380 3259 eam
1396 3192 1568 3258 volucrem

333 3322 400 3365 nun
440 3300 638 3389 ambigitur.
675 3339 719 3352 -
761 3303 870 3385 12,)3.
912 3300 982 3367 Nec
1015 3325 1104 3368 nunc
1136 3301 1380 3367 infecunditate
1420 3300 1566 3388 (ltaliae)

333 3402 518 3489 laboratur,
547 3406 606 3472 sed
635 3406 785 3472 Africam
810 3410 923 3497 potius
957 3416 991 3475 et
1024 3412 1220 3499 Aegyptum
1254 3432 1493 3475 exercemus...
1524 3447 1567 3459 -

338 3513 448 3594 ra,tr'o.
476 3514 583 3580 Divus
611 3515 790 3604 Augustus
816 3516 906 3606 apud
925 3526 1112 3607 equestres,
1143 3517 1202 3606 qui
1224 3515 1568 3605 Aegyptopraeside·

334 3629 421 3702 rent.
441 3621 515 3708 lege
543 3623 598 3711 agi
622 3622 824 3712 decretaque
843 3646 959 3689 eorum
980 3625 1121 3712 perinde
1151 3624 1267 3690 haberi
1292 3624 1449 3695 iusserat.
1475 3647 1513 3688 ac
1539 3623 1568 3688 si

335 3731 556 3817 magistratus
585 3729 749 3796 llomani¹
786 3731 1057 3797 constituissent.
1086 3770 1130 3782 -
1159 3732 1268 3812 13,22.
1300 3733 1482 3820 Aegyptus
1515 3731 1566 3796 Ti.

336 3836 480 3903 llalbillo
494 3838 745 3928 (permittitur).
767 3876 799 3888 -
832 3838 942 3921 15‚26.
957 3838 1122 3925 (Corbulo
1135 3839 1297 3905 exercitui
1308 3839 1383 3928 suo)
1395 3838 1565 3905 addidit...

333 3945 460 4012 uexilla
474 3945 683 4013 delectorum
699 3969 741 4011 ex
755 3944 890 4034 lllyrico
906 3955 940 4013 et
964 3948 1137 4036 Aegypto.
1158 3986 1196 3997 -
1227 3945 1334 4026 1536.
1363 3946 1433 4011 Nec
1461 3946 1568 4012 multo

336 4061 413 4142 post
425 4051 688 4143 (Nero),omissa
698 4054 734 4118 in
744 4076 905 4142 praesens
916 4055 1044 4120 Achaia
1064 4053 1228 4126 ...urbem
1239 4054 1368 4135 revisit,
1378 4054 1568 4141 provincias

335 4162 497 4241 Orientis,
512 4162 660 4227 maxime
675 4162 883 4249 Aegyptum,
902 4161 1041 4227 secretis
1051 4159 1352 4249 imaginationibus
1371 4161 1569 4249 agitans.-

338 4269 363 4338 l.
386 4295 435 4337 rr.
454 4269 651 4358 Aegyptum
666 4268 860 4357 copiasque.
888 4268 1012 4357 quibus
1028 4277 1250 4351 coerceretur,
1269 4269 1334 4333 iam
1355 4269 1464 4334 iudea
1483 4269 1569 4333 Iliso

337 4377 494 4467 Augusto
522 4377 654 4467 equites
684 4375 829 4441 ltomani
844 4375 1000 4443 obtinent
1020 4377 1094 4442 loco
1108 4399 1268 4465 regum...
1283 4414 1326 4425 -
1343 4375 1427 4465 l,70.
1446 4374 1568 4440 Siliani

336 4486 482 4576 (equites
497 4508 539 4550 ex
557 4484 730 4571 Africa)...
746 4506 765 4548 a
782 4482 928 4565 Nerone,
949 4484 1035 4550 utin
1051 4486 1247 4573 Aegyptum
1257 4483 1568 4572 praemitterentur,

336 4595 437 4660 exciti
472 4600 506 4658 et
541 4591 585 4656 ob
621 4590 748 4657 bellum
774 4590 926 4656 Vindicis
963 4592 1153 4658 revocati...
1193 4630 1236 4640 —
1268 4590 1354 4680 l.76.
1389 4591 1570 4679 Aegyptus

336 4723 522 4790 omnesque
536 4721 653 4765 versae
676 4699 711 4764 in
734 4696 906 4764 Orientem
925 4699 1118 4787 provinciae
1140 4699 1275 4764 nomine
1291 4697 1464 4785 (Othonis)
1478 4706 1569 4764 tene·

337 4807 470 4876 bantur.
487 4843 533 4858 -
549 4804 628 4887 ll,6.
652 4807 790 4895 Septem
805 4804 958 4893 legiones
973 4807 1086 4873 statim
1107 4806 1275 4895 (partibus
1296 4803 1509 4894 Vespasiani)
1535 4813 1569 4871 et

329 5046 335 5080 ¹
352 5046 666 5112 Nipperdey-Androm
679 5062 685 5097 ε
699 5044 798 5112 populi
812 5044 937 5097 Romani.
