3709 6234
729 876 843 930 ventvs
863 875 978 930 eotuo
1439 872 1492 926 705

260 1014 425 1104 (Munius)
438 1016 610 1104 Lupercus
625 1016 830 1104 legionarios
845 1039 862 1082 e
882 1015 1129 1105 praesentibus,
1147 1015 1252 1081 Vbios
1276 1040 1293 1080 e
1314 1015 1490 1103 proximis,

183 1113 185 1116 ⁵
257 1123 472 1188 Trevirorum
492 1124 664 1213 equites...
680 1124 803 1212 raptim
823 1124 1052 1190 transmisit...
1067 1122 1230 1188 Vbiorum
1253 1123 1492 1188 Treverorum-

257 1252 323 1318 que
343 1230 467 1295 auxilia
492 1230 588 1297 foeda
600 1232 679 1318 luga
690 1231 842 1319 dispersa
857 1231 938 1295 totis
953 1231 1082 1318 eampis
1094 1231 1290 1318 palantur...
1309 1270 1352 1279 -
1369 1229 1489 1300 1v,·.›.8.

256 1337 405 1424 (Civilis)
426 1339 553 1403 vastari
576 1337 681 1403 Vbios
705 1338 970 1427 Trevirosque...
1001 1337 1136 1403 iubet...
1168 1338 1315 1403 Actae...
1348 1337 1491 1424 praedae

258 1443 412 1509 infestius
428 1444 461 1509 in
478 1445 585 1527 Vbiis,
608 1446 699 1534 quod
711 1469 795 1533 gens
814 1446 1034 1511 Germanicae
1048 1445 1188 1532 originis
1200 1446 1325 1510 eiurata
1342 1445 1490 1532 patria...

258 1552 526 1640 Agrippinenses
541 1561 752 1619 vocarentur.
772 1554 897 1618 (laesae
912 1552 1068 1617 cohortes
1085 1575 1201 1617 eorum
1233 1553 1267 1616 iu
1297 1552 1371 1617 vieo
1401 1551 1492 1616 Mar-

257 1659 383 1724 coduro
419 1661 623 1726 incuriosius
656 1670 838 1749 agentes...
869 1661 938 1726 Nec
966 1662 1123 1749 quievere
1157 1661 1247 1741 Vbii,
1283 1685 1350 1750 quo
1379 1661 1490 1725 minus

259 1767 438 1853 praedase
463 1768 644 1834 Germania
668 1776 833 1856 peterent,
859 1769 967 1855 primo
998 1769 1148 1855 impune,
1175 1767 1252 1832 dein
1270 1767 1492 1833 circumventi

259 1881 350 1954 sunt,
368 1898 426 1963 per
441 1898 540 1941 omne
556 1875 588 1939 id
605 1875 732 1940 bellum
752 1875 889 1939 meliore
905 1876 958 1939 usi
974 1875 1038 1940 lide
1071 1897 1173 1962 quam
1194 1874 1338 1940 fortuna.
1367 1876 1493 1939 Contu-

260 1980 306 2045 sis
323 1981 418 2046 Vbiis
430 1983 565 2070 gravior
586 1991 619 2047 et
641 2005 928 2047 successurorum
950 1982 1092 2047 ferocior
1112 1981 1270 2049 Civilis...
1291 2021 1333 2030 -
1350 1982 1407 2064 lV,
1437 1982 1491 2047 55.

261 2088 387 2173 (Duces
415 2088 602 2153 Galliarum
627 2089 843 2154 rebellionem
877 2090 1088 2176 coeptantes)
1113 2090 1145 2153 in
1170 2088 1302 2153 colonia
1331 2089 1493 2177 Agrippi·

261 2195 397 2262 neusi...
410 2196 655 2262 conveniunt...
676 2195 858 2261 lnterfuere
868 2195 1005 2283 quidam
1023 2195 1184 2260 Vbiorum
1201 2197 1493 2284 'l'ungrorumque

259 2336 303 2351 -
326 2300 382 2383 lV,
411 2301 466 2368 63.
485 2304 755 2368 Transrhenanis
784 2302 943 2391 gentibus
972 2303 1080 2367 invisa
1091 2303 1238 2389 (colonia
1267 2303 1494 2391 Agrippinen·

261 2409 380 2494 sis)....
399 2433 507 2497 neque
539 2409 643 2474 alium
663 2410 764 2475 finem
786 2409 866 2476 belli
886 2409 1057 2490 rebantur,
1080 2434 1180 2499 quam
1202 2410 1230 2473 si
1251 2411 1440 2498 promiscua
1456 2436 1494 2475 ea

261 2516 358 2580 sedes
374 2517 531 2582 omnibus
551 2517 728 2582 Germanis
744 2517 828 2582 toret
841 2525 900 2582 aut
914 2516 1054 2582 disiecta
1071 2516 1175 2581 Vbios
1195 2540 1329 2606 quoque
1359 2517 1491 2606 disper-

261 2623 374 2687 sisset.
397 2662 439 2672 -
452 2625 509 2699 lV,
533 2649 585 2713 77.
600 2623 712 2690 Media
732 2625 820 2689 acies
840 2623 936 2688 Vbiis
955 2624 1232 2712 Lingonibusque
1252 2625 1331 2689 data
1349 2644 1356 2700 ;
1374 2624 1495 2689 dextro

260 2753 366 2795 cornu
386 2731 541 2796 cohortes
555 2732 803 2797 batavorum...
819 2770 862 2780 —
882 2730 923 2801 V.
944 2733 997 2809 al.
1016 2730 1201 2797 Cerialis...
1221 2731 1403 2796 Velaedam
1419 2754 1497 2819 pro-

261 2837 473 2926 pinquosque
493 2837 652 2904 monebat
674 2838 842 2904 fortunam
868 2837 990 2903 belli..
1017 2847 1158 2915 mutare,
1186 2863 1302 2903 caesos
1322 2838 1489 2908 Treviros.

262 2952 414 3032 receptos
427 2945 573 3012 Vbios...
594 2985 636 2994 -
653 2951 692 3025 G,
711 2949 764 3011 28.
782 2946 832 3011 Ne
846 2945 922 3009 Vbii
938 2945 1088 3034 quidem,
1112 2968 1316 3033 quamquam
1345 2946 1497 3010 llomana

261 3050 392 3116 colonia
420 3075 494 3117 esse
517 3053 701 3118 meruerint
726 3075 764 3118 ae
787 3052 948 3117 libentius
979 3053 1288 3140 Agrippinenses..
1320 3061 1494 3121 vocentur.

262 3158 391 3245 origine
400 3158 854 3242 (Germanica)erubesount,
864 3159 1067 3244 transgressi
1085 3158 1165 3222 olim
1182 3169 1256 3224 et...
1276 3183 1376 3247 super
1388 3160 1494 3247 ipsam

265 3264 373 3330 llbeui
390 3266 496 3353 ripam
516 3266 713 3333 collocati...
729 3268 750 3332 ¹.

219 3371 359 3448 VEllll,
381 3395 414 3439 v.
437 3373 602 3438 VEDIVS
625 3373 800 3439 POLLIO.

219 3479 447 3559 'VECTlVS,
468 3505 500 3547 v.
518 3479 718 3547 VET'l'lVS.
786 3534 790 3541 .

220 3585 384 3652 VElllVS
402 3587 588 3666 AQVILA.
609 3627 652 3635 —
687 3587 729 3665 ll,
749 3590 802 3665 ΔΙ.
834 3588 979 3652 Vedium
1009 3587 1171 3675 Aquilam
1206 3588 1324 3652 tertiae
1347 3588 1497 3652 decimae

262 3692 406 3782 legionis
421 3692 572 3781 legatum
593 3696 660 3760 irae
671 3695 818 3759 militum
839 3695 1142 3781 (Othonianorum)
1159 3694 1372 3759 inconsultus
1393 3718 1498 3782 pavor

263 3799 398 3867 obtulit.
418 3801 527 3866 llulto
544 3802 652 3867 adbuc
668 3802 722 3867 die
745 3800 872 3866 vallum
901 3802 1118 3889 ingressus..
1151 3801 1225 3866 Non
1252 3801 1396 3889 probris.
1429 3823 1497 3866 non

264 3907 421 3972 manibus
445 3907 675 3987 abstinent...,
693 3908 787 3973 nullo
803 3909 939 3996 proprio
958 3909 1099 3973 crimine
1115 3910 1199 3980 eius,
1217 3908 1276 3972 sed
1298 3932 1389 3972 more
1403 3907 1496 3994 vulgi

266 4037 363 4079 suum
386 4016 528 4103 quisque
541 4015 708 4101 llagitium
729 4015 803 4080 aliis
834 4014 1054 4080 obiectantes.
1083 4053 1126 4063 —
1146 4013 1206 4092 ΙΙΙ,
1242 4036 1272 4099 7.
1304 4013 1494 4099 Vulgato...

266 4122 430 4209 principia
454 4122 536 4186 belli
555 4120 934 4187 secunduml'lavianos
957 4121 1035 4186 data
1070 4121 1220 4207 legiones
1248 4121 1389 4208 septima
1417 4120 1497 4184 (ial-

264 4228 375 4302 biana,
392 4228 489 4293 tertia
506 4228 636 4293 decima
653 4228 795 4293 Gemina
807 4250 882 4291 cum
900 4227 1005 4293 Vedio
1019 4227 1144 4315 Aquila
1179 4227 1289 4314 legato
1320 4227 1496 4292 Patavium

264 4333 391 4400 alacres
406 4335 559 4402 veniunt.

221 4440 386 4508 VEDlVS
403 4442 567 4509 POLthl
582 4443 606 4520 '·',
629 4442 766 4506 vElul.
780 4479 823 4490 -—
843 4466 869 4520 ι,
891 4465 940 4507 ιο.
959 4445 999 4519 Q.
1018 4442 1138 4506 'l'edii3
1163 4450 1196 4506 et
1221 4440 1318 4505 Vedii
1334 4440 1498 4504 Pollionis

263 4547 375 4613 luxus.
398 4588 441 4597 —
471 4573 520 4627 12,
543 4548 597 4613 60.
624 4548 749 4613 Matios
776 4549 914 4636 posthac
936 4556 970 4613 et
994 4547 1118 4612 Vedios
1145 4556 1178 4612 ct
1209 4556 1320 4612 cetera
1346 4548 1497 4634 equitum

266 4655 496 4720 llomanorum
517 4655 711 4743 praevalida
726 4655 863 4720 nomina
879 4654 1001 4720 referre
1012 4654 1096 4719 nihil
1111 4655 1298 4720 attinuerit.

253 4826 259 4859 ¹
280 4826 312 4873 V.
331 4826 414 4874 etiam
432 4827 632 4872 etunrrrnnxsis
650 4824 765 4873 colonia.

251 4905 262 4940 ²
278 4906 306 4953 P.
325 4907 426 4953 Vedius
442 4904 537 4965 Pollio,
551 4905 674 4962 Pansam..
690 4904 748 4953 213.

252 4984 263 5019 ³
282 4984 402 5033 llbenani
419 4985 563 5033 lectionem
576 4986 684 5033 retinui.
704 4985 747 5033 Cf.
766 4984 798 5033 ud
814 5004 838 5037 o.
857 4984 969 5031 'linirem

318 5092 395 5141 Uarr.
414 5108 447 5140 nu
465 5092 546 5141 Luox.
565 5118 594 5129 -
613 5092 696 5140 Fauna
