3709 6234
356 835 411 891 722
893 843 923 897 L.
951 840 1105 896 vestitvs

400 1003 504 1047 senex
532 988 566 1048 et
595 983 864 1070 patientissimus
890 984 974 1056 veri.
997 983 1082 1049 bene
1110 981 1319 1070 intellegit...
1344 982 1588 1049 Marcellum...
1606 991 1644 1048 et

400 1087 557 1178 Crispum
590 1091 746 1156 attulisse
773 1091 815 1156 ad
845 1091 1028 1157 amicitiam
1061 1112 1169 1169 suam,
1215 1089 1305 1179 quod
1335 1112 1402 1155 non
1436 1114 1454 1155 a
1482 1090 1640 1178 principe

399 1196 588 1285 acceperint
614 1221 676 1265 nec
702 1199 808 1288 accipi
837 1198 945 1288 possit
962 1226 991 1264 »-
1023 1236 1067 1249 -
1096 1223 1128 1285 9·
1162 1225 1177 1258 “
1200 1197 1427 1263 Laudavimus
1461 1219 1570 1285 nuper
1600 1204 1642 1261 ut

399 1304 516 1368 miram
538 1313 571 1371 et
590 1307 747 1372 eximiam
785 1306 985 1396 Vespasiani
1032 1304 1281 1375 liberalitatem.
1319 1305 1409 1395 quod
1446 1309 1639 1392 quingenta

398 1412 553 1478 sestertia
579 1414 710 1502 (poetae
730 1413 855 1502 Saleio)
876 1415 981 1479 Basso
1003 1412 1176 1478 donasset.
1197 1435 1213 1477 a
1235 1451 1278 1461 -
1302 1437 1353 1501 ¹7·
1372 1437 1390 1478 a
1409 1413 1549 1478 Sextum
1569 1412 1640 1477 iam

396 1518 504 1585 felicis
524 1520 624 1586 huius
648 1521 855 1609 principatus
878 1522 1071 1599 stationem,
1097 1543 1163 1608 quo
1184 1520 1414 1608 Vespasianus
1429 1542 1499 1585 rem
1523 1517 1640 1608 publi·

396 1626 640 1694 camfovet¹.r›

351 1733 510 1801 VESTA.
523 1773 566 1784 -—
586 1760 613 1814 ι,
631 1736 663 1803 8.
684 1737 871 1824 Augusti...
892 1744 1132 1803 testamentum
1153 1735 1296 1802 inlatum
1314 1736 1363 1824 (in
1379 1739 1548 1823 senatum)
1576 1759 1640 1824 per
1745 1771 1755 1790 ·

395 1842 546 1930 virgines
569 1842 704 1911 Vestae.
723 1883 767 1892 —
787 1844 836 1924 15,
855 1842 909 1908 36.
925 1844 1043 1934 (Nero)
1060 1867 1136 1908 oum
1162 1842 1283 1910 Vestae
1303 1865 1437 1933 quoque
1467 1841 1639 1931 templum

395 1949 527 2026 inisset,
544 1958 681 2040 repente
693 1961 833 2017 cunctos
850 1975 910 2040 per
926 1960 1019 2017 artus
1043 1959 1203 2034 tremens,
1244 1973 1304 2017 seu
1342 1950 1478 2016 numine
1520 1958 1639 2016 exter·

397 2064 501 2136 rente,
519 2081 579 2124 seu
590 2058 777 2123 facinorum
801 2058 1074 2125 recordatione...
1094 2097 1138 2108 --
1162 2058 1212 2138 15,
1235 2061 1289 2136 tr.
1309 2057 1494 2124 Delubrum
1509 2057 1637 2124 Vestae

395 2186 472 2231 cum
488 2165 671 2232 Penatibus
690 2166 804 2255 populi
832 2166 974 2231 llomani
990 2166 1160 2254 (incendio
1181 2166 1324 2231 Neronis
1343 2173 1500 2232 exustum
1521 2167 1635 2252 est)...

394 2308 436 2323 -
454 2273 479 2352 l,
497 2277 551 2355 ta.
568 2273 647 2339 Piso
662 2273 888 2361 (Licinianus)
902 2274 936 2338 in
952 2274 1069 2339 aedem
1085 2274 1386 2369 Vestacpervasit,
1403 2279 1637 2361 exceptusque

396 2381 624 2447 misericordia
638 2380 764 2470 publici
788 2383 920 2451 servi...

351 2486 575 2554 VESTALlA
593 2488 863 2566 SrlCRA.-2,
886 2489 941 2554 86.
970 2488 1114 2555 Rettulit
1148 2487 1273 2555 Caesar
1294 2488 1493 2578 capiendam
1526 2488 1636 2576 virgi-

395 2596 521 2661 nemin
537 2595 648 2661 locum
664 2597 797 2677 Occiae,
814 2620 900 2686 quae
918 2604 1049 2686 septam
1068 2604 1102 2662 et
1117 2596 1362 2685 quinquaginta
1392 2619 1452 2684 per
1479 2617 1633 2663 annos..

398 2702 594 2768 Vestalibus
611 2703 716 2770 sacris
730 2703 957 2792 praesederat.

353 2807 595 2889 russatus,
628 2811 844 2876 vinomns
876 2810 1119 2888 vasianae,
1152 2809 1293 2876 vineo
1327 2809 1555 2904 rasistis.
1591 2850 1636 2861 -
1688 2795 1697 2810 “

395 2941 426 2997 2,
442 2917 524 2995 34...
542 2918 699 3005 Virgines
714 2918 868 2984 Vestales
888 2918 922 2983 in
938 2918 1009 2983 loro
1021 2924 1055 2984 et
1071 2917 1194 2983 iudicio
1215 2917 1335 2994 audiri,
1359 2918 1517 3007 quotiens
1536 2919 1636 2984 testi·

396 3025 547 3091 monium
581 3025 744 3106 dicerent,
780 3031 879 3091 vetus
913 3048 987 3091 mos
1016 3024 1117 3116 (luit).
1147 3064 1191 3077 -
1215 3027 1246 3103 4,
1279 3025 1328 3090 ι6.
1363 3024 1446 3092 Vt...
1472 3023 1636 3112 glisceret

394 3130 546 3221 dignatio
566 3132 835 3210 sacerdotum...‚
855 3131 1028 3198 decretum
1053 3131 1228 3199 Corneliae
1243 3132 1408 3219 virgini...
1436 3132 1634 3198 sestertium

393 3240 497 3306 vicies
518 3247 551 3306 et
570 3240 728 3329 quotiens
751 3242 908 3328 Augusta
937 3240 1103 3306 theatrum
1139 3240 1323 3316 introisset,
1351 3245 1389 3305 ut
1413 3238 1508 3305 sedes
1543 3239 1635 3307 inter

396 3347 584 3413 Vestalium
617 3347 818 3413 consideret.
850 3386 893 3396 -
924 3348 1041 3426 ¹¹232·
1073 3348 1285 3436 (Messalina)
1311 3346 1492 3420 Vibidiam,
1526 3348 1636 3433 virgi·

394 3478 474 3521 num
491 3454 679 3521 Vestalium
699 3456 977 3535 vetustissimam,
996 3456 1105 3521 oravit
1119 3456 1289 3543 pontilicis
1308 3455 1445 3520 maximi
1465 3453 1634 3543 (Claudii)

393 3587 490 3628 aures
511 3562 614 3640 adire,
638 3562 851 3628 clementiam
881 3571 1048 3650 expetere.
1073 3599 1115 3610 -—
1145 3562 1194 3633 15,
1225 3587 1276 3629 aa.
1305 3562 1511 3628 lleluncta...
1532 3562 1633 3650 virgo

393 3670 539 3736 Vestalis
556 3670 680 3747 Laelia,
699 3671 733 3734 in
755 3671 850 3734 cuius
868 3670 979 3734 locum
1002 3669 1201 3736 Cornelia...
1223 3677 1320 3757 rapta
1337 3678 1400 3735 est.
1420 3705 1465 3720 -
1490 3667 1551 3745 lll,
1572 3671 1630 3737 81.

393 3777 520 3842 Obviac
541 3778 631 3842 luere
656 3779 820 3863 (Antonio
843 3778 969 3862 l'rimol
991 3786 1024 3842 et
1037 3778 1185 3864 virgines
1206 3776 1360 3842 Vestales
1378 3801 1453 3842 cum
1474 3775 1634 3863 epistulis

394 3885 520 3949 Vitellii
536 3885 777 3948 arb-luminum
792 3885 968 3971 scriptis...
989 3884 1143 3970 Virgines
1163 3908 1239 3948 cum
1257 3885 1382 3948 honore
1397 3883 1568 3949 dimissae.
1588 3923 1634 3933 -

394 3992 451 4070 lV,
467 3992 521 4058 53.
540 3991 696 4073 Virgines
719 3991 871 4056 Vestales
894 3993 1103 4079 conspueris
1128 3991 1315 4079 puellisque
1343 3991 1495 4078 patrimis
1511 3992 1633 4055 matri-

392 4100 521 4187 misque
540 4122 659 4186 aquae
676 4098 825 4163 lontibus
849 4100 1072 4187 amnibusque
1102 4099 1221 4164 hausta
1246 4097 1397 4186 perluere
1414 4099 1538 4185 (aream
1557 4120 1633 4164 res-

391 4206 542 4270 tituendo
559 4206 728 4292 Capitolio
743 4205 916 4289 dicatam).

348 4316 361 4347 *
377 4312 619 4390 VllSl'lLlVS,
635 4336 668 4377 v.
688 4311 919 4377 VlS'l'lllVS.

347 4422 384 4486 L.
401 4418 650 4484 t'ES'sINt⁷s··'.
677 4458 719 4467 -
736 4419 793 4498 lV,
812 4419 865 4485 53.
882 4421 1138 4508 (Vespasianus)
1169 4444 1282 4486 curam
1304 4420 1504 4485 restituendi
1528 4421 1633 4510 Capi·

390 4527 462 4593 tolii
477 4527 510 4591 in
537 4526 676 4591 Lucium
694 4526 870 4592 Vestinum
886 4527 1028 4604 confert,
1056 4529 1222 4615 equestris
1243 4526 1372 4591 ordinis
1405 4526 1529 4605 virum,
1565 4530 1632 4595 sed

391 4635 589 4701 auctoritate
605 4634 759 4722 leniaque
775 4634 863 4699 inter
878 4659 1043 4722 proceres.

378 4874 386 4907 ί
401 4872 433 4922 V.
452 4874 533 4922 etiam
550 4872 583 4932 ll,
595 4890 617 4930 a,
632 4875 670 4937 75.
683 4887 728 4937 773
748 4874 795 4935 lll,
808 4890 846 4938 72,
859 4885 902 4940 743
919 4876 965 4928 lv,
980 4890 1003 4928 a,
1025 4892 1060 4930 rr,
1077 4876 1115 4934 46,
1129 4892 1166 4940 72.
1186 4877 1224 4926 86.

376 4954 426 5004 ²L.
440 4954 524 5003 lulius
543 4956 681 5004 Vestinus.
698 4956 822 5017 Pnosor„
842 4956 861 5005 l.
878 4961 935 5014 408.
