3709 6234
286 875 321 930 28
866 881 986 933 AFlthA

330 1004 443 1070 tiauus
468 1003 609 1070 Glitium
626 1003 806 1072 Gallum...
833 1004 1019 1069 amicorum
1047 1004 1246 1092 praecipuos
1272 1006 1504 1073 nominavere.
1529 1041 1567 1057 -

337 1111 385 1191 15,
404 1111 456 1176 58.
475 1111 550 1176 Non
566 1112 656 1177 enim
668 1108 871 1177 emittebant
883 1111 1038 1176 Lucanus
1053 1134 1187 1200 quoquc
1203 1119 1238 1177 et
1251 1111 1394 1179 Senecio
1410 1120 1444 1179 et
1464 1114 1567 1194 Quin·

331 1220 444 1284 tianus
456 1219 584 1306 passim
599 1219 754 1285 conscios
769 1218 880 1286 cdere.
901 1255 946 1269 —
965 1217 1013 1296 15,
1032 1242 1085 1308 70.
1104 1219 1244 1285 Senecio
1263 1220 1406 1307 posthac
1419 1228 1454 1287 et
1467 1221 1567 1301 Quin·

330 1327 443 1393 tianus
462 1334 495 1392 et
514 1328 699 1393 Scaevinus
720 1349 787 1391 non
802 1350 843 1392 ex
860 1326 971 1413 priore
983 1327 1074 1391 vitae
1089 1326 1273 1394 mollitia...
1290 1329 1431 1416 periere.

285 1434 470 1501 AFBlCA.
497 1474 530 1483 -
553 1459 580 1516 ι,
598 1434 652 1500 53.
677 1433 732 1498 nb
750 1433 787 1501 L.
805 1434 1008 1521 Asprenate,
1023 1457 1083 1522 pre
1098 1433 1236 1500 consule
1246 1435 1452 1502 Africae·
1464 1460 1497 1518 a,
1509 1437 1563 1515 43.

329 1542 437 1626 (Piso,
454 1541 518 1607 Cn.
537 1541 671 1606 Pisonis
685 1545 794 1630 pater)
824 1539 916 1606 civili
931 1539 1021 1606 bello
1037 1549 1254 1628 resurgentes
1269 1542 1304 1607 in
1319 1543 1436 1609 Africa
1452 1552 1563 1633 partes

328 1651 491 1716 acerrimo
507 1650 696 1715 ministerio
716 1648 879 1715 adversus
901 1648 1082 1714 Caesarem
1108 1649 1205 1715 iuvit.
1223 1689 1266 1699 —
1285 1653 1374 1731 aaa.
1399 1651 1564 1718 Adultera

329 1758 545 1848 (Appuleiae)
563 1755 692 1823 hlanlio
706 1756 803 1822 ltalia
826 1764 926 1843 atquc
949 1755 1065 1821 Africa
1080 1756 1296 1823 interdictum
1316 1766 1379 1825 est.
1396 1796 1440 1808 -
1461 1784 1492 1836 a,
1511 1759 1563 1826 52.

327 1868 455 1934 Eodem
476 1889 564 1933 anno
596 1874 754 1952 coeptum
784 1865 818 1928 in
843 1863 959 1929 Africa
987 1862 1115 1928 bellum
1134 1864 1218 1930 duce
1242 1865 1393 1931 hostium
1417 1866 1564 1933 Tacfari-

329 1986 447 2043 nate...
488 1974 606 2040 l'alida
633 1971 945 2062 (Musulamiorum)
975 1994 1059 2058 gens
1094 1981 1125 2037 et
1160 1970 1403 2039 solitudinibus
1430 1972 1564 2040 Africae

327 2084 559 2173 propinqua...
589 2081 711 2147 Furius
738 2079 903 2144 Camillus
932 2103 992 2168 pro
1021 2081 1159 2146 consule
1180 2080 1315 2146 Africae
1341 2082 1512 2168 legionem
1532 2090 1564 2148 et

326 2191 418 2280 quod
450 2190 513 2255 sub
535 2189 642 2276 signis
670 2189 880 2254 sociorum...
903 2187 947 2252 ad
979 2188 1111 2253 hostem
1132 2188 1301 2254 duxit-
1326 2189 1358 2268 3,
1388 2215 1421 2278 9.
1441 2190 1562 2257 Piso...

327 2299 527 2388 adsequitur
550 2298 731 2385 legionem,
758 2318 844 2383 quac
869 2319 886 2360 e
909 2294 1086 2359 Pannonia
1102 2296 1135 2360 in
1151 2295 1283 2367 urbem.
1303 2296 1381 2361 dein
1396 2296 1566 2383 praesidio

326 2408 460 2472 Africae
480 2404 678 2471 ducebatur.
706 2441 750 2454 -
775 2401 864 2476 3,ao.
885 2402 1011 2467 llodem
1027 2426 1115 2467 anno
1135 2403 1370 2471 Tacfarinas...
1388 2402 1518 2470 bellurn
1531 2404 1566 2469 in

327 2516 442 2579 Africa
462 2521 612 2579 renovat.
638 2551 680 2560 -
705 2511 737 2592 3,
763 2511 816 2576 32.
850 2510 967 2598 Neque
989 2510 1096 2576 multo
1116 2519 1193 2599 post
1213 2510 1327 2576 missis
1347 2509 1389 2574 ad
1409 2518 1566 2577 senatum

326 2623 450 2689 litteris
484 2621 638 2686 Tiberius
672 2627 797 2684 motam
837 2641 969 2683 rursum
1000 2618 1151 2683 Africam
1181 2618 1316 2684 incursu
1342 2617 1566 2684 Tacfarinatis

326 2730 483 2796 (locuit...
510 2731 559 2793 l)c
584 2727 698 2792 Africa
721 2724 907 2797 decretum,
938 2733 976 2791 ut
992 2723 1117 2790 Cacsar
1131 2725 1271 2813 legeret,
1294 2727 1348 2791 cui
1371 2726 1565 2793 mandanda

327 2833 572 2916 hera-:tte
586 2833 745 2898 Proximo
757 2842 896 2898 senatus
905 2832 959 2897 die
972 2831 1193 2920 Tiberiusper
1210 2831 1384 2900 litterae...
1395 2832 1455 2900 Μ’.
1466 2833 1566 2922 Lepi·

326 2944 408 3008 dum
424 2952 456 3010 ct
473 2942 606 3007 lunium
636 2940 794 3005 Blaesum
808 2940 1010 3010 nominavit.
1027 2963 1068 3004 ex
1093 2940 1170 3029 quis
1193 2964 1254 3028 pro
1272 2940 1412 3006 consule
1427 2940 1564 3006 Africae

327 3052 506 3137 legeretur.
526 3089 568 3098 -
589 3048 620 3126 3,
649 3051 701 3113 58.
739 3049 832 3113 lnter
856 3071 943 3135 quae
967 3046 1138 3136 provincia
1164 3046 1280 3113 Africa
1308 3047 1404 3113 lunio
1442 3047 1563 3115 Blaeso

326 3163 549 3247 prorogata...
567 3197 609 3206 -
631 3157 662 3226 3.
680 3179 734 3244 7²·
764 3153 898 3219 lunium
923 3153 1083 3218 Blaesum
1107 3176 1168 3241 pro
1192 3153 1331 3219 consule
1354 3153 1502 3222 Africae.
1519 3193 1564 3208 -

327 3265 358 3334 3,
377 3267 431 3354 73.
454 3264 660 3330 Tacfarinas.
684 3316 690 3329 .
709 3264 872 3350 reparatis
888 3260 1082 3349 perintime
1109 3260 1245 3327 Africae
1267 3261 1444 3331 auxiliis...
1464 3302 1509 3314 -
1528 3265 1560 3343 ά,

326 3374 357 3439 5.
376 3373 514 3438 Mauros
533 3372 614 3438 luha
638 3396 698 3437 rex
714 3378 930 3458 acceperat...
949 3369 1069 3435 Cetera
1086 3370 1221 3435 Africae
1237 3393 1296 3458 per
1310 3369 1396 3434 duas
1410 3369 1562 3457 legiones

331 3480 584 3570 (habebantur).
609 3518 652 3531 -
681 3482 713 3559 4,
747 3479 795 3543 ι3.
814 3477 864 3560 (C.
888 3476 1076 3564 Gracchus)
1092 3500 1150 3565 per
1173 3476 1322 3542 Africam
1353 3501 1391 3543 ac
1412 3477 1562 3543 Siciliam

329 3588 491 3654 mutando
513 3587 669 3652 sordidas
690 3609 819 3651 merces
843 3584 1140 3650 sustentabatur...
1172 3592 1223 3649 Ac
1250 3586 1284 3649 ni
1308 3583 1424 3650 helius
1445 3584 1560 3651 Lamia

326 3705 359 3761 et
393 3697 429 3762 l..
457 3697 643 3783 rlproniuS,
673 3695 730 3784 qui
756 3692 908 3757 Africam
935 3691 1164 3760 obtinuerant.
1196 3692 1364 3757 insontem
1394 3693 1561 3781 protexis-

326 3811 444 3870 sent...
464 3842 504 3855 -
524 3806 554 3880 t.
574 3804 627 3869 23.
648 3802 785 3889 lamque
805 3808 873 3865 trcs
886 3800 1056 3865 laureatae
1079 3800 1114 3865 iu
1130 3799 1213 3865 urbe
1233 3807 1377 3880 statuae,
1399 3808 1434 3866 et
1453 3801 1560 3868 adhuc

326 3909 482 3998 raptabat
502 3909 653 3974 Africam
680 3908 916 3973 'l'aclarinas...
944 3906 1069 3972 Caesar
1088 3915 1164 3995 post
1185 3930 1238 3972 res
1259 3931 1277 3972 a
1296 3907 1418 3972 Blaeso
1433 3915 1559 3996 gestas,

326 4018 423 4106 quasi
452 4015 556 4082 nullis
579 4017 645 4082 iam
676 4017 710 4080 in
732 4014 845 4079 Africa
867 4013 1034 4084 hostibus,
1058 4014 1221 4100 reportari
1248 4036 1372 4079 nonam
1393 4014 1558 4103 legionem

326 4128 482 4192 iusserat.
503 4163 547 4174 —
579 4126 607 4200 t.
631 4126 683 4200 ιι.
705 4122 911 4203 'lae-farinae,
944 4122 1097 4210 disperso
1118 4145 1252 4188 rumore
1276 4145 1345 4188 rem
1372 4123 1557 4188 Romanam

328 4232 404 4297 aliis
423 4254 557 4320 quoque
573 4230 614 4295 ab
643 4227 838 4295 nationibus
852 4229 991 4294 lacerari
1011 4251 1117 4316 eoque
1145 4228 1307 4316 paulatim
1328 4229 1444 4295 Africa
1463 4229 1556 4296 dece·

332 4340 507 4406 dere...-
525 4339 556 4419 6,
573 4338 883 4404 12.Postexustum
901 4335 1018 4401 sociali
1032 4335 1122 4401 bello
1138 4335 1343 4423 Capitolium
1354 4336 1555 4425 quaesitis...

332 4471 390 4535 por
410 4446 561 4512 Africam
584 4446 684 4511 ctiam
714 4469 751 4510 ac
778 4444 928 4510 Siciliam
954 4452 987 4509 et
1017 4443 1152 4510 ltalicas
1179 4443 1329 4509 colonias
1354 4445 1554 4511 carminibus

325 4554 486 4620 Sibullae.
505 4592 546 4603 —
572 4578 622 4634 ιι,
641 4577 677 4617 ιι
698 4552 849 4636 (Curtius
869 4551 1005 4639 Belus),
1028 4559 1209 4640 postquam
1226 4550 1386 4635 adolevit,
1413 4560 1553 4620 sectator

325 4663 525 4750 quaestoris.
550 4662 603 4727 eui
618 4658 732 4725 Africa
747 4659 957 4747 obtigerat...
978 4659 1164 4725 Consulare
1180 4661 1373 4747 imperium,
1397 4661 1552 4750 triumph:

326 4769 472 4854 insignia
503 4793 540 4834 ac
574 4776 745 4857 postremo
775 4766 926 4832 Africam
948 4766 1108 4833 obtinuit.
1134 4804 1173 4816 -
1207 4791 1257 4847 ιι,
1287 4767 1342 4844 43.
1372 4766 1442 4833 Nec
1469 4790 1551 4836 nunt

326 4874 568 4941 infecunditate
584 4874 729 4962 (ltaliae)
747 4873 932 4946 laboratur.
946 4873 1005 4939 sed
1021 4873 1171 4939 Africam
1186 4876 1300 4962 potius
1314 4882 1347 4940 et
1363 4877 1550 4964 .leg5ptuu

326 5006 624 5050 exercemus...—
665 5006 713 5052 ra.
737 4981 791 5070 59.
826 4982 1033 5072 (Tarquitius
1059 4982 1208 5070 Priscus)
1243 4982 1375 5070 legatus
1404 4982 1550 5072 (Statilii'
