3709 6234
809 903 827 952 t:
861 901 991 954 CASSIVS
1485 899 1538 959 ¹79

300 1060 343 1071 -
359 1022 384 1098 l,
402 1021 434 1087 6.
454 1021 554 1087 Multi
573 1023 614 1087 ad
630 1022 692 1087 hoc
708 1024 839 1088 numeri
854 1048 872 1089 e
888 1025 1069 1090 Germania
1089 1049 1127 1090 ac
1143 1026 1317 1091 Britannia
1330 1034 1364 1091 et
1385 1026 1537 1116 lllyric02

301 1150 386 1216 quos
400 1128 490 1194 idem
505 1128 593 1194 Nero
607 1128 735 1195 electos
751 1131 1022 1220 praemissosque
1045 1133 1087 1197 ad
1111 1131 1258 1198 claustra
1281 1133 1481 1221 Caspiarum
1503 1141 1536 1199 et

302 1234 440 1316 bellum,
466 1236 558 1324 quod
579 1238 612 1301 in
635 1235 789 1301 Albanos
813 1237 966 1325 parabat,
985 1240 1216 1327 opprimendis
1239 1240 1392 1305 Vindicis
1407 1241 1536 1328 coeptis

302 1352 531 1408 revocaverat.

258 1450 437 1517 CASSIA¹
454 1450 553 1516 LEX.
566 1487 609 1501 —
630 1477 679 1535 rr.
699 1452 753 1517 25.
771 1452 955 1518 Exhausiis
970 1454 1072 1519 etiam
1094 1454 1273 1542 (familiis),
1292 1477 1376 1543 quas
1392 1454 1535 1520 dictator

303 1556 427 1623 Caesar
446 1559 520 1646 lege
541 1557 658 1624 Cassia
682 1568 715 1624 et
735 1560 892 1648 princeps
917 1547 1191 1648 Augustus'lege
1216 1562 1336 1628 Saenia
1361 1561 1536 1648 sublegere

303 1665 350 1744 (in
364 1688 542 1732 numerum
562 1667 808 1753 patriciorum).

258 1772 415 1852 cassu,
437 1773 631 1840 FAMILIA
649 1774 822 1839 cassis.
839 1813 880 1823 -
902 1774 935 1853 6,
956 1801 985 1840 a.
1005 1777 1052 1839 aa
1069 1775 1235 1842 Itomae...
1255 1783 1385 1841 atroces
1400 1782 1536 1841 senten·

301 1880 366 1945 tiae
397 1880 634 1947 dicebantur..
676 1881 852 1969 Scipiones
887 1882 968 1948 haec
998 1895 1031 1947 et
1059 1881 1166 1947 Silani
1194 1890 1228 1947 et
1264 1882 1393 1948 Cassiis
1429 1882 1534 1949 isdem

301 1986 404 2053 ferme
415 1996 472 2053 aut
483 1989 620 2076 paulum
633 1988 822 2053 immutatis
834 1988 946 2053 verbis
957 1988 1211 2054 adseveratione
1224 1988 1533 2057 muliacensebant.

302 2133 345 2144 -
372 2118 420 2164 ra.
461 2119 509 2160 ra.
543 2097 614 2181 (C.)
650 2095 788 2160 Cassius
819 2096 953 2183 (Syriae
977 2096 1166 2183 legatus)...
1199 2117 1357 2161 revocare
1387 2098 1534 2184 priscum

303 2226 442 2281 rnorem,
469 2203 651 2267 exercitare
684 2202 895 2288 legiones..:
934 2204 979 2269 ita
1013 2203 1154 2288 dignum
1184 2203 1369 2268 maioribus
1398 2203 1468 2269 suis
1501 2211 1536 2268 et

304 2309 428 2373 familia
453 2308 571 2375 Cassia
591 2333 651 2397 per
671 2309 746 2374 illas
766 2332 900 2399 quoque
915 2317 1036 2396 gentes
1051 2309 1233 2375 celebrata.

258 2415 463 2482 CnsStvS³
491 2418 567 2502 (A).
593 2454 637 2466 -
658 2418 697 2490 G,
725 2416 777 2503 37.
801 2417 962 2483 Germani
986 2415 1143 2505 (Cimbri)
1177 2417 1330 2483 Carbone
1350 2426 1383 2483 et
1402 2417 1537 2483 Cassio‘

301 2531 335 2589 et
350 2524 475 2589 Scauro
495 2525 636 2589 Aurelio
651 2532 684 2589 ct
700 2525 843 2589 Servilio
865 2525 1035 2613 Caepione
1062 2525 1124 2590 Cn.
1147 2548 1281 2614 quoquc
1301 2524 1429 2591 Manlio
1454 2525 1536 2591 fusis

302 2630 356 2695 rel
371 2631 479 2719 captis
493 2632 642 2720 quinque
660 2631 760 2695 simul
789 2631 985 2697 consulares
1005 2632 1173 2697 exercitus
1194 2632 1318 2720 populo
1340 2633 1534 2701 Romano...

302 2738 526 2806 abstulerunt.

261 2846 483 2930 CASSIVS(
509 2851 537 2932 ).
559 2885 602 2898 -
629 2872 656 2920 ι,
682 2848 735 2935 73.
761 2846 899 2912 Faiauio
930 2846 1097 2911 obiciebat
1121 2854 1306 2924 accusator,
1329 2847 1420 2936 quod
1448 2848 1536 2913 iuter

301 2953 448 3019 cultores
463 2954 652 3040 Augusti...
671 2953 826 3019 Cassium
841 2954 1022 3042 quemdam
1043 2954 1184 3019 minium
1208 2978 1347 3043 corpore
1375 2955 1534 3021 infamem

301 3062 540 3129 adscivisset...
557 3062 737 3150 (Tiberius)
753 3062 886 3149 scripsit
906 3059 1142 3128 consulibua...
1161 3061 1315 3128 Cassium
1336 3063 1534 3128 histrionem

302 3170 440 3235 solitum
461 3170 549 3235 inter
567 3169 652 3234 alios
671 3169 820 3234 eiusdem
849 3170 931 3234 artis
952 3170 1114 3235 interesse
1133 3169 1234 3249 ludis,
1253 3193 1338 3259 quos
1353 3177 1460 3236 mater
1474 3193 1534 3235 sua

303 3278 336 3341 in
352 3277 547 3342 nicanoriam
557 3277 705 3365 Augusti
721 3284 898 3342 sacrasset.

259 3383 442 3450 CASSIVS
456 3385 529 3469 (C).
548 3420 590 3435 -
611 3385 659 3466 15,
674 3382 726 3448 66.
739 3383 899 3462 (Faenius
913 3384 1034 3472 liuius)
1051 3385 1145 3449 iussu
1160 3385 1370 3472 imperatoris
1384 3407 1402 3449 a
1417 3384 1534 3449 Cassio

303 3492 421 3570 milite,
442 3492 499 3579 qui
520 3490 563 3554 ob
586 3491 719 3577 insigne
744 3490 894 3578 corporis
918 3489 1019 3556 robur
1042 3489 1210 3561 adstabat.
1233 3492 1411 3579 corripitur
1426 3491 1534 3556 vinci-

302 3608 435 3686 torque.

258 3704 455 3776 CASSIVS.
473 3704 512 3770 C.
536 3704 742 3770 CASSIVS-'¹
761 3707 836 3788 (A).
859 3744 903 3754 -
924 3730 951 3781 ι,
970 3730 998 3769 2.
1019 3704 1122 3771 Bruto
1139 3713 1172 3770 et
1192 3704 1309 3769 Cassio
1320 3706 1427 3769 caesis
1442 3705 1533 3771 nulia

302 3813 366 3878 iam
384 3811 517 3899 publica
530 3835 634 3877 arma.
649 3849 694 3863 -
707 3835 735 3890 r,
753 3834 803 3877 ιο.
822 3813 901 3898 (Qui
917 3813 1021 3877 vitam
1035 3813 1179 3898 Augusti
1195 3810 1392 3898 arguebant,
1411 3835 1532 3878 conce-

302 3918 440 4005 debant)
457 3918 565 3984 Cassii
580 3927 614 3984 et
630 3919 809 3984 Brutorum
834 3921 946 3984 exitus
978 3920 1127 4007 paternis
1156 3918 1340 3983 inimicitiis
1360 3919 1469 3986 datos.
1491 3959 1536 3974 -

304 4052 333 4098 a,
352 4027 405 4103 43.
424 4026 530 4114 (Piso,
554 4027 604 4092 Cu
641 4026 775 4091 Pisonis
794 4027 915 4113 pater),
933 4027 1074 4091 Brutum
1096 4032 1129 4090 ct
1148 4025 1303 4091 Cassium
1322 4033 1471 4092 secutus.
1492 4065 1535 4078 -

303 4134 335 4204 3.
354 4132 407 4218 76.
432 4134 524 4198 iunia
545 4133 782 4221 sexagensimo
804 4142 924 4221 quarto
950 4141 1026 4222 post
1049 4133 1301 4222 Philippensem
1320 4134 1425 4199 aciem
1446 4157 1534 4199 anno

302 4264 495 4328 supremum
525 4240 613 4304 diem
643 4239 802 4327 explevit.
827 4292 848 4316 .,
882 4241 909 4306 C
941 4240 1049 4305 Cassii
1075 4264 1169 4318 uxor,
1197 4240 1244 4306 M.
1273 4241 1368 4306 Bruti
1398 4264 1531 4309 soror...

290 4506 296 4538 ¹
316 4503 401 4564 ignoti
419 4502 559 4550 cuiusdam
575 4502 670 4550 Cassii.

288 4583 489 4645 ²intellegendi
506 4587 570 4631 suut
584 4582 611 4631 L.
629 4583 738 4631 Cassius
754 4584 787 4636 Ι6,
807 4582 843 4644 ι5)
859 4586 886 4630 ct
904 4582 932 4631 t‘..
952 4582 1062 4630 Cassius
1076 4583 1121 4645 (Β)
1138 4585 1187 4640 (ia,
1202 4587 1242 4645 ιι)
1257 4585 1363 4633 tratres.

287 4668 298 4698 ³
313 4666 343 4714 L.
354 4666 462 4714 Cassius
482 4664 627 4725 Longinus.
639 4679 696 4716 cos.
714 4679 738 4711 a.
752 4664 796 4726 647
811 4682 843 4707 =
858 4679 909 4726 ¹⁰7·

288 4745 299 4781 ⁴
313 4746 413 4793 Bima
426 4761 432 4793 ι
445 4766 456 4785 «ι
469 4744 558 4792 Carbo
577 4745 629 4791 iam
641 4744 797 4792 nominatus
815 4759 886 4791 nnnc
898 4758 952 4790 uno
968 4744 1087 4799 nominc,
1099 4747 1128 4792 ut
1142 4760 1191 4806 par
1203 4748 1255 4804 cst,
1267 4748 1395 4805 vocatur3
1409 4743 1456 4791 sed
1470 4743 1535 4791 (las-

256 4828 312 4874 sius
329 4812 424 4874 eodem
443 4827 499 4872 iure
514 4839 568 4886 quo
583 4824 666 4873 cctcri
682 4823 839 4871 consulares
858 4823 958 4871 liberae
976 4823 1096 4872 civitatis
1118 4824 1226 4872 ‹irrobus
1244 4825 1426 4873 nominandus
1438 4827 1505 4872 crat.
1523 4845 1533 4864 »ι

257 4907 350 4968 itaque
364 4905 477 4953 scribit:
495 4905 526 4952 1..
543 4903 646 4953 Cassio.

287 4987 298 5020 ⁵
312 4986 341 5035 C.
353 4985 462 5035 Cassius
476 4984 620 5046 Longinus,
638 4987 749 5046 praetor
760 4999 783 5033 a.
802 4997 849 5045 7¹⁰
858 5000 890 5026 =
904 4989 944 5039 aa.

1402 5087 1441 5140 12.
