3709 6234
844 861 1010 914 antestis

329 1001 505 1078 inlectam,
532 1000 694 1066 subdolae
710 1001 895 1067 adlinitatis
916 1024 1044 1090 poenas
1059 1009 1167 1067 morte
1186 1000 1388 1070 exsolvisse.
1409 1040 1455 1054 -
1479 1027 1511 1082 a,
1530 1029 1558 1069 a.

328 1107 434 1192 (lnter
472 1132 507 1174 se
531 1108 696 1196 rogabant
726 1109 856 1192 Parthi)
886 1108 945 1174 ubi
972 1108 1065 1173 illam
1094 1107 1279 1196 gloriam...
1302 1111 1559 1178 exturbantium

330 1217 530 1283 Antonium.
546 1253 587 1266 -
614 1242 645 1296 ι,
661 1217 692 1281 3.
717 1217 921 1284 Armenia...
951 1218 1079 1284 inter...
1108 1217 1311 1284 Parthorum
1335 1227 1370 1285 et
1392 1219 1562 1285 Romanas

330 1347 411 1412 opes
437 1322 539 1387 inlida
555 1322 597 1388 ob
625 1323 736 1389 scelus
756 1325 907 1404 Antonii,
935 1324 995 1413 qui
1013 1325 1228 1392 ⁴irtasasden
1246 1349 1360 1414 regem
1387 1328 1563 1394 Armenio·

331 1454 447 1497 rum...
465 1431 691 1497 interfecerat.
713 1470 754 1485 -
771 1456 802 1510 ι,
818 1433 872 1509 43.
893 1433 1144 1521 (Germanicus)
1156 1457 1258 1499 avum
1270 1435 1317 1502 M.
1331 1435 1563 1503 Antonium...

331 1539 452 1604 terens.
476 1575 516 1587 —
533 1561 562 1610 ι,
577 1538 631 1602 53.
649 1540 912 1605 Germanicus..
934 1541 1029 1605 sinus
1047 1540 1187 1606 Actiaca
1204 1542 1342 1607 victoria
1369 1542 1519 1609 inclutos
1532 1549 1566 1608 et

331 1653 479 1712 sacratas
500 1645 541 1710 ab
562 1647 719 1732 ¹lugusto
742 1647 919 1712 manubias
947 1655 1125 1737 castraque
1146 1649 1288 1714 Antonii
1305 1673 1382 1715 cum
1411 1650 1566 1716 recorda-

333 1755 422 1819 tione
451 1754 616 1818 maiorum
646 1776 786 1818 suorum
806 1752 900 1819 adiit.
919 1754 1074 1843 Namque
1103 1755 1174 1822 ei...
1193 1779 1277 1822 avus
1292 1757 1510 1825 Antonius...
1523 1793 1567 1808 -

333 1886 364 1942 2,
383 1864 435 1927 55.
468 1860 531 1926 Cn.
563 1861 684 1926 Piso...
714 1862 953 1926 Germanicum
987 1863 1233 1950 perstringens,
1257 1864 1347 1952 quod
1381 1865 1566 1952 (civitatem

333 1969 650 2055 ,inaniens-ium)...
682 1969 841 2033 comitate
878 1969 982 2033 nimia
1018 1969 1203 2037 coluisset:
1229 1971 1291 2036 hos
1320 1973 1411 2037 enim
1448 1997 1564 2040 esse...

333 2078 475 2142 Antonii
495 2075 658 2140 adversus
679 2073 802 2138 llirmn
838 2078 1034 2163 Augustum
1050 2078 1172 2144 socios.
1203 2119 1244 2130 -
1272 2081 1304 2160 3,
1330 2081 1381 2146 18.
1397 2079 1509 2146 Multa
1526 2103 1568 2145 ex

334 2184 478 2270 (Aurelii
499 2184 634 2270 Cottae)
663 2184 831 2248 sententia
861 2183 1016 2272 mitigata
1041 2193 1121 2251 sunt
1142 2209 1161 2251 a
1181 2186 1357 2275 principe:
1380 2209 1424 2252 ne
1443 2209 1566 2253 nomen

334 2292 468 2358 l'isonis
480 2292 576 2356 lastis
591 2292 805 2371 eximeretur,
828 2291 964 2380 quando
984 2293 1030 2358 M.
1048 2293 1203 2370 ¹lntonii,
1217 2293 1276 2382 qui
1296 2292 1424 2358 bellum
1439 2293 1568 2382 patriae

334 2400 479 2480 lecisset,
512 2399 705 2486 (maneret).
729 2436 770 2447 -
792 2403 823 2478 rt,
871 2399 924 2476 :ta
968 2400 1148 2489 (Loquitur
1189 2400 1384 2466 Cremutius
1422 2401 1571 2484 Cordus)

336 2539 348 2562 o
437 2507 577 2573 ,latonii
593 2505 802 2594 epistulae...
821 2505 905 2571 falsa
931 2508 1068 2594 quidem
1089 2509 1123 2573 in
1140 2511 1334 2595 ¹lugustum
1352 2507 1490 2598 probra,
1510 2507 1569 2574 sed

335 2617 441 2682 multa
461 2640 536 2680 eum
553 2613 735 2680 acerbitate
752 2612 889 2680 habent.
911 2652 957 2666 -
984 2618 1012 2698 t,
1030 2616 1083 2692 as.
1103 2616 1308 2704 tl'emplum)
1327 2615 1454 2682 [tianae
1480 2616 1570 2682 Lim-

336 2723 501 2789 natiuis...
534 2721 788 2787 Lacedaemonii
818 2722 1036 2787 lirmabant...
1061 2725 1100 2787 C.
1132 2722 1288 2788 Caesaris
1311 2723 1407 2788 etll.
1427 2723 1570 2788 Antonii

336 2832 501 2896 sententia
519 2829 609 2916 (sil-‚ii
626 2829 809 2897 redditum.
821 2867 865 2880 -
880 2833 913 2910 ά.
928 2832 981 2908 tt.
1002 2831 1073 2916 (li.)
1087 2831 1271 2897 Domitium
1287 2830 1459 2896 decoravit
1476 2839 1572 2919 pater

335 2939 426 3005 cirili
442 2938 530 3004 bello
553 2938 656 3002 rmrris
678 2944 809 3024 potens,
832 2936 938 3001 ‹lonec
955 2938 1098 3001 Antonii
1127 2937 1292 3025 partibus,
1317 2961 1395 3002 mos
1415 2937 1570 3003 Caesaris

336 3047 545 3111 misceretur.
564 3084 606 3092 -
626 3069 676 3116 ιι,
700 3069 730 3132 7.
757 3067 772 3106 a
805 3044 964 3108 Asinium
984 3051 1018 3108 et
1047 3043 1241 3122 Messalam,
1267 3044 1355 3110 inter
1381 3045 1570 3110 Antonium

336 3161 369 3219 et
386 3154 579 3238 Augustum
596 3151 761 3216 bellorum
779 3152 937 3238 praemiis
956 3153 1095 3216 refertos
1109 3177 1171 3218 ...ιι
1184 3153 1403 3242 (lequuntur
1429 3153 1571 3220 Suillius

336 3271 370 3327 et
401 3261 503 3326 ceteri
521 3282 528 3341 3
546 3259 589 3326 el.
613 3285 662 3338 ιι,
684 3259 738 3344 ep
756 3296 800 3309 -
814 3259 856 3328 ΙΙ.
880 3259 911 3325 ti.
929 3259 1103 3347 Pompeio,
1122 3259 1252 3344 Cassio,
1271 3261 1387 3334 Bruto.
1406 3261 1569 3334 Antonio,

336 3393 421 3457 quos
436 3392 554 3432 omnes
572 3375 665 3431 trans
685 3390 774 3431 mare
791 3377 944 3432 secutum
959 3374 1010 3431 est
1024 3368 1124 3432 civile
1139 3367 1279 3446 bellum,
1300 3367 1389 3432 baud
1418 3367 1571 3456 prosperi

337 3477 448 3541 exitus
461 3477 605 3539 lnerant.
619 3511 662 3522 -
681 3473 740 3553 lll.
752 3477 805 3551 24.
820 3475 992 3538 ¹intonius
1005 3474 1211 3562 (Primus)...
1229 3475 1324 3562 plura
1337 3474 1379 3539 ad
1393 3475 1570 3556 tertianos,

337 3591 490 3649 veterum
505 3583 758 3669 recentiumque
775 3581 974 3662 aditionem,
997 3590 1035 3649 ut
1053 3581 1117 3646 sub
1139 3581 1186 3646 bl.
1210 3581 1359 3647 Antonio
1385 3581 1570 3650 Parthos..

339 3692 561 3779 pepulissent.
591 3731 633 3740 -
656 3691 716 3763 lll,
753 3690 807 3756 oo.
841 3689 992 3754 «Nona
1023 3692 1166 3756 Caesare
1205 3689 1418 3778 Pompeium,
1435 3713 1505 3755 non
1530 3690 1573 3756 ab

340 3801 497 3882 ¹ingesto
514 3799 701 3863 ¹intoninm
715 3798 900 3861 incolumes
920 3797 1099 3864 relictos».
1111 3838 1155 3849 -
1172 3799 1211 3876 V,
1232 3823 1264 3888 9.
1284 3799 1386 3864 Civili
1400 3799 1491 3866 inter
1512 3822 1574 3865 nos

340 3906 440 3986 bello,
475 3914 653 3994 postquam
680 3907 713 3969 in
743 3904 910 3969 dicionem
947 3906 994 3970 M.
1021 3906 1162 3971 ,latonii
1187 3907 1379 3994 provinciae
1392 3905 1574 3996 (Orientis)

339 4021 521 4080 cesserant.
531 4067 536 4078 .
545 4063 550 4078 .
560 4013 712 4092 ‚ludaeos
726 4015 763 4078 tl.
775 4011 893 4077 Sosius
905 4012 1039 4101 subegit
1063 4015 1219 4100 ltegnnm
1230 4015 1272 4080 ab
1284 4015 1436 4081 Antonio
1447 4013 1574 4080 Herodi

339 4123 454 4189 (latum
477 4122 773 4207 i·iet0rrlugustus
793 4121 927 4187 auxit...
954 4121 1126 4186 Antonius
1156 4121 1249 4187 Felix
1275 4122 1433 4208 (Iudaeae
1452 4144 1572 4210 procu-

342 4238 444 4318 rator)
467 4281 487 4296 ..
503 4230 554 4293 ius
569 4229 698 4315 regium
714 4227 829 4292 servili
845 4227 980 4314 ingenio
996 4229 1156 4306 exercuit,
1167 4230 1315 4296 Drusilla
1328 4230 1528 4318 Cleopatrae
1541 4237 1571 4296 et

343 4338 483 4403 ¹lntonii
497 4345 596 4424 nepte
613 4336 645 4401 in
663 4337 914 4402 matrimonium
931 4344 1081 4425 accepta,
1098 4343 1136 4401 nt
1150 4337 1301 4402 eiusdem
1323 4336 1465 4403 Antonii
1479 4335 1569 4403 Felix

341 4469 518 4534 progener,
542 4444 704 4509 Claudius
719 4467 823 4531 nepos
842 4450 943 4510 esset.
962 4483 1000 4492 —
1026 4444 1067 4514 Υ.
1100 4468 1148 4509 ιι.
1167 4444 1220 4530 (Ιιι
1255 4445 1361 4510 muris
1377 4444 1567 4534 llierosoly·

340 4555 485 4634 moram)
500 4553 723 4640 conspicuo...
741 4553 876 4639 lastigie
894 4553 995 4617 turris
1012 4553 1175 4631 Antonia,
1205 4553 1238 4617 in
1257 4553 1417 4620 honorem
1437 4553 1486 4621 M.
1505 4555 1565 4618 An·

346 4662 427 4726 tmrii
443 4660 484 4724 ab
499 4660 629 4725 llerorle
644 4659 824 4748 appellata.
838 4697 881 4710 -
898 4660 934 4726 Ο.
953 4659 1007 4749 37.
1022 4657 1202 4748 (Loquitur
1218 4657 1407 4750 Maternus)
1425 4681 1433 4726 ε
1453 4689 1468 4718 κ
1485 4659 1561 4726 Non

344 4768 474 4854 opinor,
501 4766 740 4832 ...Ciceronem
771 4790 932 4854 magnum
966 4777 1133 4832 oratorem
1163 4767 1202 4834 l'.
1229 4767 1388 4845 Quintius
1416 4766 1562 4834 defenser

333 4984 338 5018 ¹
358 4985 389 5033 t'.
405 4985 496 5034 etiarn.
513 5000 535 5042 a,
557 4999 576 5032 ι.
