3709 6234
283 862 317 915 34
836 863 1016 917 AGlllPPlNA

327 984 537 1076 Agrippinae
556 986 847 1076 impenetrabili...
880 986 1089 1075 Agrippinae
1116 1003 1250 1074 quoque
1273 982 1421 1072 proximi
1435 982 1564 1049 inlicie-

325 1095 450 1160 bantur
462 1095 575 1184 pravis
590 1094 805 1160 sermonibus
820 1094 969 1161 tumidos
984 1093 1123 1182 spiritus
1138 1091 1388 1181 perstimulare.
1402 1128 1447 1143 -
1467 1093 1561 1176 4,17.

324 1202 507 1268 Pontifices
523 1226 707 1293 eorumque
723 1202 878 1291 exemplo
892 1203 995 1268 ceteri
1010 1200 1215 1283 sacerdoteS,
1231 1223 1308 1266 cum
1336 1221 1398 1287 pro
1429 1197 1564 1264 incolu-

324 1310 442 1376 mitate
460 1311 623 1399 principis
646 1319 726 1377 vota
746 1310 968 1398 susciperent,
994 1308 1164 1374 Neronem
1190 1330 1324 1398 quoque
1349 1313 1384 1373 et
1411 1307 1564 1373 Drusum

324 1417 530 1507 (Germanici
544 1417 646 1506 filios)
666 1417 774 1483 isdem
789 1418 843 1484 dis
860 1417 1198 1498 commendavere...,
1221 1414 1418 1482 Tiberius...
1435 1414 1564 1481 accitos

326 1525 547 1613 ...pontiliccs
576 1534 795 1614 percontatus
828 1533 892 1604 est,
915 1549 997 1591 num
1022 1523 1057 1589 id
1091 1523 1247 1614 precibus
1271 1521 1484 1612 Agrippinae
1503 1531 1565 1590 aut

323 1632 424 1697 minis
450 1632 691 1700 tribuissent...
721 1633 913 1701 Instabat...
950 1632 1092 1700 Seianus
1117 1631 1361 1720 incusabatque
1388 1630 1563 1697 diductam

323 1740 496 1807 civitatem
510 1749 548 1807 ut
563 1741 656 1807 civili
674 1741 777 1820 bello,
799 1765 873 1807 esse
888 1742 993 1829 quise
1008 1740 1156 1829 partium
1171 1738 1382 1827 Agrippinae
1396 1746 1562 1806 vocent...

321 1887 364 1899 -
389 1851 421 1925 l,
450 1872 498 1936 ¹9·
526 1847 608 1914 Erat
623 1872 709 1914 uxor
723 1848 807 1915 Silio
825 1848 921 1915 Sosia
941 1848 1051 1930 Galla,
1072 1848 1211 1914 caritate
1226 1846 1436 1935 Agrippinae
1449 1844 1563 1911 invisa

322 1955 476 2043 principi.
499 1995 542 2006 -
567 1959 597 2033 ,4,
628 1955 681 2046 39.
710 1956 864 2045 (Seianus
889 1956 1086 2044 compositis
1128 1955 1171 2020 ad
1191 1953 1362 2019 Tiberium
1394 1952 1563 2020 codicillis

322 2063 575 2128 matrimonium
599 2064 712 2129 Liviae
731 2065 884 2152 petit)...:
914 2094 930 2125 a
964 2063 1053 2129 Satis
1075 2062 1254 2129 aestimare
1273 2061 1399 2126 firmari
1421 2061 1561 2127 domum

320 2170 501 2235 adversum
532 2171 667 2261 iniquas
687 2172 897 2261 Agrippinae
924 2172 1132 2237 offensiones
1168 2198 1197 2238 ».
1219 2209 1263 2219 —
1296 2172 1401 2250 Mo.
1429 2168 1487 2234 Ad
1523 2191 1559 2235 ea

320 2277 475 2343 Tiberius
503 2278 638 2345 laudata
658 2280 782 2367 pietate
806 2279 962 2346 Seiani...
980 2279 1135 2345 adiunxit
1153 2296 1160 2344 :
1180 2305 1195 2341 a
1216 2276 1449 2366 ...simplicius
1466 2284 1556 2343 actu·

322 2409 409 2468 rum,
432 2386 473 2451 de
505 2387 690 2453 inimicitiis
718 2387 865 2476 primum
905 2386 1130 2477 Agrippinae,
1151 2409 1236 2476 quas
1263 2385 1364 2472 longe
1381 2384 1494 2450 acrius
1508 2408 1554 2450 ar·

322 2516 429 2572 suras,
447 2493 473 2558 si
488 2495 739 2561 matrimonium
767 2495 879 2560 Liviae
903 2494 1046 2560 velutin
1076 2502 1190 2582 partes
1209 2493 1348 2558 domum
1377 2493 1549 2559 Caesarun

324 2600 580 2667 distraxisset...
603 2633 617 2658 υ
638 2640 677 2652 -
701 2605 730 2679 l.
759 2605 811 2673 52.
842 2603 888 2668 Vt
917 2603 1021 2668 series
1047 2602 1150 2667 luturi
1166 2602 1200 2668 in
1216 2601 1444 2689 Agrippinam
1462 2601 1547 2667 exiti

323 2708 496 2796 inciperet,
516 2708 656 2774 Claudia
691 2708 835 2775 Pulchra
867 2709 1003 2775 sobrina
1028 2710 1100 2775 eius
1120 2708 1351 2798 postulatur...
1369 2707 1547 2796 Agrippina

321 2836 454 2903 semper
477 2824 572 2879 atrox
608 2823 677 2881 tum
707 2825 741 2882 et
762 2817 911 2904 periculo
939 2818 1147 2906 propinquae
1185 2839 1337 2896 accensa,
1373 2816 1485 2903 pergit
1518 2838 1545 2880 ar

322 2921 534 2988 Tiberium...
552 2951 567 2983 a
591 2923 730 2989 Frustra
751 2924 936 2990 Pulchram
955 2925 1151 3013 praescribi,
1173 2924 1228 2990 cui
1240 2924 1313 2989 sola
1343 2922 1438 2989 exitii
1457 2945 1540 2988 caus

322 3030 378 3110 sit,
396 3030 487 3119 quod
502 3030 727 3118 Agrippinam
747 3032 851 3099 stulte
876 3056 1014 3121 prorsus
1036 3033 1080 3098 ad
1099 3032 1229 3099 cultum
1248 3030 1454 3120 delegerit...
1479 3058 1496 3092 »
1516 3071 1540 3082 -

321 3142 353 3216 4,
377 3137 432 3204 53.
447 3138 495 3203 At
521 3138 710 3226 Agrippina
737 3141 897 3227 pervicax
923 3141 991 3207 irae
1012 3148 1044 3206 et
1064 3139 1183 3206 morbo
1210 3139 1360 3227 corporis
1376 3138 1538 3228 implicita

320 3267 398 3309 cum
418 3245 542 3309 viseret
570 3269 644 3309 cam
664 3247 800 3328 Caesar,
833 3248 980 3336 profusis
1004 3249 1062 3313 diu
1078 3272 1115 3314 ac
1129 3272 1188 3336 per
1203 3247 1377 3314 silentium
1392 3246 1536 3313 lacrimis

322 3376 400 3415 mox
421 3351 581 3416 invidiam
610 3362 643 3418 ct
673 3378 791 3442 preces
824 3355 978 3421 orditur:
1013 3355 1209 3421 subveniret
1242 3354 1430 3431 solitudini,
1458 3354 1534 3421 dare

323 3460 522 3525 maritum...
539 3499 581 3507 —
594 3462 626 3537 4,
646 3462 698 3536 54.
714 3462 825 3527 Aucta
842 3485 883 3527 ex
903 3486 943 3526 co
970 3463 1118 3552 suspicio
1138 3462 1349 3551 Agrippinae
1369 3469 1404 3528 et
1431 3462 1532 3528 intact

321 3592 377 3632 ore
409 3567 522 3655 (poma
553 3591 571 3632 a
605 3566 737 3632 'liberio
770 3567 898 3657 oblata)
919 3570 1026 3635 serris
1045 3570 1202 3635 tramisit.
1227 3608 1271 3618 -—
1290 3571 1323 3647 Δ,
1354 3567 1408 3635 60.
1447 3570 1530 3636 Atro

321 3676 422 3740 Drusi
441 3675 658 3761 ingenium...
681 3676 927 3741 accendebatur
948 3678 1087 3760 invidia,
1113 3677 1203 3765 quod
1232 3684 1340 3742 mater
1369 3677 1528 3766 Agrippir

320 3784 507 3870 promptior
527 3782 651 3848 Neroni
671 3791 753 3849 crat.
779 3823 817 3833 -
839 3786 870 3862 ά,
895 3785 949 3873 67.
972 3786 1157 3852 Seianus...
1182 3784 1342 3851 turbabat
1357 3784 1526 3870 (Tiberina

321 3913 386 3954 non
404 3890 469 3954 iam
489 3888 631 3955 occultis
646 3890 827 3956 adversum
847 3892 1076 3980 Agrippinam
1095 3901 1129 3958 et
1151 3892 1320 3958 Neronem
1345 3892 1488 3958 insidiis.
1516 3929 1524 3943 ·

320 4000 352 4075 4,
375 3997 429 4062 68.
466 3998 609 4062 Latiaris
643 3997 744 4084 (Titio
764 3998 890 4064 Sabino
911 4000 1027 4065 dolum
1048 4000 1196 4089 struens)
1222 3999 1390 4066 ...honora
1405 3999 1447 4065 de
1466 3999 1522 4066 Ger

320 4105 464 4183 manico,
485 4104 711 4191 Agrippinam
746 4106 921 4187 miseranS,
954 4107 1151 4174 disserebat.
1181 4110 1285 4185 —1l,
1321 4131 1375 4197 7⁰·
1415 4108 1519 4174 Secut

318 4211 471 4297 (Tiberii)
496 4212 669 4277 ...litterae
688 4220 802 4300 grates
832 4215 965 4301 agentis
980 4216 1128 4302 (senatui
1155 4214 1198 4280 ob
1211 4214 1464 4281 damnationem
1479 4215 1518 4280 Ti

320 4318 507 4406 Sabini)...,
542 4318 672 4384 adiecto
689 4321 854 4408 trepidam
874 4322 939 4387 sibi
959 4324 1120 4402 vitam...,
1134 4322 1228 4387 nullo
1249 4322 1450 4389 nominatim
1464 4346 1517 4389 cor

319 4425 469 4514 pellato;
493 4450 602 4516 neque
623 4434 736 4492 tamen
756 4427 976 4495 dubitabatur
1010 4431 1043 4495 in
1077 4429 1246 4496 Neronem
1266 4439 1300 4496 et
1330 4430 1515 4520 Agrippina

319 4534 460 4599 intendi.
479 4574 522 4583 -
546 4538 578 4615 4,
615 4560 668 4623 7¹·
700 4537 841 4601 Asinius
874 4537 1008 4619 Gallus,
1030 4538 1126 4603 cuius
1157 4537 1341 4603 liberorum
1367 4538 1513 4627 Agrippi

319 4648 496 4706 matertera
512 4650 594 4709 crat.
608 4682 648 4692 -
660 4647 692 4718 5,
707 4643 870 4735 albivia)
882 4646 1040 4733 sanguini
1051 4646 1200 4733 Augusti
1210 4669 1270 4734 per
1285 4646 1511 4711 coniunctione

317 4748 525 4836 Agrippinae
542 4757 575 4813 ct
590 4749 781 4815 Germanici
795 4751 938 4820 adnexa.
950 4790 993 4801 -
1005 4751 1036 4834 5,
1047 4753 1078 4818 3.
1096 4751 1245 4840 (Mortua
1269 4753 1375 4843 Livia)
1389 4753 1510 4819 missae

318 4857 351 4942 (a
371 4854 503 4921 Tiberio
519 4856 686 4946 patribus)
704 4859 738 4922 in
761 4859 987 4948 Agrippinam
1007 4883 1045 4925 ac
1060 4859 1232 4925 Neronem
1252 4860 1400 4929 litterae.
1415 4900 1458 4912 -
1471 4861 1505 4946 5,

319 4962 471 5051 Populus
484 4964 613 5052 efligies
623 4967 834 5055 Agrippinae
849 4990 888 5034 ac
899 4967 1044 5036 Neronis
1058 4992 1180 5058 gerens
1195 4969 1412 5037 circumsistit
1428 4969 1506 5035 curi.¹
