3709 6234
283 862 337 929 roo
762 864 918 927 urruns
938 865 1098 924 narrans

328 1017 478 1105 paucitas
496 1015 671 1082 nobilitat:
689 1015 845 1103 plurimis
858 1037 897 1080 ac
914 1012 1158 1079 valentissimis
1174 1009 1369 1076 nationibus
1382 1006 1483 1074 cincti
1499 1031 1567 1073 uon

327 1147 387 1210 per
400 1122 612 1212 obsequium,
632 1123 691 1189 sed
705 1123 884 1211 proeliis...
904 1122 967 1188 tuti
984 1127 1075 1186 sunt.

285 1230 539 1297 LANVVIVM.
563 1271 605 1282 -
627 1230 658 1312 3,
680 1234 734 1308 48.
753 1230 938 1319 (Sulpicius
963 1226 1150 1317 Quirinius)
1176 1235 1270 1292 ortus
1303 1224 1392 1315 apud
1425 1222 1570 1289 munici-

332 1339 424 1427 pium
446 1339 649 1404 Lanuvium.

285 1445 545 1526 LAODICENL
575 1445 822 1514 LAODICEA.
842 1484 885 1497 -
905 1448 937 1528 l,
956 1444 1009 1509 55.
1037 1443 1138 1534 (Cum
1159 1442 1397 1529 ambigeretur,
1420 1462 1569 1528 quanam

329 1555 363 1619 in
384 1555 520 1620 civitate
541 1555 643 1620 Asiae
672 1555 836 1644 templum
856 1553 979 1619 Tiberii
1005 1554 1235 1636 statueretur),
1260 1547 1457 1638 Hypaepeni
1473 1546 1571 1612 Tral-

329 1662 478 1751 lianique
495 1662 694 1728 Laodicenis
713 1687 751 1728 ac
768 1660 987 1749 Magnetibus
1011 1659 1112 1725 simul
1128 1657 1275 1725 tramissi
1295 1666 1332 1721 ut
1362 1678 1482 1743 parum
1513 1677 1572 1718 va·

330 1770 431 1837 lidi...
451 1808 493 1818 -
515 1773 564 1847 ιά,
585 1795 638 1860 27.
661 1770 789 1836 Eodem
810 1794 898 1836 anno
916 1793 958 1834 ex
978 1767 1179 1834 inlustribus
1201 1765 1303 1831 Asiae
1320 1762 1459 1829 urbibus
1485 1762 1571 1828 Lao-

329 1878 422 1943 dicea
444 1886 588 1944 tremore
614 1886 722 1944 terrae
740 1878 910 1968 prolapsa,
942 1876 1036 1942 nullo
1066 1901 1083 1941 a
1113 1875 1211 1940 nobis
1240 1872 1400 1950 remedie,
1422 1869 1570 1959 propriis

331 1985 452 2075 opibus
467 1986 624 2052 revaluit.

287 2092 520 2160 LAODICIA.
542 2131 581 2145 -
602 2119 633 2175 2,
660 2118 712 2183 79.
735 2093 905 2159 Domitius
931 2091 1140 2158 Laodiciam¹
1166 2088 1284 2155 urbem
1307 2088 1424 2175 Syriae
1450 2085 1571 2174 adpul-

331 2225 432 2268 sus...

289 2306 449 2375 LARES.
470 2348 510 2359 —
538 2332 587 2385 12,
607 2311 660 2387 24.
689 2306 921 2395 (Pomoerium
947 2306 1130 2393 Romuli)a
1151 2304 1222 2369 foro
1252 2302 1422 2384 boario...,
1449 2299 1571 2368 inde...

331 2442 390 2506 per
405 2418 471 2483 ima
488 2418 614 2483 montis
631 2416 833 2496 Palatini...,
853 2438 932 2479 mox
945 2413 1016 2502 (ad)
1031 2414 1141 2479 curias
1157 2419 1301 2487 veteres,
1319 2418 1392 2476 tum
1407 2410 1449 2475 ad
1464 2408 1573 2474 sacel-

331 2524 401 2590 lum
418 2526 554 2606 Larum,
572 2524 649 2589 inde
679 2523 807 2588 lorurn‘2
836 2523 1069 2588 Romanum...
1093 2519 1350 2609 (designatum).

254 2648 256 2650 ’
288 2631 447 2695 Laudis
451 2631 474 2694 S
496 2628 713 2709 CAECINA,
732 2653 765 2693 v.
785 2627 1001 2716 (CAECINA
1018 2625 1224 2712 LARGVS).

292 2737 578 2814 tantulum,
597 2760 628 2801 v.
653 2734 876 2799 PLAl'Tll'S
894 2734 1179 2800 LATERANVS.

293 2824 519 2920 Ln'l'lnuls,
538 2866 570 2907 v.
595 2841 809 2906 LATlNlVS
827 2841 1053 2907 LATIAlllS.

290 2949 501 3014 LA'l'lNll'S
523 2948 747 3024 LA'l'lAlllS,
767 2948 992 3025 LATIARIS,
1013 2946 1300 3014 L.·tT1N1VS³.-
1316 2950 1347 3024 l,
1365 2946 1419 3013 68.
1434 2945 1575 3033 (Titium

334 3055 513 3134 Sabinum)
560 3054 712 3119 latinius
757 3056 910 3135 Latiaris,
946 3056 1085 3122 Porcius
1128 3055 1224 3136 Cato,
1269 3055 1410 3121 Petilius
1450 3053 1573 3136 Rufus,

335 3161 381 3227 M.
400 3160 524 3249 Opsius
539 3170 696 3248 praetura
719 3159 825 3227 functi
849 3162 1105 3250 adgrediuntur,
1123 3162 1280 3251 cupidine
1304 3161 1513 3234 consulatus,
1531 3159 1574 3225 ad

334 3291 435 3355 quem
456 3289 521 3330 non
539 3267 603 3330 nisi
619 3291 678 3355 per
702 3268 863 3334 Seianum
888 3270 1040 3337 aditus...
1060 3270 1293 3358 Cnrnpositum
1310 3270 1397 3334 inter
1416 3269 1519 3357 ipsOS,
1538 3275 1578 3333 ut

337 3374 494 3443 latiaris,
512 3373 568 3460 qui
586 3375 717 3439 modico
736 3399 800 3440 usu
822 3378 985 3441 Sabinum
1006 3378 1236 3464 contingebat,
1254 3384 1399 3442 strueret
1415 3376 1574 3442 dolum...

339 3478 444 3564 Igitur
464 3480 605 3545 Latiaris
629 3482 735 3547 iacere
760 3483 918 3549 fortuitos
940 3485 1086 3572 primum
1104 3508 1318 3551 sermones..
1337 3486 1388 3549 Ac
1404 3484 1470 3548 iam
1485 3486 1576 3549 ultro

337 3587 483 3651 Sabinus
497 3611 655 3675 quaerere
673 3589 852 3672 Latiarem,
871 3594 1036 3658 ventitare
1051 3593 1230 3659 domum...
1252 3631 1297 3642 —
1312 3594 1343 3669 4,
1365 3593 1418 3681 69.
1442 3591 1576 3657 Interea

338 3694 480 3759 Latiaris
509 3706 676 3783 repertum
722 3698 755 3763 in
791 3700 926 3788 publico
963 3700 1138 3772 Sabinum,
1174 3702 1267 3766 velut
1294 3725 1409 3766 recens
1441 3700 1578 3787 cognitu

339 3811 548 3880 narraturus
578 3805 715 3869 domum
746 3815 779 3871 et
804 3808 836 3870 in
857 3808 1050 3874 cubiculum
1081 3810 1223 3875 trahit...
1242 3847 1284 3857 -
1306 3812 1338 3888 ri,
1371 3833 1423 3896 7¹·
1443 3807 1579 3873 atrebat

336 3910 469 3975 animus
485 3912 592 3976 antire
618 3914 800 4002 statimque
829 3939 1015 3981 memorare
1040 3918 1163 3998 exituS,
1186 3941 1270 4005 quos
1294 3916 1446 3981 Latinius
1470 3923 1577 4003 atque

338 4019 462 4105 Opsius
477 4020 645 4108 ceterique
662 4022 778 4108 {lugitii
795 4024 867 4088 eius
881 4033 1069 4112 repertores
1083 4024 1229 4089 habuere
1249 4078 1255 4104 ,
1274 4048 1342 4088 uon
1363 4023 1463 4087 nrodo
1483 4030 1577 4110 post·

338 4149 438 4215 quam
474 4126 512 4193 C.
547 4129 671 4194 Caesar
693 4154 804 4194 rerum
830 4133 958 4218 potitus
979 4141 1041 4210 est,
1073 4132 1131 4197 sed
1161 4130 1512 4197 incolumi'l'iberio...
1534 4164 1579 4181 -—

327 4360 332 4393 ¹
354 4358 451 4422 l'ulg.:
472 4357 641 4410 Laodiceam.

325 4440 398 4490 '²M:
415 4441 477 4489 lart'r
494 4440 647 4505 desnroque
664 4444 798 4505 (deletae
822 4445 942 4494 secundo
963 4457 1043 4495 manu
1069 4447 1130 4510 spll.
1157 4448 1209 4498 de).
1234 4447 1308 4499 Cor-r.
1328 4440 1535 4494 Weissenborn.
1551 4466 1583 4479 -

296 4521 413 4571 Onnum:
431 4543 442 4565 n
467 4522 610 4570 Larundae
628 4522 808 4590 serumque...
828 4526 973 4575 Lnrundne
991 4528 1047 4576 sire
1067 4528 1160 4584 tarne,
1186 4529 1280 4575 matris
1304 4527 1435 4577 larum...
1456 4527 1539 4573 Aram
1558 4520 1584 4571 el

296 4603 404 4651 vovisse
420 4604 529 4652 Tatium
555 4619 644 4666 regem
668 4606 751 4654 trudit.
778 4606 1073 4672 t'ar1·o,1..1..,5‚7.r.
1100 4610 1150 4664 Qui
1174 4612 1275 4658 Larum
1304 4609 1404 4670 legunt.
1427 4606 1583 4668 intelligunt

295 4680 419 4748 penninos
447 4686 528 4734 tures
548 4685 598 4751 qni
623 4683 739 4749 corripite
766 4691 878 4736 servant
899 4688 1002 4751 (Oviu,
1032 4691 1114 4740 Fast..
1144 4706 1169 4747 2,
1191 4690 1258 4750 διδ),
1289 4689 1415 4737 Mercurii
1444 4688 1582 4748 lurueque

297 4765 434 4829 nymphae
446 4767 545 4816 lilios...
567 4783 578 4810 u
1553 4815 1559 4830 ι

328 4847 338 4881 ³
357 4848 480 4910 Pnosor,
494 4849 524 4909 76
538 4863 543 4895 :
558 4867 570 4894 u
589 4847 612 4900 6,
627 4857 638 4906 t
651 4850 675 4895 in
692 4850 752 4896 cod.
767 4848 839 4897 Meu.
856 4854 918 4898 ante
946 4848 1107 4898 bernaldum
1124 4866 1173 4912 pro
1194 4850 1272 4899 Latin
1287 4877 1315 4886 —
1333 4850 1476 4911 legebatur
1489 4848 1583 4896 Lucan

296 4952 332 4986 -,
344 4930 415 4991 quod
431 4928 546 4976 sortasse
561 4944 653 4976 rerum
666 4944 672 4991 3
687 4931 720 4977 cl.
734 4930 804 4977 infru
817 4931 867 4977 sub
881 4929 1002 4978 Lurnru'o
1014 4930 1087 4978 Latia
1094 4946 1121 4978 re
1128 4947 1136 4978 :
1153 4931 1225 4993 apud
1238 4931 1363 4990 Dionem,
1376 4930 1421 4992 qui
1433 4943 1582 4992 cognomen

293 5010 384 5058 solum
395 5010 496 5072 posuit,
514 5010 630 5058 truditur
643 5009 786 5075 Ῥατιάριος.
807 5027 819 5056 »ι
836 5037 865 5048 -
881 5010 969 5060 Locus
986 5012 1081 5060 Dionis
1097 5015 1137 5060 est
1153 5012 1217 5068 58,r.
