3709 6234
285 842 338 900 592
842 850 1005 903 ROMARVM

329 991 525 1056 societatem
542 992 729 1058 Romanam
745 1016 811 1058 non
829 1002 1004 1074 exuerant,
1018 991 1205 1079 perfugere.
1221 1029 1262 1041 -
1275 990 1332 1069 IV,
1347 1015 1405 1080 7¹·
1432 989 1572 1055 «Velut

328 1098 481 1164 conlecto
510 1099 611 1176 bello,
649 1100 738 1188 quod
768 1100 941 1166 Romanae
964 1123 1086 1164 manus
1106 1099 1330 1187 excepissent.
1352 1098 1566 1171 »-v,18.

330 1205 544 1271 l)ebcllatum
564 1230 602 1271 eo
623 1207 676 1272 die
695 1208 792 1285 loret,
814 1209 842 1272 si
863 1207 1144 1273 Romanaclassis
1165 1207 1263 1295 sequi
1285 1213 1503 1271 maturasset,
1523 1240 1567 1253 -

329 1313 439 1388 Vm.
471 1313 520 1378 Ne
540 1322 612 1378 tum
641 1315 777 1403 quidem
806 1316 956 1379 Romana
980 1314 1100 1379 classis
1127 1338 1259 1401 pugnae
1282 1313 1400 1378 adluit.
1419 1313 1513 1377 —F.
1533 1336 1568 1376 2.

327 1420 525 1505 (Nonnullis
538 1420 717 1486 videbatur
733 1422 911 1510 (templum
937 1421 1307 1508 Hierosolymorum)...
1326 1444 1393 1485 non
1408 1426 1569 1507 oportere

329 1526 445 1605 deleri,
464 1529 568 1616 (quod
588 1531 775 1613 servatum)
787 1529 972 1595 modestiae
990 1524 1160 1593 Romanae
1176 1528 1407 1593 testimonium
1427 1580 1448 1594 ..
1472 1550 1571 1615 prae-

330 1633 449 1724 beret).
473 1671 514 1684 -
536 1636 574 1701 G.
607 1635 661 1701 28.
691 1635 740 1699 Ne
760 1635 1000 1724 l'biiquidem,
1022 1658 1227 1723 quamquam
1261 1635 1411 1698 Romana
1433 1632 1571 1698 colonia

329 1765 403 1807 esse
422 1742 646 1807 meruerint...
664 1779 708 1792 -
721 1740 774 1810 30.
799 1742 964 1830 Quodque
987 1742 1197 1806 rarissimum
1227 1764 1287 1805 nec
1310 1742 1374 1805 nisi
1394 1740 1570 1804 Romanae

328 1848 746 1936 disciplinacconcessum.
763 1849 839 1937 plus
855 1872 1016 1937 reponere
1027 1850 1062 1913 in
1074 1848 1159 1912 duce
1175 1871 1277 1936 quam
1296 1849 1330 1912 in
1347 1848 1508 1912 exercitu.
1525 1885 1570 1895 —

330 1956 384 2032 34.
403 1956 543 2023 Frisii...
564 1956 760 2022 ambiunt...
776 1957 960 2021 immensos
982 1957 1119 2043 insuper
1133 1955 1227 2021 lacus
1242 1964 1277 2020 et
1300 1954 1462 2020 Romanis
1480 1953 1569 2019 clas·

328 2062 423 2128 sibus
442 2064 630 2150 nauigatos.
657 2104 700 2112 —
725 2063 776 2140 43.
806 2064 895 2128 Deos
916 2062 1259 2151 (Nahanarvalorum)
1289 2062 1570 2151 interpretatione

330 2170 482 2235 Romana
510 2171 684 2236 Castorem
713 2170 953 2259 Pollucemque
978 2176 1177 2236 memorant.
1195 2209 1238 2218 -
1253 2170 1298 2233 A.
1323 2193 1373 2235 10.
1393 2168 1571 2233 Britannia

330 2276 528 2353 insularum,
556 2300 640 2366 quas
660 2278 812 2343 Romana
837 2278 956 2343 notitia
981 2278 1228 2365 complectitur,
1253 2277 1441 2344 maxima..
1471 2275 1569 2340 Hanc

328 2408 421 2449 oram
433 2384 608 2449 novissimi
622 2386 726 2450 maris
742 2395 821 2450 tuuc
837 2385 984 2473 primum
1002 2385 1153 2449 Romana
1163 2384 1284 2448 classis
1295 2383 1566 2449 circumvecta...

328 2530 370 2541 -
393 2491 708 2579 21.Vt,quimodo
728 2491 880 2578 linguam
902 2492 1089 2556 Romanam
1113 2490 1319 2572 abnuebant,
1338 2489 1570 2578 eloquentiam

329 2600 617 2685 concupiscerent.
640 2638 683 2647 —
697 2599 750 2664 30.
770 2623 786 2662 ιι
803 2598 924 2663 Nullae
948 2599 1035 2665 ultra
1059 2608 1166 2663 terrae
1186 2622 1223 2663 ac
1249 2621 1290 2662 ne
1316 2619 1408 2662 mare
1429 2596 1569 2684 quidem

328 2728 483 2769 securum
500 2706 697 2770 imminente
712 2706 809 2771 nobis
832 2706 940 2770 classe
961 2707 1125 2771 Romana.
1147 2730 1163 2768 ι)

291 2814 341 2900 ιο)
377 2814 536 2877 luenmvu
580 2835 749 2889 aestuavit,
784 2835 835 2879 rus
870 2835 1040 2879 uouaavu.
1085 2853 1126 2862 -
1179 2838 1206 2892 ι,
1233 2816 1287 2890 ιίι,
1330 2840 1345 2873 a
1382 2811 1569 2900 Imperium

329 2920 519 2985 Romanum
558 2922 662 2986 ceteri
703 2921 870 2986 exercitus
918 2920 1150 2986 defendent.»
1184 2959 1227 2968 -
1265 2944 1293 2993 ι,
1327 2922 1380 3008 59.
1430 2947 1445 2979 «
1479 2917 1570 2982 Aliis

326 3027 484 3114 gentibus
512 3028 703 3113 ignorantia
729 3028 860 3116 imperii
883 3029 1027 3092 Romani
1050 3029 1224 3115 inexperta
1254 3050 1326 3091 esse
1349 3026 1529 3114 supplicia.
1553 3054 1569 3085 ιι

328 3159 418 3208 -α,
441 3139 495 3212 4²·
524 3134 761 3201 'larbabantur
791 3136 946 3200 nationes
975 3135 1297 3222 (Commagenorum
1338 3142 1372 3199 et
1406 3132 1569 3220 Cilicum)

329 3241 498 3329 plerisque
537 3243 737 3310 Romanum.
772 3242 846 3307 aliis
885 3243 1015 3328 regium
1054 3243 1231 3329 imperium
1263 3240 1492 3328 cupientibus.
1526 3279 1569 3289 —

330 3374 360 3415 2.
378 3348 431 3414 56.
447 3350 720 3437 (Cappadocibus
741 3352 773 3413 in
796 3351 938 3415 sormam
952 3351 1143 3437 provinciae
1158 3349 1317 3430 redactis)
1339 3347 1506 3435 quaedam
1528 3372 1570 3412 ex

329 3457 429 3541 regiis
449 3455 584 3521 tributis
606 3457 792 3532 deminuta,
815 3482 881 3545 quo
913 3458 1029 3520 mitius
1047 3458 1238 3520 Romanum
1257 3456 1436 3543 imperium
1453 3478 1570 3542 spera·

329 3570 432 3625 retur.
451 3599 491 3611 -
514 3588 543 3632 α.
564 3564 617 3628 6ι,
636 3564 734 3627 lirim
756 3572 895 3628 ventum
914 3563 1162 3651 Elephantinen
1186 3587 1222 3627 ac
1252 3563 1398 3648 Syenen,
1418 3561 1569 3625 claustra

329 3669 410 3733 olim
426 3670 567 3733 Romani
588 3671 732 3757 imperii,
757 3671 848 3759 quod
865 3694 953 3735 nunc
981 3669 1132 3734 Rubrum
1157 3669 1199 3733 ad
1229 3693 1319 3733 mare
1348 3670 1503 3755 patescit.
1527 3707 1570 3718 -

331 3776 362 3842 3.
387 3802 440 3863 7¹·
462 3776 643 3864 Repertum
664 3787 713 3842 cst
735 3830 756 3843 ..
774 3786 955 3843 cunctas..
984 3777 1204 3841 caerimonias
1226 3776 1351 3841 Italicis
1380 3776 1415 3839 in
1434 3775 1571 3863 oppidis

332 3882 523 3971 ternplaquc
548 3893 579 3947 et
598 3886 774 3948 numinum
797 3886 926 3971 efligies
947 3885 1028 3948 iuris
1049 3894 1150 3972 atque
1176 3884 1305 3970 imperii
1324 3883 1467 3946 Romani
1480 3907 1568 3947 esse.

328 4028 373 4040 —
410 3992 458 4056 15.
493 3991 524 4058 ti.
561 3990 784 4076 (Caesennius
813 3993 949 4077 Paetus)
979 3991 1138 4055 dictitans
1168 4014 1245 4060 se...
1281 3990 1479 4077 pirineniis)
1510 4014 1572 4077 pro

331 4096 449 4160 umbra
470 4098 559 4183 regis
582 4098 770 4162 Romanum
792 4100 843 4162 ius
863 4099 961 4163 uictis
985 4099 1232 4185 impositurum.
1254 4136 1296 4145 -
1322 4099 1371 4170 15,
1394 4096 1442 4161 13.
1460 4128 1474 4155 u
1491 4097 1572 4160 Par·

332 4205 409 4275 tlris,
422 4203 863 4292 Rouumiimperiiaemulis.
877 4234 940 4264 ιι-
953 4204 1069 4292 lt',59.
1080 4205 1201 4290 (lulius
1218 4204 1406 4288 Classicus)
1425 4206 1574 4292 sumptis

332 4310 474 4373 Romani
495 4313 624 4398 imperii
641 4313 842 4398 insignibus.
859 4352 900 4363 -
921 4315 960 4378 G.
980 4337 1032 4400 ²9·
1054 4313 1226 4380 Batavi...
1248 4310 1448 4375 Chattorum
1464 4334 1575 4399 quon·

331 4417 408 4480 dam
444 4419 645 4506 populus...
682 4420 715 4482 in
742 4444 798 4483 eus
845 4420 943 4483 sedes
991 4427 1236 4505 transgressus,
1273 4420 1305 4481 in
1336 4418 1462 4505 quibus
1494 4442 1577 4506 pars

334 4525 475 4588 Romani
490 4527 618 4612 imperii
636 4527 764 4590 tierent.
786 4565 830 4575 —
846 4533 887 4591 Α.
906 4526 961 4592 33.
984 4550 999 4588 «
1015 4526 1183 4612 Auspiciis
1199 4526 1328 4612 imperii
1347 4526 1537 4591 Romani...
1560 4556 1576 4586 a

294 4635 345 4717 ιι)
378 4633 547 4698 Rouixvn
583 4655 702 4699 soiius.
741 4673 782 4682 -
822 4659 848 4702 ι.
885 4634 940 4710 43,
980 4634 1138 4720 «Neque
1177 4633 1266 4696 enim
1305 4632 1339 4695 di
1372 4633 1498 4700 sinant.
1540 4645 1580 4701 ut

335 4739 556 4824 Belgarum...
589 4740 691 4804 decus
719 4740 810 4804 istud
839 4749 870 4804 et
903 4740 1069 4805 claritudo
1099 4741 1155 4806 sit.
1186 4740 1383 4803 subvenisse
1418 4740 1582 4808 Romano

333 4848 473 4913 ιιοιιιιιιί.
495 4881 507 4898 ··
524 4887 565 4895 -
584 4874 613 4924 μ»,
629 4848 681 4913 55.
700 4850 762 4914 (Ia.
781 4848 900 4913 l‘iso...
918 4848 1054 4935 oblique
1070 4848 1308 4911 Germanicum
1325 4847 1580 4935 perstringens,

333 4955 423 5043 quod
438 4965 554 5020 contra
574 4955 677 5020 decus
698 4956 841 5020 Romani
862 4956 1051 5020 nominis..
1078 4954 1258 5020 colluviem
1281 4954 1376 5020 illam
1397 4955 1583 5024 nationum
