3709 6234
372 876 424 931 ΙΙΙ
933 880 1092 933 ttucouts

376 1002 593 1068 lelNATlS
619 1003 776 1069 blm.
803 1042 841 1052 -
867 1007 896 1080 t,
919 1003 974 1079 43.
998 1003 1146 1069 Auditae
1167 1005 1288 1069 dehinc
1314 1004 1656 1070 Lacedaemoniorum

418 1118 451 1174 ct
473 1110 720 1176 Messeniorum
747 1112 933 1197 legationes
954 1110 995 1176 de
1025 1112 1095 1176 iure
1120 1111 1237 1199 templi
1264 1112 1389 1176 llianae
1419 1111 1654 1191 Limnatidis¹‚

417 1216 549 1305 quod...
1398 1248 1403 1257 ·

377 1323 615 1399 LINthNliS,
647 1324 890 1390 LlNthNVS.
912 1364 955 1374 -
985 1327 1010 1398 Ι,
1039 1326 1092 1392 515.
1105 1326 1239 1390 Treueri
1256 1350 1293 1390 ac
1309 1325 1490 1411 Lingones,
1503 1348 1656 1413 quasque

418 1430 502 1496 alias
516 1432 671 1497 civitates
687 1431 858 1496 atrocibus
873 1431 994 1497 edictis
1011 1441 1069 1499 aut
1088 1433 1211 1498 damno
1231 1433 1348 1497 linium
1373 1432 1481 1497 Galba
1505 1432 1657 1520 percule·

411 1547 483 1609 rat.
500 1539 650 1603 hibernis
665 1538 836 1626 legionum
853 1540 1160 1627 (Germanicarum)
1180 1542 1319 1629 propius
1334 1541 1530 1615 miscentur,
1564 1540 1656 1606 unde

419 1647 577 1711 seditiosa
595 1645 761 1734 colloquia
783 1697 804 1712 ..
831 1685 874 1696 -
903 1648 928 1719 Ι,
948 1649 1000 1724 bt.
1025 1648 1164 1714 Miserat
1188 1648 1308 1713 civitas
1332 1648 1525 1734 Lingonum
1541 1656 1656 1713 vetere

419 1753 574 1818 instituto
595 1752 682 1816 dona
707 1752 897 1841 legionibus
921 1753 1072 1824 dextras.
1100 1755 1239 1842 hospitii
1275 1755 1448 1841 insigne...
1475 1794 1519 1804 —
1545 1755 1571 1828 Ι,
1599 1754 1654 1841 57.

420 1859 590 1924 Ardorcm
603 1862 810 1925 exercituum
822 1862 1104 1949 Agrippinenses,
1116 1862 1255 1941 Treviri,
1269 1863 1439 1948 Lingones
1450 1861 1655 1949 aequabant.

419 1969 503 2045 -Ι,
523 1971 576 2056 59.
594 1968 700 2032 Erant
716 1970 748 2032 in
765 1970 901 2034 civitate
922 1970 1114 2057 Lingonum
1132 1979 1207 2034 octo
1231 1971 1433 2034 Batavorum
1455 1969 1654 2034 cohortes..

420 2114 463 2126 —
488 2076 512 2152 1,
539 2075 593 2152 64.
627 2077 784 2141 Proxima
803 2078 949 2163 (civitatl
973 2079 1175 2162 Leucorum)
1199 2078 1391 2164 Lingonum
1419 2077 1539 2141 civitas
1568 2084 1654 2147 erat.

421 2183 487 2246 lida
503 2182 656 2271 partibus
672 2183 842 2270 (Vitellii).
861 2222 901 2231 —
921 2185 946 2265 Ι,
961 2185 1014 2274 78.
1039 2185 1159 2271 (utho)
1177 2185 1403 2272 Lingonibus·2
1421 2184 1591 2249 universis
1614 2186 1657 2248 ci·

420 2290 801 2358 vitatemllomanam...
815 2290 920 2357 dedit.
934 2292 1032 2371 -ΙΙ,
1047 2316 1100 2381 27.
1116 2291 1282 2356 Colrortes
1296 2293 1513 2371 Batavorum,
1527 2314 1654 2378 quas...

421 2400 455 2463 in
479 2399 614 2463 civitate
642 2398 833 2484 Lingonum
863 2398 967 2463 Fabio
992 2399 1126 2463 Valenti
1160 2398 1336 2464 adiunctas
1362 2398 1597 2464 rettulimus...
1614 2438 1657 2448 —

425 2508 481 2586 lv,
500 2505 553 2570 55.
575 2507 680 2571 lulius
695 2507 800 2570 Tutor
813 2515 847 2571 et
863 2505 968 2570 lulius
985 2506 1142 2583 Sabinus,
1162 2507 1215 2570 hic
1236 2507 1363 2580 Treuir,
1395 2506 1448 2570 hic
1464 2505 1658 2592 Lingonus³

482 2615 629 2680 Plurima
654 2614 706 2677 vis
732 2637 836 2701 penes
862 2614 1019 2678 Treviros
1044 2637 1081 2678 ac
1103 2615 1286 2702 Lingonas,
1319 2636 1379 2679 nec
1409 2612 1517 2678 tulere
1544 2636 1657 2678 moras

422 2721 648 2787 consultandi.
663 2706 824 2786 Certatim
835 2720 1046 2808 proclamant
1056 2720 1165 2786 lurere
1174 2720 1352 2786 discordiis
1358 2720 1520 2809 populum
1531 2720 1658 2784 Roma·

422 2852 516 2894 num.
540 2882 546 2894 .
564 2867 606 2876 —
624 2829 679 2904 lt,
699 2832 752 2914 57.
773 2827 973 2893 Obtestante
989 2827 1117 2893 Vocula
1134 2852 1201 2892 non
1222 2828 1304 2893 odeo
1319 2827 1488 2893 turbatam
1500 2826 1659 2892 civilibus

430 2937 531 2999 armis
548 2959 617 2999 rem
638 2936 838 3007 ltomanam,
860 2943 898 3000 ut
918 2935 1073 3000 Treveris
1097 2936 1197 3000 etiarn
1221 2935 1499 3024 Lingonibusque
1520 2935 1658 3023 despec-

425 3044 472 3106 tui
484 3044 564 3108 siut.
576 3084 617 3091 —
633 3042 690 3122 lv,
705 3042 758 3130 67.
778 3041 882 3106 lulius
895 3041 1084 3108 Sabinus..
1103 3043 1316 3130 popularium
1334 3042 1466 3107 turbam
1481 3043 1515 3106 in
1529 3044 1657 3131 Sequa-

423 3174 485 3214 nos
513 3151 601 3237 rapit
629 3149 874 3215 conterminam
895 3150 1068 3214 civitatem
1096 3158 1128 3215 et
1148 3149 1246 3215 nobis
1270 3149 1397 3232 lidam;
1426 3173 1487 3214 nee
1509 3150 1658 3237 Sequani

424 3258 653 3322 detractavere
675 3265 844 3321 certamen
873 3256 1022 3321 Fortuna
1038 3256 1233 3322 melioribus
1243 3257 1351 3322 adluit
1369 3258 1452 3322 :lusi
1473 3258 1656 3343 Lingones.

424 3404 467 3413 —
502 3365 557 3440 lt’,
589 3364 643 3451 (ip.
675 3364 817 3429 Constat
851 3363 1024 3428 obstitisse
1060 3365 1214 3428 Treveris
1252 3364 1528 3454 Lingonibusque
1569 3366 1659 3452 apud

426 3472 565 3548 (tallias
580 3472 670 3558 quod
687 3471 836 3534 l'indicis
852 3479 946 3535 rnotu
972 3495 1049 3534 cum
1075 3472 1234 3557 Verginio
1262 3480 1437 3537 steterant.
1461 3511 1502 3521 —
1521 3471 1578 3549 lv,
1603 3497 1656 3559 7⁰·

429 3582 533 3665 lgitur
553 3603 618 3643 non
635 3579 761 3642 'l'reviri
782 3601 890 3665 neque
908 3578 1079 3662 Lingones
1098 3588 1271 3642 ceteraeve
1296 3579 1472 3644 rebellium
1505 3581 1660 3644 civitates

427 3713 486 3776 pro
502 3687 734 3772 nmgnitudinc
754 3687 900 3773 suscepti
933 3686 1136 3750 discriminis
1152 3710 1261 3773 agere.
1290 3726 1330 3736 -
1356 3687 1412 3766 lt,
1430 3687 1482 3776 73.
1502 3688 1660 3774 (Petilius

428 3795 584 3879 Cerialis)
599 3794 754 3858 Treviros
770 3819 807 3858 ac
826 3795 994 3878 lingonas
1010 3793 1052 3857 ad
1076 3796 1267 3858 contionem
1280 3804 1416 3859 vocatos
1441 3798 1487 3860 ita
1504 3795 1660 3885 adloqui-

430 3912 523 3967 tur...
553 3943 595 3950 -
619 3903 674 3977 it,
701 3902 753 3985 76.
785 3902 928 3965 Tutor...
944 3902 1184 3966 odlirmabat...
1200 3926 1307 3990 neque
1328 3904 1483 3967 Treviros
1506 3911 1561 3967 aut
1580 3904 1661 3968 Lin-

428 4034 534 4094 gonas
553 4010 785 4073 benevolentia
801 4010 964 4073 contineri
982 4030 988 4086 ;
1008 4017 1238 4095 resumpturos
1254 4034 1357 4086 arma,
1376 4010 1433 4074 ubi
1450 4020 1558 4076 nanus
1582 4012 1661 4075 abs-

429 4118 576 4181 eesserit.
608 4156 646 4164 —
678 4117 734 4185 ΙΙ,
765 4141 817 4204 77.
855 4115 966 4182 Media
994 4117 1081 4180 acies
1122 4118 1215 4179 l'biis
1254 4118 1528 4206 Lingonibusque
1569 4119 1660 4188 data.

428 4226 546 4290 dextro
563 4246 666 4288 cornu
681 4224 836 4287 cobortes
854 4225 1097 4292 batavorum...

417 4506 422 4537 ¹
440 4505 466 4555 Μ
482 4520 486 4550 ;
505 4503 676 4553 liminalidia.
693 4504 767 4549 (lore.
788 4503 902 4564 Lipsius.
921 4503 983 4549 coll.
1004 4502 1146 4550 Strabone.
1166 4506 1188 4550 tt.
1205 4510 1227 4558 4,
1244 4518 1274 4563 9·,
1293 4502 1434 4556 l'ausauiu,
1451 4513 1473 4560 4.
1491 4505 1529 4558 31,
1545 4504 1574 4556 3:
1592 4504 1664 4554 aliis.

417 4587 427 4618 “-’
442 4607 451 4624 ·‹
471 4586 609 4645 l'lxplieaat
625 4599 629 4629 :
648 4586 710 4644 «pria
729 4584 753 4629 bi
773 4583 882 4629 l'itellio
902 4583 1078 4629 rebeiuenter
1093 4583 1177 4629 dediti
1192 4586 1276 4630 eruut.
1291 4598 1337 4629 eos
1359 4583 1430 4631 tttlio
1447 4584 1497 4631 sibi
1519 4585 1665 4633 cerne-iliam·

386 4669 499 4711 conotus
519 4671 569 4712 est.
590 4664 691 4710 Verum
716 4665 766 4710 iani
786 4680 800 4709 a
823 4663 913 4723 lipsio
932 4664 1045 4723 aliisque
1069 4667 1141 4709 reete
1159 4662 1313 4709 dubitatum
1333 4669 1383 4720 est,
1398 4680 1429 4710 aa
1450 4680 1502 4711 uon
1520 4665 1562 4711 hie
1581 4665 1664 4714 lateat

386 4745 546 4807 Hispanieae
568 4747 655 4803 gentis
677 4745 791 4792 alieuius
813 4759 928 4791 uoiueu:
949 4744 995 4788 sed
1020 4744 1090 4803 (prod
1114 4758 1280 4804 proposuere
1305 4745 1453 4805 llipontini.
1478 4744 1666 4807 lanponibus,

387 4827 462 4887 quasi
478 4826 659 4882 Langobrigae
679 4824 830 4872 Lusitaniae
845 4825 949 4872 ineolis.
967 4824 1038 4869 ouiui
1058 4828 1131 4870 earet
1151 4825 1321 4871 alletoritate.
1340 4841 1351 4867 ι
1370 4825 1616 4884 (tiniensi-blaiseii&

419 4908 429 4936 Ι
445 4906 470 4956 Μ
489 4922 494 4953 :
512 4905 625 4966 lingon:
642 4925 669 4946 τ
685 4905 813 4967 linpunus
846 4906 1003 4965 Nipperdey
1022 4920 1090 4951 corr.
1107 4919 1111 4949 :
1130 4903 1225 4965 Liapo.
1247 4904 1299 4950 Sed
1319 4906 1353 4952 el.
1373 4905 1495 4966 exempla
1514 4921 1581 4967 quoe
1602 4912 1666 4954 sunt

390 4987 461 5046 aprid
480 4984 701 5033 lltit't.t.t-blttisi·.i·..
