3709 6234
806 877 994 930 CABATACVS
1487 877 1535 930 175

299 1014 419 1094 centis,
434 1021 473 1079 ut
490 1022 583 1080 tutus
598 1039 616 1079 a
631 1015 770 1104 Capreis
785 1017 903 1082 urbem
917 1026 1060 1105 peteret.
1082 1057 1125 1067 -
1135 1018 1168 1083 6.
1190 1043 1240 1085 ro.
1254 1019 1322 1084 Nec
1336 1020 1534 1109 secusapud

298 1121 483 1209 principem
510 1121 727 1189 Vescularius
761 1124 903 1190 Flaccus
928 1149 966 1191 ac
1002 1125 1108 1191 lulius
1138 1126 1291 1192 Marinus
1317 1125 1360 1192 ad
1389 1135 1532 1193 mortem

298 1237 496 1317 aguntur,e
524 1231 766 1296 vetustissimis
799 1232 1030 1313 familiarium,
1052 1233 1209 1299 Rhodum
1241 1235 1348 1300 secuti
1378 1242 1412 1300 et
1443 1235 1532 1323 apud

298 1336 445 1424 Capreas
468 1337 676 1404 individui...
698 1338 790 1407 -6.
809 1364 861 1407 20.
885 1340 956 1406 Sub
990 1340 1078 1406 idem
1094 1349 1230 1429 tempus
1257 1342 1362 1407 Gaius
1394 1343 1530 1421 Caesar,
1630 1402 1635 1410 .

295 1442 482 1510 discedenti
497 1445 645 1534 Capreas
664 1470 727 1511 avo
738 1471 862 1528 comes,
878 1447 1096 1513 Claudiam...
1114 1448 1272 1536 coniugio
1288 1449 1427 1538 accepit.

251 1549 418 1619 CAPVA.
435 1593 479 1602 -
494 1556 527 1635 ά,
550 1552 605 1644 57.
630 1554 755 1619 Caesar
770 1555 804 1619 in
833 1554 1054 1643 Campaniam
1078 1556 1284 1645 (abscessit),
1306 1558 1417 1644 specie
1437 1557 1530 1623 dedi-

295 1659 394 1724 candi
409 1661 535 1749 templa
546 1661 635 1749 apud
652 1663 803 1749 Capuam
826 1661 907 1742 lovi,
925 1662 1015 1749 apud
1031 1662 1152 1726 Nolam
1164 1664 1333 1750 Augusto.
1351 1702 1394 1714 -
1411 1665 1459 1744 13,
1473 1665 1526 1730 31.

295 1764 456 1832 Coloniae
472 1766 587 1855 Capua
601 1775 702 1856 atque
723 1767 866 1833 Nuceria
880 1768 1005 1834 additis
1021 1770 1191 1834 veteranis
1210 1770 1362 1836 firmatae
1381 1778 1472 1836 sunt.
1487 1809 1530 1819 —

295 1870 356 1953 lll,
372 1873 427 1960 57.
453 1874 639 1963 Praecipuo
661 1875 925 1942 Puteolanorum
949 1877 984 1940 in
1003 1876 1250 1964 Vespasianum
1273 1877 1397 1957 studia,
1414 1886 1530 1944 contra

294 1977 408 2069 Capua
433 1981 571 2047 Vitellio
596 1982 675 2061 fida,
703 1982 942 2071 municipalem
967 1982 1226 2049 aemulationem
1253 1983 1353 2050 bellis
1372 1984 1530 2051 civilibus

292 2088 490 2155 miscebant.
509 2128 549 2139 -
568 2089 624 2167 IV,
644 2090 675 2155 3.
700 2090 834 2179 Capuae
859 2090 948 2177 legio
965 2092 1064 2157 tertia
1083 2091 1255 2156 hiemandi
1274 2115 1376 2157 causa
1397 2091 1528 2159 locatur

291 2202 325 2261 et
339 2196 460 2262 domus
473 2196 634 2263 inlustres
644 2197 809 2263 adssictae.
831 2237 867 2248 —-
882 2199 921 2270 0,
940 2199 972 2263 8.
996 2224 1012 2263 a
1034 2199 1157 2264 Ausim
1168 2200 1371 2265 contendere
1386 2199 1528 2266 Marcel-

293 2302 406 2369 lum...
426 2303 608 2393 Eprium...
627 2313 660 2370 et
680 2305 837 2394 Crispum
859 2305 1038 2373 Vibium...
1056 2329 1125 2371 non
1149 2306 1263 2371 minus
1283 2306 1433 2372 illustres
1452 2330 1526 2372 esse

292 2410 326 2475 in
342 2412 503 2478 extremis
521 2411 675 2501 partibus
696 2423 860 2478 terrarum
884 2436 986 2502 quam
1008 2414 1144 2502 Capuae
1177 2420 1235 2479 aut
1262 2412 1436 2494 Vercellis,
1469 2414 1527 2480 ubi

290 2519 360 2583 nati
386 2519 585 2585 dicuntur.»

245 2623 496 2691 caletulus.
517 2667 553 2678 -—
574 2627 632 2705 IV,
656 2628 687 2692 5.
708 2626 887 2693 llelvidius
904 2628 1041 2693 Priscus
1057 2627 1204 2717 {regione
1222 2628 1350 2717 ltaliae]
1377 2651 1394 2693 e
1424 2628 1524 2694 Cara·

288 2732 402 2799 cinae¹
420 2735 602 2823 municipio
618 2734 748 2799 Cluuiis
768 2788 790 2800 ..

242 2839 551 2908 CARATACVS‘2.
574 2881 617 2891 —
638 2867 686 2916 12,
706 2842 759 2907 33.
781 2843 869 2909 Itum
896 2843 972 2908 inde
994 2844 1028 2907 in
1056 2842 1197 2924 Siluras,
1223 2828 1324 2932 super
1352 2844 1522 2932 propriam

284 2949 443 3014 ferociam
459 2949 612 3015 Carataci
632 2949 761 3014 viribus
776 2951 936 3031 conlisos,
959 2973 1059 3039 quem
1075 2950 1181 3016 multa
1204 2950 1375 3037 ambigua,
1413 2951 1520 3018 multa

284 3080 442 3145 prospera
462 3058 667 3136 extulerant,
683 3066 721 3122 ut
735 3064 866 3122 ceteros
883 3057 1125 3122 Britannorum
1137 3058 1358 3145 imperatores
1373 3059 1516 3147 praemi-

283 3172 387 3231 neret.
406 3202 448 3214 —
469 3189 518 3245 12,
534 3166 587 3242 35.
606 3165 789 3230 Caratacus
814 3165 878 3229 huc
893 3163 975 3229 illuc
990 3164 1151 3242 volitans,
1173 3164 1265 3229 illam
1290 3165 1393 3245 diem,
1421 3165 1514 3231 illam

282 3272 389 3336 aciem
404 3272 591 3337 testabatur
619 3280 676 3336 aut
705 3270 943 3358 reciperandae
975 3271 1182 3338 libertatis..
1208 3312 1248 3323 -
1271 3296 1320 3352 12,
1343 3273 1396 3337 35.
1428 3272 1517 3361 Cap·

282 3385 381 3468 taque
396 3402 483 3444 uxor
497 3388 530 3444 et
545 3378 614 3444 filia
635 3378 808 3444 Carataci³
831 3379 1019 3467 fratresque
1049 3380 1081 3443 in
1108 3378 1316 3444 deditionem
1340 3379 1511 3466 accepti...

282 3524 324 3535 —
353 3512 401 3564 12,
420 3486 473 3552 36.
501 3486 551 3551 Ne
577 3487 704 3551 Romae
734 3486 870 3575 quidem
895 3486 1045 3574 ignobile
1074 3486 1229 3551 Carataci
1254 3508 1378 3551 nomen
1401 3494 1515 3552 erat...

280 3594 328 3660 nt
347 3618 416 3659 non
437 3593 821 3660 Caratacuslautvultu
836 3594 986 3659 demisso
1010 3602 1069 3657 aut
1106 3592 1219 3658 verbis
1249 3592 1517 3659 misericordiam

280 3703 469 3790 requirens,
481 3701 540 3766 ubi
555 3701 718 3768 tribunali
737 3701 881 3782 adstitit,
908 3701 943 3765 in
961 3700 1049 3765 hunc
1066 3700 1204 3765 modum
1229 3698 1363 3765 locutus
1379 3707 1441 3765 est.
1474 3739 1518 3749 -

285 3832 335 3889 12,
353 3809 406 3874 38.
418 3809 536 3873 Vocati
557 3808 696 3896 posthac
715 3817 829 3897 patres
843 3807 951 3873 multa
967 3815 1000 3873 et
1015 3808 1194 3895 magnilica
1206 3830 1308 3897 super
1321 3806 1516 3895 captivitate

280 3917 432 3983 Carataci
453 3917 684 3984 disseruere...
702 3918 893 3983 Censentur
917 3915 1052 3983 Ostorio
1067 3915 1230 4004 triumphi
1249 3914 1408 4003 insignia,
1421 3939 1517 4004 pros-

265 4162 273 4195 ¹
292 4160 336 4212 U:
352 4162 503 4215 caret-inae.
522 4164 632 4227 Madvig
645 4180 735 4212 co1·r.:
757 4179 770 4211 e
790 4162 949 4213 (lararinae.
966 4163 1006 4214 Ct.
1027 4161 1168 4221 Mouussx,
1188 4161 1222 4208 ad
1242 4162 1270 4209 C.
1292 4158 1314 4208 t.
1340 4159 1378 4218 1..,
1397 4158 1441 4218 lx,
1456 4172 1517 4221 2999

231 4244 258 4289 ct
276 4257 303 4305 p.
319 4243 373 4306 257.
390 4270 419 4278 -
437 4244 514 4306 Vulg.
530 4260 562 4292 ex
575 4246 663 4293 dett:
683 4244 855 4293 Tarracinae.
866 4270 888 4279 -
908 4243 1016 4291 ltitter:
1036 4241 1152 4290 Carnico
1165 4255 1187 4291 e.
1200 4240 1254 4289 Alii
1272 4240 1299 4288 in
1319 4240 1379 4287 loco
1394 4239 1515 4300 interpo-

232 4320 285 4370 lato
303 4323 449 4371 delendum
465 4325 516 4372 hoc
534 4340 632 4374 nomen
648 4339 709 4373 cum
727 4325 787 4372 aliis
805 4324 970 4387 quibusdum
989 4322 1080 4371 verbis
1095 4323 1270 4371 censuerunt.

264 4401 275 4435 ²
290 4403 411 4455 Paosor..
425 4405 471 4451 355
485 4421 508 4453 a.
523 4404 563 4455 Ct.
578 4406 895 4463 N11·r131mr.1·-Axonussx,
911 4405 946 4452 ud
964 4418 1000 4462 12,
1015 4402 1065 4449 33:
1084 4420 1096 4449 ι
1115 4404 1264 4451 Caratacus
1282 4399 1368 4448 beisst
1393 4415 1423 4447 cr
1445 4397 1515 4447 auch

231 4482 275 4529 bei
290 4483 386 4533 Zonar.
405 4484 451 4541 Xl,
467 4501 502 4536 12.
522 4485 657 4551 Καρτάκης
675 4486 701 4533 in
714 4484 1006 4548 derentsprechcnden
1023 4483 1106 4533 Stelle
1123 4498 1176 4530 von
1196 4481 1271 4540 Dios,
1290 4480 1422 4530 Ercl'at.
1434 4495 1457 4528 c.
1468 4493 1514 4543 9⁰3

231 4566 408 4613 Cataratarns
426 4565 469 4612 bei
486 4566 544 4623 Dio,
565 4566 667 4624 1.x,20
690 4567 744 4614 und
772 4566 799 4613 in
823 4566 873 4613 der
887 4564 956 4613 llds.
970 4565 998 4613 d.
1017 4564 1079 4613 Tac.
1099 4579 1123 4611 c.
1146 4563 1177 4611 30
1198 4577 1229 4609 au
1245 4560 1331 4611 Ende.
1348 4560 1515 4623 Abcrjcnes

230 4646 301 4693 wird
318 4646 357 4693 als
372 4647 421 4694 das
443 4646 557 4706 riclitipe
575 4648 709 4695 crwicsen
732 4647 820 4695 durch
839 4647 899 4696 eine
926 4645 1063 4704 luschritt,
1082 4644 1172 4704 Grut.,
1190 4643 1281 4706 9⁰²1⁵³
1300 4643 1363 4691 Sec.
1392 4639 1515 4705 Aquinio

230 4725 370 4785 Carataco,
391 4728 446 4775 und
473 4728 517 4775 die
545 4728 698 4777 keltischcu
726 4728 842 4776 Formen
866 4729 1008 4783 Caratauc,
1039 4724 1177 4783 Karaduc‚
1208 4739 1234 4771 u.
1263 4738 1287 4771 a.
1316 4742 1327 4765 ιι
1359 4747 1386 4758 -
1419 4721 1512 4784 Vulg:

231 4808 403 4857 Caractacus.

261 4887 273 4923 ²
292 4887 339 4939 U:
359 4889 500 4938 carattaci.

261 4966 271 5000 ⁴
290 4969 336 5021 U:
354 4972 535 5019 cataratucus.
