3709 6234
885 885 981 938 NlLl'S
1515 878 1565 934 481

329 1026 394 1092 mis
412 1026 614 1092 Nerviorum
643 1026 957 1114 Germanorumque
971 1026 1069 1113 pagis
1085 1047 1223 1112 segnem
1253 1047 1431 1090 numerum
1465 1026 1568 1090 armis

331 1142 542 1201 oneraverat.
565 1133 681 1215 -Ν,
700 1132 753 1198 33.
792 1132 994 1197 Nerviorum
1024 1133 1191 1207 cobortes,
1222 1141 1314 1198 metu
1339 1156 1398 1198 seu
1429 1133 1567 1220 pertidia

329 1249 436 1316 latera
450 1258 644 1316 nostrorum
659 1248 970 1326 nudavere-IV,
999 1247 1053 1314 56.
1084 1248 1248 1314 Claudius
1280 1247 1431 1315 Labeo...
1468 1271 1570 1337 quos-

329 1357 409 1424 dam
425 1358 627 1424 Nerviorum
644 1356 944 1445 Baetasiorumque
965 1356 998 1419 in
1012 1379 1105 1420 arnra
1120 1357 1195 1442 (pro
1213 1356 1390 1444 llomanis)
1407 1357 1569 1422 traxit.—

333 1463 378 1531 IV
383 1517 390 1546 ,
413 1464 466 1532 66.
483 1464 671 1544 Quominus
689 1463 778 1529 ultra
798 1470 954 1551 pergeret
973 1461 1135 1550 (Civilis),
1158 1463 1321 1528 Claudius
1349 1462 1459 1528 Labeo
1489 1464 1570 1528 Bae-

329 1572 493 1639 tasiorum
512 1572 791 1660 Tungrorumque
807 1578 840 1635 et
859 1570 1061 1635 Nerviorum
1082 1569 1301 1635 tumultuaria
1326 1594 1428 1635 manu
1446 1570 1571 1636 restitit

335 1679 497 1747 ...Civilis
519 1678 692 1744 Baetasios
718 1701 852 1767 quoquc
875 1701 912 1742 ac
933 1677 1075 1742 Nervios
1103 1678 1135 1741 in
1155 1678 1255 1743 fidem
1285 1686 1441 1767 acceptos
1465 1680 1571 1766 copiis

331 1789 403 1854 suis
415 1787 610 1853 adiunxit...
628 1826 671 1835 -
686 1786 744 1866 lv,
763 1810 816 1874 79.
835 1785 1013 1868 (Quartam
1025 1785 1204 1862 decimam)
1222 1786 1432 1873 legionem...
1448 1787 1571 1852 Fabius

332 1895 467 1960 Priscus
482 1894 615 1981 legatus
639 1894 671 1958 in
694 1893 836 1958 Nervios
852 1893 1075 1980 Tungrosque
1110 1892 1220 1962 duxit.
1258 1917 1385 1981 eaeque
1417 1895 1571 1959 civitates

331 2003 366 2067 in
384 2001 589 2068 deditionem
610 2009 808 2087 acceptae...
828 1999 1029 2065 Nerviorum
1045 1999 1298 2065 multitudinem
1315 2009 1435 2087 sponte
1473 2024 1571 2066 com-

331 2116 471 2180 motam,
506 2116 544 2175 ut
576 2131 636 2195 pro
672 2108 834 2172 llomanis
872 2107 998 2171 bellum
1046 2116 1293 2196 capesseret...
1331 2107 1573 2173 Canninefates

334 2216 459 2281 ludere.
477 2255 519 2264 -
539 2219 577 2281 u.
596 2216 648 2281 28.
667 2215 802 2279 Treveri
818 2224 850 2281 et
868 2213 1000 2278 Nervii¹
1018 2215 1104 2278 circa
1121 2214 1378 2279 adfectationem
1396 2216 1572 2279 Germani-

334 2347 392 2389 cae
409 2323 550 2408 originis
565 2322 654 2388 ultro
670 2322 838 2387 ambitiosi
856 2329 948 2394 sunt,
964 2331 1135 2408 tamquam
1151 2345 1209 2409 per
1225 2322 1311 2386 banc
1326 2321 1469 2405 gloriam
1498 2346 1573 2385 sau-

332 2431 446 2516 guinis
461 2453 479 2495 a
500 2429 721 2494 similitudine
737 2437 770 2493 et
784 2429 902 2493 inertia
925 2427 1101 2493 Gallorum
1117 2438 1325 2516 separentur.

289 2537 590 2616 NEllVldle'S,
610 2561 641 2603 r.
659 2537 708 2601 lll.
726 2535 942 2601 st'llffis.

293 2645 486 2712 NESTOll.
501 2684 539 2693 -
562 2644 599 2709 Ο.
622 2644 671 2709 ι6.
692 2673 706 2701 ιι
726 2643 841 2730 Ego...
864 2667 939 2707 eum
957 2643 1056 2708 audio
1072 2643 1239 2730 antiquos.
1257 2642 1421 2732 quosdam
1443 2651 1574 2708 veteres

336 2761 370 2818 et
384 2752 465 2817 olim
486 2759 584 2816 natos
599 2750 773 2837 intellege,
792 2773 829 2814 ac
847 2751 926 2815 mibi
943 2757 1120 2815 versantur
1145 2760 1222 2815 ante
1247 2749 1362 2815 oculos
1385 2751 1500 2814 l'lixes
1536 2775 1573 2815 ae

337 2859 471 2940 Nestor,
488 2882 632 2947 quorum
649 2866 740 2923 actus
756 2857 848 2921 mille
863 2858 929 2922 lere
941 2866 974 2923 et
990 2858 1148 2923 trecentis
1163 2858 1260 2922 annis
1290 2858 1463 2923 saeculum
1493 2882 1572 2922 nos-

339 2974 427 3032 trum
447 2966 627 3031 antecedit.
653 2995 667 3025 ιι

295 3072 629 3139 NICEPHORIVM.
647 3108 688 3122 -
707 3071 738 3140 tl.
752 3074 806 3148 dr.
834 3072 1001 3136 Tiridates
1018 3071 1210 3137 volentibus
1237 3072 1372 3137 Parthis
1407 3073 1570 3159 Nicepho-

336 3182 422 3246 rium
437 3189 471 3246 et
484 3179 753 3244 Anthemusiada
767 3187 963 3267 ceterasque
978 3178 1092 3252 urbes,
1114 3202 1200 3266 quae
1218 3177 1461 3243 Macedonibus
1490 3181 1574 3243 sitae

337 3291 464 3353 Graeca
479 3286 643 3353 vocabula
664 3295 883 3373 usurpant...
899 3287 1036 3373 recepit.

292 3394 805 3470 NICEPIIOth'S.-15,l.
855 3394 1076 3480 Nicephorius
1113 3393 1223 3456 amnis
1261 3392 1349 3456 baud
1386 3393 1572 3480 spernenda

336 3501 514 3568 latitudine
530 3509 660 3589 partem
677 3523 849 3565 murorum
864 3499 1211 3586 (Tigranocertorum'jr
1228 3497 1344 3563 arubit.
1355 3549 1375 3564 ..

293 3609 497 3694 (NICETES
513 3607 779 3678 SAClillbost.
797 3631 830 3673 r.
851 3607 1090 3672 stelliones
1110 3604 1310 3670 Nltlli'l'liS.

294 3715 544 3782 NlClll'OLlS.
564 3753 606 3762 -
623 3739 652 3782 a..
667 3714 720 3778 53.
737 3715 959 3777 (lennanicus
977 3712 1133 3800 ¹(alterum
1155 3711 1382 3788 consulatum)
1400 3713 1572 3798 iniitapud

340 3823 458 3888 urbem
473 3821 620 3885 Nebulae
637 3820 838 3907 Nicopolim.
857 3860 898 3868 —
916 3821 947 3904 5,
970 3844 1016 3884 ro.
1045 3820 1238 3906 (Poppaeus
1255 3818 1414 3902 Sabinus)
1446 3820 1570 3884 inari...

339 3929 458 4016 (lenio)
482 3927 669 4015 Nicopolim
690 3928 876 3991 llomanarn
897 3927 1064 3990 coloniam
1081 3927 1265 4012 ingressus.

295 4033 607 4102 NlCllSTllN'l'l'S
622 4035 646 4100 '·'.
665 4075 707 4083 —
729 4039 766 4100 tl.
795 4060 842 4100 ro.
867 4061 882 4096 ιι
902 4035 980 4099 Ni...
1001 4033 1059 4097 tibi
1078 4033 1258 4097 Nicostrati
1274 4032 1424 4097 roburac
1440 4032 1574 4097 riresdi

338 4144 523 4216 dedissent,
540 4165 605 4205 non
627 4150 759 4228 paterer
780 4143 944 4205 immanes
959 4140 1035 4203 illos
1051 4149 1081 4204 et
1097 4140 1138 4204 ad
1150 4164 1298 4227 pugnam
1318 4149 1416 4205 natos
1433 4140 1574 4205 lacertos

340 4252 475 4316 levitate
491 4249 588 4314 iaculi
605 4258 663 4313 aut
681 4250 787 4333 jioctu‘
812 4249 894 4312 disci
913 4271 1133 4313 vanescere...
1156 4276 1170 4304 o

294 4357 438 4424 NHNS.
461 4395 504 4404 ·-
525 4380 555 4428 2,
574 4355 626 4420 lio.
650 4357 914 4419 (lerunanieus...
936 4353 1013 4417 Nilo
1029 4353 1290 4420 subrelrelmtur.
1309 4393 1348 4402 —
1362 4380 1392 4423 2,
1407 4354 1460 4419 lli.
1492 4357 1574 4418 (ier-

339 4465 492 4530 manicus
507 4462 582 4526 aliis
602 4485 736 4549 quoque
757 4461 928 4525 miraculis
954 4460 1097 4524 intendit
1117 4461 1280 4536 animum,
1308 4485 1450 4548 (prorum
1480 4485 1575 4549 prae·

339 4573 435 4660 cipua
457 4570 588 4634 fuere...
611 4568 745 4633 lacus...
783 4570 902 4631 ell'ossa
938 4568 1051 4645 burno,
1082 4568 1321 4654 superlluentis
1364 4567 1429 4631 Nili
1462 4591 1576 4656 recep-

340 4677 463 4745 tacula.

330 4918 336 4951 ¹
354 4917 376 4969 Α
391 4917 411 4970 0
429 4933 434 4967 :
453 4916 559 4966 neruli:
576 4916 617 4967 B:
638 4916 729 4963 nernti
754 4916 812 4975 (sed
832 4915 847 4961 b
864 4930 923 4976 sup.
945 4929 969 4962 n.
989 4914 1096 4975 script.)
1112 4914 1187 4962 tlorr.
1204 4914 1358 4964 ltlrenanus,

329 4999 339 5032 '·¹
358 4997 481 5054 Prason,
497 4999 535 5040 os.

362 5105 440 5155 ϋιιιι·Ι
460 5118 492 5152 nu
510 5104 584 5153 brou
610 5130 638 5139 -
659 5103 740 5150 l'rnrs
