3709 6234
841 861 958 915 Phlll'lll
1486 858 1540 914 519
1595 895 1599 904 ·

309 1003 523 1082 maestitiam,
541 1004 761 1091 expositoque
775 1002 891 1068 indicii
905 1004 1023 1069 ordine
1037 1004 1125 1071 ita...
1142 988 1330 1070 exterret...
1347 1043 1391 1058 -
1411 1005 1460 1084 13,
1484 1030 1536 1072 aa.

307 1110 485 1198 (Loquitur
509 1111 711 1198 Agrippina]
739 1141 753 1170 a
836 1111 1012 1200 (Domitia)
1034 1135 1093 1198 per
1108 1110 1333 1176 concubinum
1350 1113 1537 1180 Atimetum

307 1225 341 1282 et
355 1218 553 1282 histrionem
570 1218 725 1282 Paridem
750 1219 844 1306 quasi
863 1242 1002 1284 scaenae
1031 1218 1163 1283 tabulas
1182 1220 1365 1308 componit.
1394 1245 1409 1280 a
1427 1260 1468 1270 -
1489 1221 1537 1297 13,

309 1349 363 1390 22.
388 1326 435 1389 lle
463 1326 613 1390 Atimeto
635 1325 837 1413 supplicium
866 1334 1051 1414 sumptum,
1079 1326 1242 1392 validiore
1267 1327 1354 1415 apud
1382 1326 1540 1393 libidines

308 1433 469 1520 principis
484 1433 614 1510 Paride,
628 1456 729 1522 quam
745 1441 782 1498 ut
796 1456 904 1521 poena
920 1433 1131 1499 adficeretur.
1145 1472 1185 1483 -
1208 1435 1257 1510 13,
1274 1459 1326 1523 ²7·
1348 1435 1416 1502 Nee
1433 1433 1540 1499 multo

307 1549 382 1626 post
395 1549 530 1627 ereptus
550 1541 717 1604 Domitiae
732 1540 897 1604 Neronis'
919 1541 1042 1606 amitae
1060 1539 1202 1607 libertus
1219 1542 1325 1609 Paris.
1353 1542 1451 1630 quasi
1469 1542 1540 1607 iure

306 1647 408 1725 civili,
429 1671 495 1711 non
516 1648 588 1711 sine
616 1647 754 1712 infamia
769 1647 944 1735 principis,
962 1649 1058 1713 cuius
1075 1649 1168 1714 iussu
1198 1656 1426 1737 perpetratum
1446 1649 1540 1734 inge-

308 1755 446 1819 nuitatis
462 1755 620 1819 iudicium
635 1762 718 1820 erat.

262 1863 273 1885 '
290 1861 550 1938 PAllMENES,
565 1885 598 1926 ν.
617 1862 882 1927 PAMMENES.

263 1969 581 2034 l‘nlrlt.i(11⁴]s.-
601 1994 649 2045 12,
673 1972 721 2045 rt.
746 1970 845 2033 tlmni
863 1993 921 2056 spe
955 1970 1084 2058 perdita
1115 1970 1340 2041 Meherdates.
1374 1971 1538 2059 promissa

306 2077 481 2141 Parracis'2
500 2077 630 2164 paterni
646 2076 780 2141 clientis
796 2084 947 2152 secutus,
965 2077 1044 2141 dolo
1060 2078 1132 2142 eius
1158 2078 1305 2143 vincitur
1330 2078 1539 2168 traditurque.

305 2184 426 2249 victori
447 2185 622 2270 (Gotarai).

265 2290 800 2378 t'nlt'l'lll.l‘nlt'sllvs(sing.
829 2292 935 2376 coll),
974 2291 1185 2356 PARTHVS
1216 2293 1347 2380 (sino).
1373 2331 1413 2344 -
1441 2318 1471 2362 a.
1512 2319 1537 2359 ι.

306 2399 399 2464 hlota
420 2400 568 2464 Orientis
601 2423 703 2484 regna
725 2400 984 2487 provinciaeque
1007 2399 1190 2474 Romanae,
1212 2400 1308 2465 initio
1335 2401 1423 2487 apud
1459 2401 1541 2468 Par·-

307 2508 382 2572 thos
396 2517 481 2573 orto.
501 2546 541 2556 -
559 2531 589 2582 2,
610 2531 640 2570 2.
659 2508 741 2571 Post
758 2509 857 2570 linem
877 2506 1074 2572 Phraatis...
1092 2530 1214 2571 venere
1240 2508 1272 2572 in
1301 2507 1416 2573 urbem
1438 2508 1541 2596 legati

305 2641 323 2680 a
336 2614 538 2703 prirnoribus
559 2614 705 2691 Parthis,
715 2614 771 2701 qui
788 2613 1005 2680 Vononem...
1016 2613 1206 2679 accirent...
1220 2616 1300 2680 Mox
1314 2614 1418 2680 subiit
1430 2615 1538 2704 pudor

302 2722 559 2807 degeneravisse
589 2722 773 2787 Parthos...
794 2721 900 2794 (Inter
930 2744 964 2786 se
993 2724 1127 2809 rogant)
1148 2722 1207 2786 uhi
1224 2721 1318 2787 illam
1338 2722 1539 2809 gloriam...

304 2831 331 2893 si
348 2830 549 2916 mancipium
566 2829 762 2894 Caesaris...
779 2828 1130 2917 Parthisimperitet...
1149 2829 1300 2918 Prompti
1315 2829 1541 2917 aditus(regis

306 2938 483 3020 Vononisi.
501 2937 600 3000 ohvia
620 2936 773 3014 comitas
795 2937 931 3022 ignotae
942 2935 1078 3001 Parthis
1097 2936 1252 3018 virtutes,
1276 2960 1362 3001 nova
1386 2938 1480 3003 vitia.
1497 2975 1541 2992 -·

307 3071 337 3114 2.
357 3046 386 3109 3.
418 3046 619 3110 Armenia...
649 3067 753 3108 vacua
784 3053 862 3108 tune
894 3044 1047 3132 interque
1076 3043 1275 3109 Parthorum
1302 3051 1336 3109 et
1370 3044 1540 3111 llomanas

305 3177 386 3240 opes
401 3153 543 3218 inlida...
561 3193 603 3201 —
620 3179 650 3222 2,
673 3156 704 3228 t.
718 3153 753 3216 Si
767 3159 879 3216 nostra
896 3152 927 3214 ri
947 3151 1182 3217 defenderetur
1195 3152 1395 3239 (Vonones),
1411 3151 1538 3218 bellum

305 3260 467 3324 adversus
484 3260 625 3324 Parthos
640 3260 842 3324 sumendum
859 3266 942 3323 erat.
958 3299 994 3307 -
1017 3285 1047 3338 a,
1067 3259 1120 3324 56.
1137 3259 1319 3346 (Armenii)
1338 3261 1536 3328 maximis...

306 3369 454 3455 imperiis
470 3368 634 3432 interiecti
654 3376 686 3432 et
711 3368 845 3454 saepius
869 3365 1041 3431 discordes
1064 3375 1154 3436 sunt.
1178 3366 1342 3431 adversus
1369 3367 1540 3432 llomanos

306 3476 382 3539 odio
398 3484 430 3540 et
451 3476 483 3539 in
507 3474 667 3539 Parthum
682 3473 820 3539 invidia.
841 3513 881 3523 -
904 3499 934 3543 a.
953 3473 1007 3537 58.
1031 3474 1122 3538 lnter
1141 3496 1226 3561 quae
1242 3472 1283 3537 ab
1303 3496 1381 3560 rege
1396 3474 1539 3539 Partho-

307 3608 378 3647 ram
391 3582 564 3646 Artabano
581 3581 683 3667 legati
704 3605 825 3645 venere
839 3581 895 3666 (ad
915 3581 1210 3658 Germanicum)...
1234 3579 1289 3644 nd
1305 3605 1342 3644 ea
1365 3583 1540 3647 Germani-

304 3716 364 3756 cus
380 3691 421 3754 de
453 3691 612 3754 societate
628 3689 855 3752 llomanorum
873 3689 1142 3775 Parthorumque
1159 3689 1377 3774 magnifice...
1404 3713 1540 3778 respon-

304 3799 366 3863 dit.
385 3838 425 3848 -
444 3823 474 3865 a.
492 3797 545 3861 60.
574 3796 671 3860 llaud
693 3797 805 3860 minus
828 3796 1017 3884 magnilica,
1036 3818 1137 3883 quam
1159 3818 1248 3860 nune
1271 3796 1305 3859 vi
1339 3797 1539 3863 Parthorum

305 3915 363 3971 aut
391 3906 539 3992 potentia
576 3906 725 3969 llomana
756 3904 925 3969 iubentur.
949 3902 1040 3982 -3,
1066 3903 1120 3969 62.
1141 3903 1467 3991 Aphrodisienses..
1506 3914 1539 3972 et

304 4013 612 4080 Stratonicenses...
641 4035 755 4076 recens
772 4011 848 4075 Divi
870 4011 1018 4096 Augusti
1033 4010 1205 4076 decretum
1226 4011 1388 4081 adtulere.
1411 4012 1540 4078 laudati

305 4120 394 4209 quod
418 4120 618 4183 Parthorum
635 4118 860 4205 inruptionem
877 4117 960 4182 nihil
976 4124 1104 4183 mutata
1121 4118 1154 4182 in
1170 4117 1332 4205 populum
1350 4120 1537 4186 llomanum

304 4228 493 4292 constantia
526 4226 757 4315 pertulissent.
838 4226 868 4295 a,
898 4227 946 4301 rt.
966 4224 1093 4290 llubrio
1117 4223 1255 4302 Fabato,
1280 4234 1452 4315 tamquam
1481 4229 1538 4294 de-

304 4337 446 4424 speratis
462 4336 561 4399 rebus
578 4335 740 4399 llomanis
755 4333 956 4399 Parthorum
971 4333 1013 4398 ad
1028 4331 1292 4398 misericordiam
1309 4332 1450 4420 lugeret.
1461 4359 1538 4402 eus-

306 4445 401 4508 todos
421 4442 537 4507 additi.
556 4481 597 4489 -
613 4442 646 4511 6.
665 4442 718 4505 31.
738 4441 776 4506 C.
807 4441 921 4506 Cestio
951 4440 1000 4507 hl.
1017 4439 1160 4506 Servilio
1182 4439 1380 4506 consulibus
1407 4442 1539 4509 nobiles

306 4551 420 4616 Parthi
436 4551 468 4613 in
486 4549 602 4614 urhem
623 4573 755 4618 venere.
776 4550 892 4635 ignaro
908 4571 985 4634 rege
1001 4546 1217 4613 Artabano...
1234 4548 1367 4614 Parthis
1383 4550 1538 4616 mittendi

304 4667 451 4724 secretos
469 4657 604 4721 nuntios
620 4656 850 4721 validissimus
868 4663 985 4720 auctor
999 4655 1061 4719 luit
1084 4654 1287 4722 Sinnaces...
1306 4664 1339 4721 et
1364 4658 1537 4743 proximus

294 4910 298 4939 ¹
319 4905 413 4967 Suppl.
428 4905 750 4967 NipperdcyAmlrcscn.

292 4991 301 5022 '·'
323 4988 408 5045 l'nhro
425 4987 577 5036 Parrharis.

100 5191 532 5525 lx.
