3709 6234
772 840 801 890 r.
823 838 994 890 viretuvs
1469 830 1523 886 753

290 982 382 1054 sunt,
404 974 462 1063 qui
487 974 663 1041 Vitellium
685 977 893 1065 Vespasiano
914 977 1106 1067 prodidere,
1129 1000 1206 1042 cum
1234 1001 1252 1042 a
1283 975 1393 1043 Galba
1420 976 1528 1041 desci-

290 1081 433 1147 vissent.
449 1118 494 1132 -
508 1082 566 1163 lV,
586 1107 613 1148 1.
633 1082 813 1149 Interfecto
833 1084 971 1150 Vitellio
987 1084 1114 1151 bellum
1130 1084 1239 1171 magis
1251 1084 1410 1164 desierat,
1424 1107 1526 1174 quam

292 1213 359 1278 pax
378 1199 548 1279 coeperat.
569 1231 612 1239 —
629 1191 686 1258 Ν.
702 1192 733 1258 3.
767 1192 892 1257 Servus
912 1192 1054 1281 Vergilii
1083 1193 1271 1280 Capitonis,
1293 1214 1395 1281 quem
1419 1190 1532 1280 prodi·

293 1305 399 1364 torem
408 1298 702 1364 Tarracinensium
717 1297 878 1376 diximus,
890 1300 1043 1388 patibulo
1055 1295 1274 1388 adfixus(est)
1284 1300 1319 1364 in
1332 1299 1440 1364 isdem
1451 1323 1533 1365 anu·

295 1405 350 1481 lis,
373 1429 459 1494 quos
482 1415 672 1494 acceptosa
693 1406 829 1471 Vitellio
842 1407 1009 1495 gestabat.
1028 1447 1070 1458 -
1092 1408 1149 1484 Ν,
1168 1410 1199 1484 d.
1227 1407 1367 1473 Miserat
1387 1415 1421 1473 et
1452 1406 1528 1472 Mu·

240 1545 245 1560 ·
293 1513 409 1578 cianus
430 1514 596 1601 epistulas
612 1513 654 1578 ad
670 1523 868 1581 senatum...
889 1515 965 1604 Ipsa
987 1539 1122 1604 quoque
1149 1515 1326 1581 insectatio
1358 1514 1393 1579 in
1422 1514 1531 1582 Vitel-

295 1619 379 1686 lium
393 1645 466 1686 sera
482 1629 516 1687 et
536 1621 608 1686 sine
623 1621 779 1687 libertate
794 1624 880 1708 (visa
903 1626 981 1710 est).
1015 1665 1056 1674 -
1089 1623 1145 1694 Ν.
1168 1648 1216 1689 ιι.
1259 1623 1365 1688 lulius
1394 1623 1532 1690 Priscus

294 1728 540 1816 praetoriarum
561 1728 623 1793 sub
639 1729 778 1794 Vitellio
792 1731 982 1795 cohortium
1002 1731 1192 1818 praefectus
1209 1754 1244 1796 se
1266 1731 1337 1819 ipse
1349 1731 1529 1801 interiecit.

295 1873 339 1887 -
356 1835 473 1917 Ν,ι3.
493 1835 641 1901 lniectae
663 1840 695 1922 (a
711 1837 853 1903 Fonteio
870 1838 1036 1925 Capitone
1056 1838 1156 1923 lulio)
1172 1838 1274 1903 Civili
1289 1846 1441 1919 catenae,
1454 1840 1536 1904 mis-

297 1966 423 2031 susque
443 1944 485 2008 ad
501 1943 671 2008 Neronem
687 1952 720 2009 et
736 1968 753 2008 a
769 1944 877 2010 Galba
895 1944 1071 2010 absolutus
1086 1946 1150 2010 sub
1164 1945 1301 2011 Vitellio
1318 1970 1435 2011 rursus
1458 1946 1535 2012 dis-

296 2051 424 2115 crimen
438 2050 563 2116 adiit...
579 2050 702 2137 (lulius
723 2050 856 2137 Civilis)
871 2052 976 2116 Primi
1013 2052 1154 2118 Antonii
1181 2052 1344 2126 litteris...
1382 2061 1534 2120 avertere

296 2157 403 2223 accita
427 2157 563 2222 Vitellio
579 2157 745 2225 auxilia...
762 2158 952 2225 iubebatur.
969 2160 1086 2240 -Ν,
1111 2163 1159 2237 nl.
1178 2160 1276 2225 lussu
1290 2160 1419 2226 Vitellii
1430 2161 1534 2226 Bata-

298 2288 416 2329 vorum
432 2264 592 2329 iuventus
608 2263 650 2329 ad
665 2265 827 2330 dilectum
847 2266 1043 2332 vocabatur.
1055 2306 1098 2315 —
1113 2267 1169 2343 Ν,
1192 2269 1239 2331 ι5.
1255 2268 1392 2333 Viribus
1405 2268 1530 2332 cobor-

298 2372 383 2436 tium
400 2371 555 2436 abductis
576 2371 733 2437 Vitellius
762 2374 959 2460 eproximis
984 2374 1186 2439 Nerviorum
1216 2376 1530 2465 Germanorumque

297 2478 394 2566 pagis
409 2501 548 2563 segnem
563 2502 741 2543 numerum
758 2481 859 2544 armis
874 2489 1084 2548 oneraverat.
1116 2521 1158 2531 -
1193 2482 1250 2558 Ν,
1286 2483 1535 2571 17.lj1,0quitur

299 2584 404 2651 lulius
432 2584 565 2671 Civilis)
587 2611 603 2649 «
623 2588 729 2652 Caeso
745 2587 910 2666 Quintilio
927 2588 1015 2653 Varo
1037 2587 1171 2677 pulsam
1205 2612 1222 2654 e
1252 2589 1433 2655 Germania
1461 2614 1532 2656 ser-

298 2693 453 2771 vitutem,
470 2716 531 2758 nec
547 2694 575 2755 V
579 2692 722 2757 itellium
742 2694 941 2783 principem,
958 2694 1017 2759 sed
1033 2694 1211 2760 Caesarem
1228 2696 1424 2782 Augustum
1441 2697 1530 2762 bello

300 2807 561 2889 provocatum...
588 2800 676 2864 Dum
709 2801 766 2865 alii
794 2801 1052 2890 Vespasianum,
1088 2802 1144 2866 alii
1170 2802 1343 2867 Vitellium
1381 2803 1530 2884 loveant,

297 2916 411 2995 patere
427 2906 538 2971 locum
555 2907 718 2972 adversus
733 2916 914 2997 utrumque
933 2941 961 2975 a.
981 2948 1024 2957 —
1040 2908 1097 2982 Ν,
1120 2933 1170 2998 ¹9·
1192 2908 1303 2974 lsdem
1324 2910 1442 2976 dicbus
1467 2911 1531 2976 Ba-

299 3021 454 3079 tavorunr
470 3021 503 3078 et
518 3012 791 3078 Canninefatium
811 3020 966 3079 cohortes
980 3039 1055 3079 cum
1077 3015 1171 3079 iussu
1197 3014 1323 3081 Vitellii
1353 3017 1387 3081 in
1414 3016 1533 3082 urbem

299 3129 488 3207 pergerent,
506 3121 629 3185 missus
651 3145 669 3184 a
686 3120 793 3186 Civile
810 3123 949 3187 nuntius
962 3122 1201 3209 adsequitur...
1225 3123 1376 3189 Pretium
1403 3124 1534 3190 itineris

298 3226 509 3292 donativum.
527 3227 652 3314 duplex
670 3228 889 3315 stipendium,
916 3230 1031 3314 augeri
1049 3230 1201 3317 equitum
1231 3253 1422 3311 numerum,
1459 3255 1535 3320 pro-

299 3334 401 3397 missa
415 3357 494 3397 sano
524 3359 541 3397 a
563 3334 699 3398 Vitellio
733 3334 962 3422 postulabant,
997 3359 1064 3400 non
1093 3345 1129 3401 ut
1159 3335 1439 3425 adsequerentur,
1472 3338 1532 3403 sed

297 3463 435 3506 causam
449 3441 618 3506 seditioni.
640 3441 754 3516 -lV,
779 3443 973 3528 ar.(Duae)
995 3442 1158 3527 legiones,
1191 3466 1276 3531 quae
1317 3445 1427 3533 priore
1464 3448 1535 3511 acie

299 3547 416 3636 pulsae
433 3549 466 3611 in
486 3549 608 3613 Vetera
623 3556 731 3613 castra
753 3558 1001 3626 concesserant,
1022 3549 1122 3633 (lulio
1139 3550 1241 3615 Civili
1270 3552 1533 3640 respondent)...

300 3679 373 3719 esse
386 3655 449 3719 sibi
462 3655 635 3719 Vitellium
648 3654 846 3743 principem.
862 3680 920 3743 pro
937 3679 1004 3744 quo
1025 3655 1126 3721 tidem
1144 3666 1177 3722 et
1192 3681 1283 3723 arma
1301 3682 1408 3747 usquc
1428 3659 1470 3724 ad
1483 3683 1535 3724 su·

300 3786 455 3851 promum
472 3763 625 3849 spiritum
641 3770 841 3827 retenturos
864 3800 907 3813 -
933 3763 990 3840 Ν,
1021 3766 1074 3840 al.
1099 3763 1244 3830 Adlatae
1274 3790 1291 3829 a
1326 3766 1535 3854 Vespasiano

301 3870 445 3949 litterae,
463 3868 805 3958 quas(llordeonius)
839 3870 991 3940 Flaccus.
1028 3872 1106 3958 quia
1141 3872 1300 3937 occultari
1335 3874 1532 3961 nequibant,

301 4000 361 4065 pro
377 3977 533 4041 contione
556 3977 720 4050 recitavit,
748 3978 959 4067 vinctosque,
984 3978 1041 4066 qui
1068 3977 1270 4058 adtulerant,
1303 3980 1345 4045 ad
1360 3981 1535 4047 Vitellium

302 4085 405 4148 misit.
427 4083 545 4158 —lV,
574 4108 626 4172 ²7·
658 4083 757 4148 llaud
790 4084 890 4150 dubie
923 4087 1100 4172 gregarius
1128 4086 1226 4150 miles
1263 4087 1400 4153 Vitellio
1434 4089 1534 4169 fidus,

303 4190 599 4280 splendidissimus
614 4192 757 4279 quisque
769 4192 801 4255 in
815 4192 1061 4280 Vespasianum
1077 4195 1185 4281 proni.
1195 4234 1238 4243 -
1255 4193 1312 4276 Ν,
1331 4196 1384 4263 31.
1398 4196 1536 4262 Auxilia

302 4323 319 4364 e
335 4300 487 4366 Gallia..
506 4301 720 4366 hortantibus
734 4301 913 4390 praelectis
927 4301 1040 4367 statim
1059 4326 1076 4365 a
1097 4301 1234 4368 Vitellio
1253 4303 1460 4370 desciscunt.
1490 4344 1534 4356 -

303 4408 418 4484 -lV,
438 4406 491 4472 36.
510 4409 675 4495 Legiones
693 4408 891 4473 donativum
923 4416 1124 4497 exposcunt,
1157 4420 1330 4499 comperto
1359 4412 1535 4500 pecuniam

303 4540 320 4579 a
337 4515 474 4580 Vitellio
488 4515 638 4582 missam.
656 4516 725 4580 Nec
742 4516 800 4581 diu
816 4524 995 4582 cunctatus
1017 4515 1230 4582 llordconius
1246 4520 1382 4584 nomine
1411 4520 1537 4608 Vespa·

304 4622 388 4685 siani
404 4621 538 4689 dedit...
563 4660 600 4670 -
622 4622 680 4696 Ν,
697 4624 750 4711 37.
766 4623 893 4689 Vitellii
908 4632 1022 4689 tamen
1045 4624 1209 4712 imagines
1230 4625 1264 4689 in
1284 4626 1404 4692 castris
1417 4636 1451 4694 et
1478 4652 1538 4716 per

302 4728 474 4817 proximas
489 4729 669 4817 Belgarum
688 4731 843 4796 civitates
860 4731 1038 4818 repositae,
1054 4754 1131 4796 cum
1145 4732 1212 4796 iam
1226 4733 1382 4799 Vitellius
1397 4735 1538 4801 occidis·

302 4845 364 4901 set.
384 4874 425 4884 —
442 4837 498 4916 Ν,
516 4839 571 4914 tr.
590 4837 800 4903 Sariolenum
831 4846 865 4902 et
885 4861 1002 4903 recens
1021 4838 1147 4903 crimen
1167 4829 1322 4927 urgebat,
1340 4842 1431 4931 quod
1445 4843 1535 4931 apud

303 4943 477 5009 Vitellium
497 4944 634 5010 molitus
649 4945 766 5010 eadem
780 4944 998 5033 (delationes)
1030 4944 1125 5011 soret.
1150 4984 1193 4995 -
1223 4945 1280 5026 Ν,
1312 4949 1366 5025 aa.
1401 4948 1539 5017 Praeto-
1656 4998 1659 5002 ·

325 5076 403 5125 [Ἢν.
421 5093 454 5124 nr:
468 5078 538 5125 Lien
548 5104 591 5125 .-
606 5078 687 5126 Fanni
1416 5082 1447 5132 ⁴8
