3709 6234
834 868 1028 921 ONOllASTl'S
1514 863 1567 919 493

333 1007 442 1094 magis
458 1030 559 1096 quam
575 1007 663 1072 inter
676 1030 751 1073 reos
771 1008 843 1094 (P.)
858 1008 1003 1074 Anteius
1023 1015 1057 1073 et
1076 1008 1155 1095 (M.)
1172 1008 1327 1075 ttstorius
1342 1008 1562 1089 habebantur,

331 1114 414 1179 adeo
444 1123 482 1179 ut
510 1123 751 1180 testamentum
781 1116 896 1181 Anteii
930 1139 1029 1180 nemo
1056 1115 1263 1202 obsignaret,
1296 1115 1359 1179 nisi
1379 1115 1565 1202 Tigellinus

331 1229 447 1287 auctor
460 1222 660 1300 exstitisset,
677 1223 806 1288 monito
822 1223 916 1311 prius
936 1223 1074 1302 Anteio,
1091 1245 1133 1288 ne
1148 1245 1322 1310 supremas
1338 1222 1471 1288 tabulas
1487 1246 1564 1287 mo·

331 1336 472 1395 raretur.
506 1367 550 1379 -
580 1328 629 1409 16,
665 1354 714 1418 ¹7·
749 1330 939 1416 (Annaeus)
972 1328 1104 1396 Mela...
1136 1329 1281 1395 exsolvit
1301 1330 1566 1417 venas,scriptis

331 1436 508 1516 codicillis,
526 1436 650 1524 quibus
664 1436 827 1524 grandem
856 1437 1035 1525 pecuniam
1061 1437 1096 1501 in
1111 1435 1315 1524 Tigellinum
1336 1460 1565 1527 generumque

330 1546 403 1609 eius
417 1545 660 1610 Cossutianum
677 1544 877 1631 Capitonem
902 1545 1075 1632 erogabat,
1098 1568 1165 1633 quo
1192 1553 1302 1610 cetera
1317 1553 1503 1610 manerent.
1522 1584 1565 1595 —

337 1651 385 1730 16,
408 1655 457 1719 18.
471 1652 523 1736 (T.
538 1651 829 1738 Petronius)intcr
839 1676 964 1740 paucos
977 1652 1192 1717 familiarium
1210 1651 1334 1717 Neroni
1349 1652 1562 1740 adsumptus,

332 1759 517 1845 elegantiae
533 1759 684 1839 arbiter..
720 1759 814 1824 Vnde
830 1759 960 1824 invidia
975 1759 1135 1846 Tigellini
1157 1760 1254 1848 quusi
1270 1758 1435 1824 adversus
1449 1783 1564 1824 aemu-

332 1866 402 1931 lum
419 1873 453 1931 et
478 1867 617 1931 scientia
638 1866 852 1954 voluptatum
879 1868 1087 1954 potiorem..
1110 1865 1221 1945 -16,
1250 1891 1298 1954 ¹9·
1329 1866 1378 1931 Ne
1401 1866 1565 1931 codicillis

331 1974 480 2063 quidem,
498 1974 588 2062 quod
604 1974 756 2063 plerique
771 1976 996 2062 pereuntium,
1027 1974 1194 2040 Neronem
1210 1982 1268 2039 aut
1283 1974 1487 2061 Tigellinum
1508 1982 1566 2039 aut

331 2104 430 2169 quem
445 2082 547 2146 alium
566 2083 756 2168 potentium
772 2082 931 2147 adulatus
946 2090 998 2146 est
1015 2082 1066 2170 (T.
1091 2082 1296 2167 Petronius).
1318 2081 1427 2158 -16,
1446 2106 1499 2146 ao.
1519 2083 1565 2146 At

332 2189 518 2253 Minucium
545 2189 727 2254 'Thermum
760 2198 915 2276 praetura
948 2188 1100 2254 [unctum
1140 2187 1297 2275 Tigellini
1333 2187 1565 2254 simultatibus

331 2295 423 2360 dedit
438 2294 564 2380 (Nero),
588 2296 666 2382 quia
696 2294 836 2359 libertus
861 2295 995 2359 Thermi
1025 2294 1190 2381 quaedam
1205 2294 1246 2358 dc
1266 2294 1433 2380 Tigellino
1454 2295 1565 2359 crimi-

332 2425 413 2466 nose
426 2401 634 2468 detulerat...
655 2440 690 2452 -
717 2402 741 2478 l,
769 2405 820 2477 al.
844 2401 998 2466 Maevius
1028 2399 1165 2465 Pudens
1187 2402 1385 2488 eproximis
1408 2401 1565 2487 Tigellini

334 2509 604 2597 (corrumpendis
623 2509 846 2595 praetorianis
871 2508 1036 2574 militibus
1057 2509 1183 2574 Othoni
1204 2509 1384 2596 minister).
1402 2548 1444 2558 —
1461 2509 1486 2585 l,
1509 2530 1563 2594 72.

334 2618 398 2681 Par
414 2616 492 2681 inde
510 2616 733 2685 exsultatio...
752 2625 932 2682 consecuta
952 2617 1132 2702 impetrato
1148 2615 1304 2703 Tigellini
1320 2617 1436 2682 exitio.
1452 2615 1565 2704 Opho·

332 2725 424 2789 uius¹
454 2724 642 2811 Tigellinus
671 2723 824 2788 obscuris
853 2723 1062 2811 parentibus.
1091 2723 1188 2789 foeda
1218 2724 1373 2811 pueritia,
1396 2724 1587 2811 impudica·

332 2840 479 2910 senecta,
499 2831 740 2918 praefecturam
764 2831 904 2916 vigilum
930 2840 963 2896 et
988 2832 1145 2919 praetorii
1163 2840 1197 2897 et
1211 2832 1275 2896 alia
1289 2833 1436 2919 praemia
1452 2833 1565 2897 virtu·

335 2948 447 3006 tum...
465 2940 557 3005 vitiis
573 2939 757 3026 adeptus...
790 2938 837 3002 Eo
853 2938 1017 3004 infensior
1040 2938 1198 3026 populus,
1215 2939 1328 3006 addita
1345 2940 1387 3005 ud
1403 2948 1499 3005 vetus
1514 2941 1567 3004 'l'i-

332 3046 448 3132 gellini
461 3046 574 3111 odium
590 3047 716 3112 recenti
727 3046 792 3111 'titi
805 3047 894 3111 Vinii
906 3047 1088 3121 invidia...,
1105 3046 1211 3112 donec
1227 3047 1413 3133 Tigellinus
1428 3056 1565 3134 accepto

333 3152 422 3241 opud
437 3153 661 3218 Sinuessanas
687 3176 793 3240 aquas
827 3176 1004 3240 supremae
1027 3155 1240 3219 necessitatis
1256 3155 1374 3219 nuntio
1390 3154 1477 3219 inter
1497 3163 1566 3220 stu·

331 3283 389 3347 pra
404 3260 712 3325 concubinarum...
728 3261 830 3325 sectis
844 3260 1007 3325 novacula
1028 3260 1192 3327 faucibus.
1215 3261 1243 3325 .'³

289 3367 708 3454 tJt.ENNtt'S.-t,72‚
741 3366 947 3432 ttlenniuse
979 3366 1244 3455 primipilaribus
1264 3367 1421 3454 regendis
1449 3367 1566 3431 Frisiis
1611 3443 1616 3452 .

333 3475 552 3562 impositus...
584 3474 749 3539 tllennius
776 3474 927 3539 intensos
943 3474 1022 3560 luga
1037 3475 1222 3561 praevenit.
1241 3482 1396 3561 receptus
1411 3474 1564 3550 castello,

333 3583 386 3647 cui
407 3605 527 3646 nornen
550 3580 702 3647 Flevum.

288 3688 325 3755 T.
348 3688 521 3758 tlLLlTS.
539 3689 698 3753 ttLLlTS
710 3690 736 3753 ³³.
754 3727 798 3739 —-
817 3691 866 3768 13,
884 3689 938 3767 45.
958 3689 1038 3754 Erat
1054 3690 1087 3753 in
1101 3690 1238 3755 civitate
1254 3690 1378 3754 Sabina
1394 3689 1562 3777 Poppaea,

333 3796 370 3861 T.
393 3796 482 3859 ttllio
503 3804 595 3883 patre.
615 3797 742 3879 genita,
760 3797 819 3859 sed
836 3818 959 3860 nomen
979 3797 1032 3860 ari
1050 3798 1193 3861 materni
1212 3805 1414 3884 sumpserat,
1431 3795 1565 3861 inlustri

334 3905 493 3967 memoria
512 3904 657 3989 Poppaei
677 3902 855 3972 Sabini...:
874 3927 951 3967 uanr
964 3904 1089 3969 ttllium
1106 3904 1290 3969 bonoribus
1306 3905 1455 3969 nondum
1473 3904 1566 3969 lunc-

335 4018 403 4075 tum
424 4010 570 4074 amicitia
592 4011 703 4074 Seiani
730 4011 903 4096 pervertit.

289 4117 766 4186 oNOtt.tSTVS‘·.-1.25.
794 4118 860 4181 Sed
886 4125 957 4181 tum
983 4141 1000 4180 e
1030 4116 1162 4183 libertis
1187 4119 1303 4204 (Otho)
1342 4124 1565 4184 ttnomastum

334 4225 445 4289 loturo
466 4224 583 4288 sceleri
605 4225 775 4310 praefecit,
795 4249 811 4287 a
834 4248 901 4312 quo
927 4224 1087 4289 Barbium
1132 4225 1355 4291 Proculum...
1392 4234 1425 4290 et
1464 4226 1567 4290 Tetu-

334 4334 419 4395 rium
440 4383 461 4397 ..
480 4331 701 4417 perductos...
727 4369 768 4377 -
781 4331 807 4402 l,
827 4356 879 4418 ²7·
899 4330 968 4395 Nee
993 4332 1100 4396 multo
1114 4342 1190 4420 post
1203 4332 1344 4397 libertus
1359 4335 1566 4397 Onomastus

335 4440 467 4505 nuntiat
491 4439 679 4525 exspectari
703 4438 903 4524 (Othonem)
932 4437 973 4502 ab
1010 4438 1193 4504 architecto
1221 4450 1254 4505 et
1282 4439 1563 4527 redemptoribus·

321 4746 327 4780 ¹
344 4746 388 4792 Sic
404 4746 520 4792 codices.
542 4745 618 4791 Fata,
634 4746 740 4807 Lipsius
754 4747 891 4808 ceterique
906 4762 911 4794 :
928 4745 1096 4808 Sophoniba.

319 4826 375 4874 Μ’.
391 4827 471 4873 etiam
488 4826 521 4871 ad
541 4827 687 4874 asmona.

318 4910 330 4946 ³
350 4906 471 4964 Pansam,
489 4908 528 4954 tia.

319 4995 329 5028 t
345 4987 466 5034 Pnosor.
484 4986 523 5048 og..
