3709 6234
769 861 959 913 tirvnmcae
1452 861 1505 917 tor

223 1000 260 1066 L.
281 1000 414 1068 L1B0¹.
435 1040 475 1051 -
501 1026 531 1081 a,
555 1026 582 1067 r.
607 1001 751 1067 Sisenna
772 1001 908 1067 Statilio
927 1002 1037 1067 Tauro
1058 1002 1095 1069 L.
1116 1001 1243 1068 Libone
1266 1004 1499 1071 consulibusl.

222 1107 325 1173 Lllltl
354 1108 540 1181 bhvsvs,
570 1108 708 1174 1.IBO³.
736 1148 779 1157 -
801 1134 831 1173 a.
856 1134 908 1196 27.
933 1109 959 1173 E
986 1107 1112 1173 familia
1144 1110 1396 1174 Scriboniorum
1420 1111 1502 1177 Libo

268 1216 398 1280 lhusus
422 1215 571 1280 defertur
596 1215 706 1279 moliri
735 1239 787 1280 res
811 1239 959 1282 novas..
989 1216 1135 1280 Firmius
1163 1217 1268 1283 Catus
1297 1226 1432 1283 senator
1459 1242 1500 1285 ex

265 1324 382 1388 intima
401 1323 538 1389 Libonis
553 1324 701 1388 amicitia
716 1325 913 1390 iuvenem...
933 1324 1108 1412 impulit...
1126 1362 1171 1373 -
1191 1349 1221 1402 α,
1243 1329 1296 1391 28.
1321 1325 1502 1414 (Tiberius)

266 1432 401 1496 interim
423 1431 584 1496 Libonem
609 1440 706 1496 ornat
723 1439 890 1519 praetura,
909 1431 1121 1496 convictibus
1137 1432 1313 1499 adhibet...
1337 1470 1379 1482 -
1396 1458 1426 1513 α,
1447 1458 1500 1522 29.

266 1538 349 1602 Libo
363 1538 499 1602 interim
515 1546 608 1603 veste
622 1546 792 1604 mutata...
812 1538 988 1603 circumire
1004 1538 1134 1618 domos,
1156 1563 1250 1604 orare
1273 1539 1441 1606 adfines...
1460 1579 1502 1589 -

265 1670 295 1726 a,
319 1646 372 1709 30.
402 1645 533 1720 Vibius,
566 1647 687 1734 quia...
717 1645 800 1710 Libo
831 1646 903 1709 sinc
932 1653 1076 1732 patrono
1100 1646 1329 1728 introisset...,
1360 1647 1503 1735 protulit

265 1751 398 1816 libellos
413 1753 594 1817 vaecordes
608 1753 702 1828 adeo,
720 1761 758 1818 ut
773 1751 1016 1818 consultaverit
1036 1753 1132 1830 Libo,
1156 1777 1199 1818 an
1224 1753 1400 1819 habiturus
1416 1755 1502 1821 leret

263 1884 355 1947 opes,
387 1860 463 1948 quis
492 1860 580 1924 viam
607 1858 1000 1947 Appiam·llrundisium
1027 1884 1132 1949 usque
1152 1861 1294 1947 pecunia
1314 1862 1499 1949 operiret...

265 1966 338 2030 l'no
352 1975 464 2032 tamen
490 1966 604 2032 libello
622 1991 722 2032 manu
739 1967 879 2032 Libonis
901 1967 1095 2032 nominibus
1117 1968 1299 2033 Caesarum
1322 1978 1380 2034 aut
1404 1993 1501 2035 sena-

265 2082 374 2138 torum
399 2075 532 2139 additas
552 2083 682 2140 atroces
715 2074 767 2139 vel
801 2073 953 2139 occultas
977 2083 1076 2139 notas
1101 2084 1276 2141 accusator
1295 2076 1498 2163 arguebat...

263 2181 415 2247 Tiberius
454 2183 639 2270 mancipari
676 2182 828 2268 singulos
874 2182 1018 2269 (servos)
1066 2184 1169 2247 actori
1212 2183 1348 2271 publico
1394 2184 1498 2258 iubet,

263 2289 391 2355 seilicet
404 2298 442 2354 ut
459 2291 492 2353 in
513 2290 675 2354 Libonem
693 2313 732 2353 ex
755 2290 862 2354 servis
882 2290 978 2353 salvo
999 2290 1306 2355 senatusconsulto
1322 2314 1499 2379 quaerere-

263 2405 328 2462 tur.
355 2438 384 2446 —
423 2422 454 2472 a,
482 2396 535 2460 31.
562 2396 645 2461 Libo
662 2397 756 2484 ipsis,
775 2421 860 2484 quas
881 2397 913 2461 in
935 2397 1156 2461 novissimam
1173 2397 1382 2485 voluptatem
1399 2399 1498 2463 adhi-

262 2503 391 2578 buerat,
410 2503 519 2592 epulis
534 2505 759 2583 excruciatus,
776 2527 896 2569 vocare
912 2526 1187 2591 percussorem...
1210 2542 1253 2553 -
1275 2529 1305 2585 2,
1323 2507 1375 2570 32.
1400 2505 1498 2571 Cotta

263 2611 479 2693 Messalinus
498 2635 539 2675 nc
555 2612 665 2698 imago
682 2610 821 2675 Libonis
840 2612 1019 2700 exsequias
1038 2619 1250 2698 posterorum
1269 2614 1496 2695 comitaretur,

262 2719 434 2784 censuit...
454 2720 498 2782 Vt
518 2770 539 2785 ..
563 2719 677 2782 iduum
700 2718 952 2805 Septembrium
978 2718 1061 2796 dies,
1075 2742 1142 2808 quo
1162 2743 1198 2784 se
1219 2717 1302 2783 Libo
1323 2718 1499 2784 interiece-

261 2831 324 2902 rat,
342 2824 414 2889 dies
440 2826 544 2890 festus
559 2826 750 2904 haberetur,
775 2827 812 2892 L.
832 2826 910 2890 Piso
927 2833 960 2891 et
973 2825 1093 2890 Gallus
1106 2826 1290 2891 Asinius...
1308 2826 1496 2892 decrevere.

263 2971 298 2982 -
322 2936 355 3010 l,
372 2957 424 3020 29.
451 2934 532 2998 l‘ost
551 2934 747 2997 damnatum
774 2932 937 2997 Libonem
963 2934 1077 2997 missis
1102 2933 1143 2998 ad
1169 2934 1347 2999 Caesarem
1378 2934 1498 2999 litteris

260 3040 522 3128 exprobraverat
556 3040 609 3125 (C.
642 3041 759 3104 Vibius
775 3040 937 3126 Serenus)
961 3064 1059 3105 suum
1085 3047 1217 3105 tautum
1247 3041 1396 3105 studium
1426 3042 1497 3106 sine

260 3147 369 3213 fructu
386 3148 528 3214 luisse...
546 3187 588 3195 -
605 3150 637 3225 A.
652 3149 705 3217 31.
725 3149 842 3218 (latus,
863 3157 900 3213 ut
914 3148 1041 3218 rettuli.
1056 3147 1217 3212 Libonem
1234 3148 1398 3214 inlexerat
1415 3150 1497 3213 insi-

259 3256 335 3333 diis,
348 3254 470 3320 deinde
485 3254 608 3319 indicio
620 3255 820 3341 perculerat.
838 3294 881 3305 —
897 3255 930 3327 6,
954 3280 1002 3321 ro.
1016 3256 1232 3321 Vescularius
1247 3256 1445 3320 insidiarum
1462 3258 1495 3321 in

261 3361 421 3429 Libonem
442 3363 671 3426 internuntius
688 3362 744 3448 (ad
760 3372 902 3426 mortem
926 3363 1039 3448 agitur
1054 3386 1071 3427 a
1088 3362 1248 3450 Tiberio).

214 3469 491 3536 LlBVllNlCAF.
513 3470 674 3537 Nht'lls'.
704 3469 918 3534 Llsst'hn'a.
944 3509 984 3518 -
1009 3469 1058 3548 ιδ,
1087 3472 1135 3546 ιά.
1155 3469 1277 3534 Missae
1294 3469 1495 3536 Liburnicae

258 3579 501 3665 advehiturque
526 3601 666 3664 propere
694 3578 867 3641 Sosianus.
892 3617 934 3625 -
961 3577 1004 3645 ΙΙ,
1033 3577 1081 3642 iti.
1099 3576 1278 3642 Claudium
1296 3578 1495 3663 Pyrrhicam

258 3686 479 3752 trierarchum
524 3684 780 3748 Liburnicarum
828 3683 874 3770 (in
915 3684 1067 3765 Corsica)
1106 3684 1256 3749 navium.
1296 3720 1337 3734 —
1369 3684 1412 3760 ll,
1439 3684 1494 3750 35.

260 3795 377 3858 l‘lures
427 3790 640 3861 [Vitellianos
694 3791 806 3854 nando
851 3790 996 3876 Padum)
1038 3799 1268 3874 transgressos
1317 3791 1495 3878 completis

259 3901 447 3966 Liburnicis
476 3923 535 3987 per
578 3899 850 3985 promptissimos
890 3898 1118 3984 gladiatorum
1167 3898 1341 3985 (Marcius)
1381 3900 1495 3965 Macer

257 4007 463 4094 adgreditur.
495 4046 536 4054 -
584 4004 643 4074 111.
688 4030 736 4070 ια.
779 4004 957 4089 (Lucilius)
986 4005 1113 4069 Bassus
1146 4005 1309 4070 honorata
1342 4007 1494 4073 custodia

259 4116 446 4181 Liburnicis
477 4114 619 4179 navibus
650 4114 782 4178 Atriam
811 4122 1031 4200 pervectus...
1055 4152 1096 4162 -
1126 4112 1186 4186 Ill,
1215 4117 1263 4190 ιά.
1296 4113 1494 4198 (Vitelliani)

258 4225 340 4288 larte
368 4222 499 4285 oblatos
528 4221 628 4284 trium
656 4219 912 4284 Liburnicarum
947 4218 1085 4292 milites
1110 4220 1246 4307 ignaros
1270 4227 1304 4286 et
1327 4221 1491 4290 insontes,

257 4330 437 4397 trucidant.
457 4366 495 4375 -
515 4327 561 4391 ΙΙΙ
568 4381 575 4403 ‚
589 4331 643 4403 Aa.
660 4328 685 4389 T
688 4328 834 4414 repidos.
848 4328 904 4415 qui
921 4327 1113 4392 Ariminum
1130 4327 1302 4400 tenebant,
1316 4329 1494 4398 Cornelius

258 4438 398 4504 Fuscus.
431 4435 567 4499 admoto
592 4435 741 4499 exercitu
764 4443 797 4499 et
819 4435 931 4497 missis
951 4458 1010 4521 per
1028 4435 1183 4521 proxima
1207 4434 1345 4500 litorum
1367 4439 1493 4504 Libur-

243 4656 249 4687 ¹
269 4653 297 4701 L.
318 4653 477 4700 Scribonius
500 4653 575 4700 Libo.
596 4651 715 4701 l'nosor..
734 4651 760 4697 S.
779 4664 842 4697 212:
860 4669 872 4696 a
893 4649 1009 4697 Videtur
1029 4664 1088 4696 csse
1105 4648 1188 4696 trater
1204 4648 1364 4709 (Scriboniit
1384 4647 1494 4696 Libonis

212 4734 303 4781 Drusi.
325 4751 335 4774 n

241 4815 252 4847 '·'
270 4814 301 4862 Υ,
317 4815 398 4861 etiam
413 4831 435 4864 2.
455 4830 493 4875 ap.

239 4893 250 4927 ³
267 4895 300 4942 hl.
319 4895 478 4941 Scrilninius
494 4894 559 4940 Libo
578 4895 690 4940 lamna.
710 4894 832 4940 Pansae..
851 4893 878 4944 S,
895 4900 949 4949 ''¹l·
969 4892 1037 4940 vid(-
1050 4893 1182 4941 mmmm}
1195 4897 1339 4942 speonnam
1351 4897 1378 4941 et
1396 4893 1421 4939 jn
1441 4892 1492 4940 hoc

214 4976 325 5024 Pncasar.
345 4976 402 5020 lore
419 4982 443 5022 et
459 4976 529 5038 alind
553 4975 714 5022 Nnuutanm'·
725 4976 873 5022 hxruuzsnx.
886 4974 918 5019 ad
932 4990 954 5022 a..
972 4990 1009 5038 ''¹7-
