3709 6234
782 870 910 924 cotesto
1430 866 1483 923 547

243 1020 347 1079 retur.
377 1052 420 1062 -
447 1011 505 1092 lV,
534 1015 588 1089 to.
625 1008 791 1076 Redditur
819 1011 930 1077 Tettio
960 1009 1090 1079 luliano
1130 1018 1285 1100 praetura
1306 1064 1326 1079 ..
1354 1011 1481 1101 Gripho

246 1120 354 1185 honor
370 1120 506 1185 mansit.

199 1225 349 1305 POENl,
379 1223 570 1292 POENVS.
588 1263 631 1275 —
646 1249 676 1305 2,
695 1226 750 1315 lq.
773 1224 812 1293 C.
827 1225 1017 1304 Duilius...,
1032 1225 1132 1316 qui...
1150 1225 1400 1315 triumphum...
1424 1250 1482 1292 na-

243 1334 355 1401 valem
384 1334 425 1400 de
451 1333 575 1398 Poenis
604 1332 737 1399 meruit.
760 1371 803 1383 -
820 1359 851 1414 a,
876 1335 929 1423 59.
955 1335 993 1400 P.
1014 1333 1238 1423 Scipionis...,
1255 1334 1411 1424 quamvis
1425 1335 1483 1400 lla·

243 1450 362 1531 grante
389 1441 705 1507 adbucPoenorum
739 1440 871 1508 bello...
900 1480 944 1492 —
977 1441 1028 1523 16,
1056 1441 1257 1508 1.Caesellii
1280 1443 1389 1523 Bassi,
1423 1443 1483 1532 qui

245 1550 374 1638 origine
402 1548 597 1614 Poenus¹...
615 1588 659 1598 -
677 1547 735 1631 lv,
763 1548 815 1616 50.
840 1549 972 1615 Poenos
1003 1549 1185 1615 auxiliares
1218 1548 1422 1639 Maurosque
1448 1551 1481 1616 in

245 1658 297 1744 (L.
319 1657 451 1722 Pisonis
466 1656 693 1745 proconsulis)
706 1655 843 1724 caedem
860 1655 1031 1745 delegerat
1051 1657 1220 1747 (Valerius
1236 1657 1356 1724 Festus
1371 1657 1484 1746 legio·

242 1764 295 1830 nis
323 1765 357 1829 in
386 1764 502 1830 Alrica
529 1763 690 1852 legatus).
709 1803 750 1814 —
773 1765 811 1828 G.
830 1763 884 1853 37.
902 1763 978 1830 Non
994 1765 1142 1844 Samnis,
1174 1777 1242 1831 non
1266 1766 1383 1846 Poeni,
1413 1791 1481 1833 non

244 1871 429 1961 Hispaniae
441 1871 625 1953 Galliaeve,
644 1894 686 1937 ne
701 1869 818 1936 Parthi
833 1872 970 1960 quidem
982 1874 1116 1961 saepius
1129 1873 1333 1940 admonuere
1344 1874 1483 1964 (Roma-

244 2003 306 2045 nos
328 2004 430 2069 quam
443 1980 630 2066 Germani).

201 2085 388 2153 POENlNl
418 2087 526 2168 lVGl,
554 2085 792 2152 POENINVM
831 2085 948 2168 ITEll,
984 2086 1216 2153 POENINAE
1246 2088 1403 2156 ALPES.
1438 2126 1483 2142 -

247 2219 274 2273 r,
301 2195 355 2260 61.
389 2194 532 2260 Caecina
562 2194 718 2283 propiore
747 2195 891 2259 transitu
922 2194 1102 2260 Poeninis'²
1131 2195 1219 2283 iugis
1250 2196 1298 2280 (in
1334 2196 1481 2284 ltaliam)

243 2301 380 2391 degredi
397 2302 520 2369 iussus.
538 2338 578 2351 -·
596 2301 622 2382 Ι,
637 2325 688 2391 7⁰-
705 2301 877 2387 (Caecina)
894 2301 1069 2367 Poenino³
1093 2302 1213 2368 itinere
1233 2302 1480 2391 subsignanum

243 2410 385 2476 militem
401 2417 435 2475 et
449 2433 553 2498 grave
568 2409 740 2497 legionum
764 2432 886 2496 agmen
910 2408 1062 2475 hibernis
1088 2409 1198 2475 adhuc
1213 2409 1360 2498 Alpibus
1373 2418 1482 2477 trans-

244 2517 352 2584 duxit.
375 2558 418 2568 -
434 2519 460 2596 l,
478 2521 532 2606 87.
556 2515 699 2594 Quando
721 2515 911 2582 Poeninae⁴
941 2516 1140 2605 Cottiaeque
1166 2516 1274 2605 Alpes
1311 2524 1344 2583 et
1380 2518 1483 2584 ceteri

245 2625 432 2691 Galliarum
444 2625 557 2690 aditus
571 2623 763 2690 Vitellianis
789 2624 994 2691 exercitibus
1015 2622 1270 2701 claudebantur.
1289 2625 1406 2707 -IV,
1423 2624 1480 2693 68.

244 2733 452 2821 Legiones...
480 2731 640 2798 Poeninis
664 2731 898 2820 Cottianisque
937 2730 1096 2819 Alpibus,
1136 2754 1214 2820 pars
1240 2739 1354 2798 monte
1379 2732 1481 2799 Graio

247 2840 480 2907 traducuntur.

200 2947 391 3015 POENlVS
404 2944 673 3014 POSTvasss.
693 2984 737 2996 -
761 2949 811 3027 id,
829 2946 883 3036 37.
901 2945 1048 3011 Poenius
1073 2946 1269 3028 Postumus,
1290 2948 1480 3036 praelectus

244 3064 432 3122 castrorum
448 3054 615 3121 secundae
634 3053 791 3142 legionis,
809 3053 955 3141 cognitis
970 3053 1354 3143 quartadecumanorum
1368 3056 1480 3122 vicen-

245 3162 521 3252 simanorumque
550 3160 720 3250 prosperis
740 3161 854 3245 rebus,
872 3162 951 3250 quia
980 3162 1052 3250 pari
1074 3162 1182 3249 gloria
1197 3162 1364 3248 legionem
1383 3187 1478 3229 suam

244 3271 458 3337 fraudaverat
486 3270 716 3360 abnueratque
750 3276 867 3335 contra
891 3269 994 3334 ritum
1009 3268 1149 3336 militiae
1165 3270 1255 3336 iussa
1273 3270 1368 3336 ducis
1383 3271 1479 3358 (Sue-

244 3381 328 3445 tonii
343 3378 536 3445 Britanniae
551 3377 682 3465 legati),
700 3401 735 3443 se
751 3378 822 3465 ipse
837 3376 951 3464 gladio
966 3377 1143 3464 transegit.

198 3485 436 3558 POETOVlO.
457 3521 498 3538 -·
514 3480 574 3566 ΙΙΙ,
598 3511 624 3551 ι.
642 3486 771 3572 (Duces
800 3482 967 3571 Flaviani)
999 3483 1266 3550 Poetovionem⁶
1285 3484 1319 3549 in
1336 3484 1475 3552 hiberna

243 3585 362 3674 tertiae
373 3606 522 3671 decimae
537 3602 682 3690 legionis
694 3609 935 3668 convenerant.

199 3709 385 3782 POLEMO
397 3714 420 3779 ⁷.
437 3751 480 3763 -
501 3737 531 3795 a,
551 3705 605 3775 56.
629 3711 811 3788 Zenonem,
834 3708 1028 3775 Polemonis
1042 3709 1132 3797 regis
1144 3708 1278 3775 Pontici
1296 3708 1416 3775 filium.
1434 3748 1477 3760 -

244 3822 305 3903 Ill,
323 3825 377 3910 47.
400 3819 519 3885 Subita
548 3842 607 3907 per
637 3818 784 3882 Pontum
814 3839 908 3882 arma
928 3815 1108 3881 barbarum
1130 3816 1349 3906 mancipium,
1366 3818 1477 3905 regiae

242 3929 414 4021 quondam
430 3927 549 3992 classis
565 3924 766 4015 praelectus,
785 3931 949 3990 moverat.
970 3922 1002 3988 Is
1021 3923 1086 3990 luit
1106 3925 1269 3990 Anicetus
1283 3924 1478 3990 Polemonis

241 4038 394 4118 libertus,
412 4042 613 4124 praepotens
628 4033 708 4098 olim
724 4039 769 4111 et,
787 4039 969 4121 postquam
984 4054 1126 4119 regnum
1142 4032 1327 4098 informam
1339 4034 1476 4120 provin-

242 4147 312 4211 ciae
328 4151 485 4222 verterat,
508 4141 704 4207 mutationis
719 4140 912 4227 impatiens.

199 4252 415 4320 POLEMOA
435 4290 477 4300 —
498 4252 548 4329 rt,
571 4248 624 4315 26.
644 4247 718 4327 Quo
734 4246 866 4313 facilius
893 4247 1086 4336 (Tigranes)
1106 4270 1232 4314 novum
1248 4271 1389 4337 regnum
1402 4256 1477 4315 tue·

230 4438 278 4495 Ἥ
297 4457 302 4490 :
316 4442 424 4506 plenus.

228 4522 240 4560 ⁸
257 4522 302 4575 ld:
318 4522 443 4586 paeonis.
458 4521 534 4570 Corr.
551 4518 704 4568 ltlrcnanus.

229 4603 241 4639 ³
257 4604 291 4653 ab
307 4619 314 4652 :
328 4603 458 4667 pennino.

229 4685 241 4720 ⁴
257 4685 311 4733 ab:
323 4683 470 4747 penninae.
482 4682 556 4732 Corr.
571 4680 743 4731 Puteolanus.

227 4755 369 4804 ⁵llrrrsn²
387 4772 393 4804 ε
412 4774 424 4802 a
444 4755 574 4816 Suspicor
586 4752 701 4802 Faenius
719 4753 868 4800 Postumus
888 4767 908 4799 n.

228 4837 240 4870 f·
253 4836 333 4898 Vulg.
349 4850 354 4884 :
373 4835 557 4885 Petouionem.

230 4918 241 4952 ⁷
253 4918 361 4966 Polemo
374 4917 394 4965 Ι.
410 4919 533 4973 Pnosor,
545 4917 600 4972 405.
636 4964 646 4979 ο

229 4999 363 5047 ⁸Polemo
378 4997 411 5043 ll.
431 4997 543 5054 Pnosor,
562 4995 616 5053 406.

349 5297 710 5521 Α
