3709 6234
781 859 962 913 POMPONIVS
1460 855 1513 910 55³

276 1007 412 1088 tempus
427 1000 676 1066 evocandorum
696 1002 850 1082 testium;
873 1025 949 1068 reus
978 1000 1055 1066 ilico
1072 1000 1207 1066 delendi
1222 999 1427 1089 postulabat.
1450 1000 1514 1066 Va-

277 1107 405 1196 luitque
418 1108 599 1196 pecuniosa
616 1109 760 1175 orbitate
786 1118 819 1176 et
846 1117 993 1190 senecta,
1023 1131 1124 1197 quam
1149 1108 1237 1173 ultra
1265 1109 1368 1173 vitam
1396 1132 1513 1174 corum

277 1215 450 1303 produxit,
468 1239 610 1304 quorum
632 1215 762 1281 ambitu
787 1225 953 1282 evaserat.
980 1255 1023 1265 -
1041 1216 1083 1296 ll,
1101 1216 1155 1280 86.
1189 1214 1298 1280 Iuncti
1324 1215 1401 1281 inde
1420 1216 1512 1281 Moe·

277 1323 337 1387 sici
352 1346 390 1388 ac
407 1324 591 1388 Pannonici
604 1324 772 1389 exercitus
789 1322 1014 1389 Delmaticum
1032 1324 1172 1388 militem
1187 1331 1318 1389 traxere
1337 1324 1385 1406 (in
1400 1332 1514 1410 partes

278 1430 502 1517 Vespasiani),
519 1454 724 1520 quamquam
753 1431 990 1497 consularibus
1022 1430 1143 1516 legatis
1173 1430 1254 1495 nihil
1283 1429 1510 1496 turbantibus.

277 1537 438 1624 Tampius
456 1537 638 1602 Flavianus
667 1538 891 1614 Pannoniam,
923 1538 1106 1626 Pompeius
1120 1537 1279 1604 Silvanus
1309 1537 1511 1603 Dalmatiam

279 1645 449 1724 tenebant,
467 1645 590 1711 divites
605 1669 714 1713 senes.
730 1685 772 1696 —
785 1646 845 1727 Ill,
864 1647 1113 1712 rondecima
1141 1646 1231 1733 legio
1253 1668 1326 1710 sese
1352 1645 1513 1710 adiunxe-

277 1761 328 1820 rat
344 1752 616 1842 (Flavianispost
635 1778 784 1843 pugnam
801 1756 1079 1841 Cremonensem)
1093 1776 1143 1835 ;...
1171 1753 1315 1818 ducebat
1332 1754 1513 1841 Pompeius

277 1860 437 1926 Silvanus
448 1861 636 1926 consularis
650 1882 657 1943 3
675 1862 727 1926 vis
742 1860 961 1927 consiliorum
975 1885 1079 1950 penes
1089 1862 1239 1926 Annium
1257 1861 1399 1925 Bassum
1410 1860 1513 1949 legio-

278 1969 331 2033 nis
346 1968 508 2055 legatum.
528 1970 560 2034 ls
590 1969 766 2034 Silvanum
794 1969 970 2035 socordem
1003 1969 1093 2034 hello
1115 1976 1148 2034 et
1168 1968 1239 2033 dies
1259 1991 1372 2033 rerum
1400 1967 1513 2033 verbis

279 2084 442 2142 terentem
456 2077 567 2164 specie
579 2077 733 2165 obsequii
746 2077 896 2165 regebat.
914 2116 957 2127 -
974 2077 1032 2156 IV,
1048 2080 1103 2165 47.
1119 2077 1244 2141 Actum
1269 2076 1303 2140 in
1326 2083 1458 2156 senatu,
1477 2085 1513 2142 ut

277 2185 490 2250 sescentiens
513 2185 706 2250 sestertium
726 2209 744 2249 a
763 2186 905 2273 privatis
926 2192 1081 2250 mutuum
1105 2185 1322 2272 acciperetur,
1344 2184 1513 2272 praeposi-

279 2300 399 2380 tusque
414 2292 444 2356 ci
459 2315 558 2357 curae
579 2292 761 2379 Pompeius
777 2292 947 2358 Silvanus

234 2398 465 2465 POMPEIVS
495 2399 748 2466 VOPISCVS¹.
775 2438 817 2450 -
840 2400 865 2478 l,
900 2424 954 2488 77.
988 2399 1117 2465 Otho...
1145 2399 1263 2464 consul
1283 2423 1359 2464 cum
1380 2399 1512 2463 Titiano

276 2507 378 2572 tratre
400 2508 434 2572 in
451 2506 612 2572 kalendas
632 2506 784 2572 Martias.
808 2527 837 2586 ‚3
864 2506 1038 2594 proximos
1063 2529 1197 2571 menses
1214 2506 1374 2592 Verginio
1397 2505 1511 2590 (llulo)

276 2614 466 2680 destinat...
486 2614 641 2701 Iungitur
656 2614 817 2700 Verginio
836 2614 1017 2701 Pompeius
1034 2614 1200 2702 Vopiscus
1219 2621 1394 2701 praetexto
1419 2620 1513 2678 vete-

276 2722 322 2785 ris
341 2722 529 2800 amicitiae,
557 2722 707 2811 plerique
738 2721 979 2786 Viennensium
1019 2721 1138 2785 honori
1163 2720 1281 2786 datum
1315 2723 1513 2809 interpreta-

276 2828 410 2895 bantur.

233 2935 462 3002 POMPEIVS
485 2937 689 3003 VIIBICVS.
705 2974 747 2985 -
773 2961 821 3012 rr,
847 2935 901 3002 35.
925 2935 1052 3001 Eadem
1080 2938 1270 3002 constantia
1300 2945 1333 3001 et
1364 2935 1514 3001 illustres

274 3045 404 3133 equites
439 3045 639 3124 Itomani...,
668 3044 866 3132 Pompeium
896 3042 1099 3110 Vrbicum...
1122 3043 1209 3109 tradi
1236 3042 1279 3108 ad
1305 3043 1507 3132 supplicium

275 3151 367 3216 iubet
380 3151 569 3238 (Claudius,
581 3160 619 3216 ut
633 3152 788 3217 conscios
803 3149 1007 3216 Messalinae
1028 3158 1060 3216 et
1083 3149 1183 3239 Silii).

232 3256 471 3326 POMPONIA
506 3258 755 3334 almuciis-l,
785 3256 1055 3324 POMPONIAQ.
1092 3297 1135 3307 —
1181 3256 1289 3337 13,32.
1322 3258 1509 3344 Pomponia

277 3367 442 3431 Graecina
465 3366 608 3452 insignis
629 3364 765 3443 semina,
789 3366 834 3432 Α.
859 3364 1005 3442 Plautio,
1022 3388 1122 3454 quem
1148 3388 1268 3429 ovasse
1283 3364 1324 3429 de
1344 3365 1514 3430 Britannis

274 3472 402 3542 rettuli.
418 3481 523 3560 nupta
545 3496 583 3536 ac
604 3472 853 3558 superstitionis
878 3479 1037 3536 externae
1053 3494 1120 3551 rea,
1150 3473 1261 3537 mariti
1289 3472 1413 3537 iudicio
1434 3496 1510 3560 per-

276 3581 391 3645 missa.
412 3580 510 3667 Isque
526 3581 636 3667 prisco
652 3580 807 3645 instituto
824 3581 1023 3670 propinquis
1039 3603 1151 3645 coram
1172 3580 1213 3643 de
1233 3580 1341 3668 capite
1359 3581 1513 3667 lanraquc

276 3688 430 3772 coniugis
450 3689 609 3773 cognorit
624 3696 657 3752 et
682 3688 850 3752 insontem
872 3688 1117 3776 pronuntiavit.
1141 3689 1256 3774 Longa
1272 3687 1347 3752 huic
1368 3687 1513 3774 Pompo-

277 3797 351 3860 niae
373 3803 464 3860 aetas
481 3803 515 3860 et
527 3796 685 3860 continua
705 3796 840 3860 tristitia
857 3795 933 3860 luit.
949 3795 1035 3860 Nam
1051 3803 1129 3883 post
1149 3795 1268 3859 lulium
1290 3794 1390 3858 Drusi
1410 3795 1514 3858 tiliam

276 3904 354 3969 dolo
375 3903 579 3968 Messalinae
597 3902 806 3968 interiectam
823 3926 881 3990 per
900 3902 1124 3991 quadraginta
1140 3926 1246 3966 annos
1262 3925 1329 3966 non
1345 3902 1438 3967 cultu
1449 3903 1514 3966 nisi

278 4011 423 4096 lugubri,
443 4034 509 4075 non
523 4011 636 4075 animo
652 4011 717 4075 nisi
732 4019 860 4075 maesto
877 4011 958 4096 egit.
981 4009 1085 4097 quue
1106 4009 1155 4074 illi
1175 4010 1388 4097 imperitante
1412 4009 1513 4075 Clau-

276 4119 331 4182 dio
347 4120 495 4206 impunc,
512 4142 590 4182 mox
611 4117 653 4182 ad
668 4118 809 4203 gloriam
829 4118 942 4184 vertit.

235 4224 508 4291 POMPONIVS.
527 4264 570 4274 —
599 4225 669 4296 6,8.
688 4224 813 4311 (Verba
834 4225 913 4289 iacit
928 4225 1019 4312 apud
1037 4231 1192 4290 senatum
1214 4225 1261 4292 M.
1279 4185 1455 4290 Terentius
1470 4225 1513 4290 ob

280 4334 459 4399 amicitiam
476 4332 587 4397 Seiani
610 4334 701 4421 reus)
724 4361 738 4393 a
758 4332 868 4398 Etiam
881 4333 1029 4398 Satrium
1041 4341 1142 4422 atque
1156 4332 1400 4421 Pomponium³
1415 4356 1513 4398 vene·

266 4521 314 4567 ¹1..
333 4521 477 4582 Pompeius¹
491 4522 635 4583 Vopiscus.
654 4519 775 4580 Pnosor.,
791 4522 845 4568 500.

265 4602 276 4636 ²
295 4602 415 4649 l'uusur..
428 4603 483 4662 579.

263 4681 380 4728 ⁸Ititter
396 4698 401 4729 :
418 4681 573 4732 Pinarium.
602 4682 663 4730 rull.
685 4682 749 4739 434.
781 4703 792 4723 n
813 4681 944 4730 Ilcrilurt
962 4683 1102 4730 crut'rlrntc
1127 4682 1260 4731 Pinarius
1290 4682 1367 4730 Valla
1393 4685 1428 4730 ist
1451 4684 1513 4732 viel·

233 4763 313 4809 lcirlrt
327 4764 418 4809 Iriilrcr
429 4763 583 4818 pestorlrru.
605 4765 668 4809 liine
684 4763 807 4810 tilrnliclre
826 4764 925 4809 l‘crsun
944 4778 1017 4809 uruss
1030 4762 1194 4826 Pomponius
1208 4779 1332 4820 rreucsrn
1352 4765 1418 4814 scin.
1438 4765 1514 4813 uiclrt

232 4860 263 4890 zu
281 4844 465 4889 sci-wcrlisclu
486 4844 534 4891 urit
551 4845 603 4890 ‹lcn
628 4844 843 4900 lroclurcstulltcn
862 4844 1001 4894 Mi'urncru.
1024 4858 1076 4890 ron
1093 4844 1180 4891 (leuen
1206 4859 1236 4890 zu
1257 4861 1279 4901 a,
1300 4845 1338 4892 32.
1362 4853 1424 4908 MJ.
1447 4847 1470 4894 ὅ.
1488 4847 1512 4893 8.

232 4925 340 4971 Tacitus
357 4926 423 4970 u'int
440 4925 522 4970 srlron
538 4926 564 4970 iu
577 4926 625 4970 ‹Icr
641 4924 730 4972 Iiicke
747 4925 816 4972 nat'l)
835 4925 876 4980 5,5
893 4940 945 4970 von
964 4925 1018 4971 iluu
1044 4924 1315 4976 I›c1·iclrtetlralrcn,»
1337 4925 1513 4985 (Nrrrrruunr-

234 5008 392 5057 Axorrusuxl

268 5389 570 5525 Γὶ
