3709 6234
386 858 440 914 248
921 859 951 912 L.
963 859 1116 914 DOMITIVS

389 1002 616 1071 DOMITIVS.
636 1003 729 1069 -0.
751 1005 782 1070 3.
807 1002 990 1093 (Loquitur
1010 1003 1116 1092 Aper)
1154 1001 1331 1072 «Etiamsi
1358 1024 1427 1068 non
1451 1023 1580 1071 novum
1608 1000 1667 1068 tihi

432 1112 503 1200 ipse
523 1112 699 1199 (Materne)
713 1112 886 1199 negotium
909 1112 1140 1201 importasses,
1158 1117 1196 1176 ut
1209 1110 1395 1178 Domitium
1410 1109 1420 1151 ¹
1441 1117 1475 1176 et
1488 1108 1664 1190 Catonem,

432 1219 466 1285 id
480 1228 532 1286 est
546 1228 681 1287 nostras
695 1243 829 1308 quoque
844 1219 1004 1285 historias
1017 1226 1050 1284 et
1067 1219 1219 1285 llomana
1249 1219 1398 1300 nomina,
1424 1217 1666 1288 Graeculorum

433 1327 557 1393 tabulis
573 1328 788 1416 adgregares.
805 1356 821 1389 »

388 1436 459 1504 CN.
487 1435 717 1513 DOMITIVS,
747 1435 817 1501 CN.
841 1434 1195 1512 AHENOBARBVS,
1230 1433 1443 1504 GNAEVst
1469 1473 1512 1484 -
1543 1437 1576 1518 d,
1613 1437 1664 1528 75.

430 1542 582 1608 Tiberius
606 1550 741 1631 neptem
764 1543 988 1632 Agrippinam
1009 1543 1209 1608 Germanico
1240 1549 1348 1609 ortam
1370 1564 1447 1609 cum
1468 1564 1583 1611 corarn
1603 1543 1663 1611 Cn.

431 1651 578 1717 Domitio
593 1650 798 1725 tradidisset,
822 1650 856 1714 in
876 1649 957 1715 urbe
980 1649 1140 1716 celebrari
1161 1650 1297 1738 nuptias
1317 1650 1427 1718 iussit.
1451 1649 1491 1717 ln
1518 1649 1665 1719 Domitio

430 1781 531 1846 super
553 1765 758 1824 vetustatem
790 1760 923 1846 generis
962 1760 1188 1848 propinquum
1228 1757 1429 1825 Caesaribus
1466 1759 1665 1845 sanguinem

428 1866 620 1952 delegerat;
654 1889 731 1933 nam
751 1868 780 1931 is
796 1868 905 1932 aviam
927 1867 1103 1934 Octaviam
1130 1875 1163 1932 et
1177 1889 1236 1954 per
1256 1889 1330 1932 eam
1345 1866 1542 1953 Augustum
1561 1890 1665 1935 avun-

429 1973 542 2038 culum
563 1972 782 2062 praelerebat.
804 2012 844 2026 -
872 1975 904 2057 6,
925 2001 952 2041 r.
976 1974 1039 2043 Cn.
1072 1975 1242 2041 Domitius
1265 1981 1299 2039 et
1334 1972 1499 2040 Camillus
1532 1973 1665 2042 Scribo·

428 2081 549 2147 nianus
565 2080 780 2148 consulatum
802 2083 988 2152 inierant...
1010 2122 1048 2136 -
1078 2083 1111 2161 6,
1139 2082 1193 2160 45.
1213 2082 1306 2149 ldem
1338 2104 1446 2147 annus
1465 2082 1563 2171 gravi
1589 2083 1664 2170 igne

430 2187 547 2253 urbem
568 2189 732 2258 adfecit...
756 2190 979 2257 Aestimanda
1001 2191 1164 2280 cuiusque
1178 2189 1381 2257 detrimento
1405 2198 1566 2278 quattuor
1584 2213 1664 2279 pro-

428 2298 543 2385 generi
559 2298 714 2364 Caesaris
739 2298 801 2368 Cn.
834 2299 1015 2378 Domitius,
1043 2299 1182 2364 Cassius
1208 2298 1395 2385 Longinus,
1418 2297 1466 2366 M.
1500 2297 1662 2378 Vinicius,

432 2404 608 2472 Rubellius
643 2405 793 2471 Blandus
819 2406 984 2475 delecti...
1032 2446 1076 2456 -
1113 2406 1145 2488 6,
1183 2410 1235 2494 47.
1272 2404 1485 2473 Albucilla...
1517 2404 1664 2472 defertur

428 2515 610 2603 impietatis
625 2514 660 2578 in
681 2514 879 2602 principem.
906 2513 1180 2582 Conectebantur
1192 2521 1230 2581 ut
1244 2513 1369 2579 conscii
1389 2519 1423 2579 et
1436 2511 1581 2579 adulteri
1594 2514 1664 2579 eius

428 2623 491 2688 (In.
524 2622 703 2700 Domitius,
736 2620 854 2685 Vibius
892 2621 1039 2700 Marsus,
1077 2623 1114 2690 1..
1153 2621 1349 2688 Arruntius.
1371 2613 1433 2688 'De
1465 2620 1664 2687 claritudine

431 2729 567 2796 Domitii
583 2753 685 2818 supra
705 2730 901 2795 memoravi.
919 2769 962 2777 —
982 2728 1015 2800 6,
1035 2732 1089 2807 48.
1114 2730 1222 2816 Igitur
1243 2727 1410 2793 Domitius
1433 2725 1663 2793 defensionem

427 2835 607 2916 meditans,
644 2836 778 2902 Marsus
811 2845 985 2928 tamquam
1016 2836 1162 2902 inediam
1196 2835 1447 2911 destinavisset,
1474 2833 1662 2923 produxere

428 2944 604 3010 vitam-
638 2968 687 3027 ra,
716 2942 747 3010 3.
770 2945 990 3033 (Agrippina)
1020 2945 1196 3032 nuptias...
1228 2942 1379 3020 Domitii,
1410 2965 1510 3030 quem
1538 2965 1580 3008 ex
1599 2941 1661 3011 Cn.

428 3049 655 3115 Ahenobarbo
696 3059 871 3138 genuerat,
907 3061 941 3117 et
969 3052 1131 3117 Octaviae
1164 3050 1321 3116 Caesaris
1358 3048 1448 3115 tiliae
1475 3048 1599 3118 moliri.
1621 3089 1664 3101 -

318 3206 322 3212 .
428 3181 477 3225 12.
490 3157 543 3235 64.
556 3159 583 3247 (l
603 3158 735 3245 omitia)
751 3159 874 3248 Lepida
880 3211 950 3233 .....
949 3161 973 3224 l
975 3160 1149 3247 grippinae
1165 3158 1301 3224 sobrina
1317 3159 1453 3246 propior
1474 3181 1513 3223 ac
1532 3157 1665 3224 Gnaei³

425 3266 537 3330 mariti
556 3267 627 3331 eius
654 3288 818 3331 soror.-
854 3267 903 3347 13,
937 3291 984 3332 ro.
1013 3266 1140 3332 Eodem
1168 3290 1257 3331 anno
1284 3265 1409 3331 Caesar
1432 3265 1578 3354 effigiem
1598 3264 1660 3334 Cn.

428 3372 575 3438 Domitio
590 3373 719 3461 patri...
738 3374 859 3462 petivit
875 3397 891 3437 a
906 3383 1037 3438 senatu.

382 3480 418 3546 l..
454 3479 700 3547 DtllllTlVSl.
737 3519 780 3529 —
805 3506 832 3554 r,
866 3480 920 3546 63.
957 3480 1141 3547 Caecina...
1173 3481 1364 3547 monitus...
1391 3487 1512 3569 pontes
1542 3480 1662 3568 longos

423 3613 524 3678 qnam
557 3589 752 3654 maturrime
790 3612 961 3677 superare.
1002 3590 1180 3675 Angustus
1208 3590 1236 3653 is
1266 3596 1391 3653 trames
1429 3596 1543 3655 vastas
1577 3589 1663 3655 inter

422 3697 563 3786 paludes
584 3705 617 3761 et
637 3697 807 3785 quondam
837 3697 913 3761 aL.
935 3697 1083 3762 Domitio
1111 3706 1333 3784 aggeratus..
1355 3735 1392 3748 -
1408 3700 1440 3774 d,
1463 3699 1518 3774 44.
1541 3695 1661 3762 Obiere

422 3828 461 3868 eo
482 3828 570 3868 :inno
591 3805 654 3871 riri
684 3804 815 3870 nobiles
841 3803 903 3872 Cn.
927 3804 1093 3870 Lentulus
1113 3813 1146 3871 et
1173 3805 1210 3871 L.
1236 3805 1445 3871 Domitius...
1475 3805 1661 3871 Domitium

422 3912 594 3977 decorarit
609 3920 703 4000 pater
718 3912 807 3977 cirili
825 3912 914 3977 bello
931 3914 1033 3977 maris
1054 3920 1187 4001 potens,
1205 3914 1313 3978 donec
1333 3914 1473 3979 Antonii
1494 3912 1658 4001 partibus,

422 4043 499 4083 mox
516 4021 670 4086 Caesaris
696 4020 903 4085 misceretur.
930 4022 1025 4086 Avus
1051 4021 1244 4087 Pharsalica
1270 4022 1339 4087 acie
1360 4045 1419 4110 pro
1440 4019 1661 4110 optimatibus

421 4127 588 4191 ceciderat
604 4147 610 4208 ;
633 4127 706 4214 ipse
721 4126 871 4191 delectus
888 4128 941 4192 cui
962 4128 1072 4193 minor
1095 4130 1287 4196 Antonia...
1309 4129 1456 4200 daretur.
1474 4136 1552 4218 post
1566 4152 1661 4195 exer·

421 4234 490 4300 citu
504 4236 629 4298 llunren
645 4233 759 4298 Albim
776 4235 1025 4301 transcendit...

379 4342 415 4407 l..
442 4341 864 4421 1›0.t·11'rlt's,v.Nl‹31t0
885 4343 956 4428 (I).

414 4528 422 4562 ¹
441 4545 454 4574 a
473 4527 501 4574 1..
517 4525 666 4575 Dorrritiunr
677 4526 891 4574 Ahenobarbum
908 4527 1064 4589 intellegere
1077 4530 1192 4584 ridetur,
1208 4533 1369 4578 acerrimum
1380 4531 1659 4594 Caesarisinimicum,

379 4610 424 4672 qui
441 4610 466 4655 in
484 4608 541 4655 acie
556 4607 710 4657 Pharsalica
726 4609 833 4657 cecidit.
844 4626 856 4654 r
868 4608 1158 4673 (Osirim-Aninesses.)
1174 4611 1236 4663 Cos.
1255 4627 1280 4661 a.
1294 4629 1339 4676 7⁰⁰
1354 4631 1384 4657 =
1399 4613 1438 4671 54.

405 4690 552 4743 ’ῑΙίιω-οικ,
575 4706 625 4751 ¹⁰9·
644 4689 760 4737 Neronis
773 4693 860 4751 puter.

404 4770 443 4818 ³«
465 4771 560 4818 llierzu
577 4770 644 4816 wird
668 4785 716 4816 aus
736 4771 797 4817 ilem
823 4770 1064 4832 rorbergclrcnilcn
1092 4772 1208 4821 Domitia
1226 4775 1279 4821 nnil
1302 4789 1381 4822 soror
1400 4774 1514 4824 Domitii
1534 4775 1658 4836 gerlacbt.

375 4866 454 4898 wenn
477 4850 560 4899 nieht.
572 4851 606 4897 (la
624 4850 692 4897 arieli
701 4849 807 4912 prioris
820 4850 862 4898 bei
880 4852 973 4900 rriariti
986 4851 1064 4912 seblt,
1082 4869 1114 4901 zu
1128 4854 1269 4902 sebreiben
1284 4857 1315 4903 ist
1334 4856 1419 4905 Grraei
1435 4857 1547 4906 Domitii
1556 4857 1659 4921 prioris

375 4931 468 4980 niariti
484 4930 916 4994 eiua„,Nimmm-:resumere)
933 4960 961 4969 —
979 4934 1088 4982 llitter²
1105 4951 1111 4986 :
1129 4937 1177 4985 Cn.
1191 4935 1305 4985 Domitii
1321 4937 1413 4985 mariti
1428 4937 1521 4988 eins...

407 5003 418 5038 ⁴
437 5003 465 5052 L.
479 5002 615 5051 Domitius
633 5003 841 5066 Ahenobarbus,
862 5010 940 5068 pater
951 5005 1009 5053 eins
1024 5007 1069 5068 qni
1085 5006 1232 5069 praeeedit,
1253 5023 1319 5056 arus
1331 5007 1454 5057 Neronis.
1468 5009 1590 5074 Proser„
1607 5027 1658 5062 rio.
