3709 6234
756 861 851 914 TlTVS
873 862 981 912 l'lh'lVS
1458 852 1506 910 73¹

271 1001 501 1068 Romanarum
522 1008 643 1082 status,
659 1025 735 1068 oum
752 1003 889 1068 Servius
905 1001 1014 1068 Galba
1034 1003 1168 1079 iterum,
1182 1000 1277 1065 Titus
1292 998 1411 1065 Vinius
1427 1022 1508 1066 con·

271 1109 361 1174 sules
374 1110 574 1176 inchoavere
598 1133 724 1177 annum
749 1109 813 1176 sibi
839 1110 1011 1190 ultimum,
1034 1110 1080 1178 rei
1099 1108 1254 1198 publicae
1274 1130 1378 1195 prope
1394 1130 1509 1195 supre-

270 1240 375 1282 mum.
398 1256 441 1266 -
461 1216 487 1299 l,
511 1241 561 1288 12.
580 1217 722 1285 Multi...
752 1218 842 1284 hunc
856 1216 912 1284 vel
935 1216 1033 1285 illum
1049 1219 1237 1305 (tamquam
1258 1213 1386 1282 Galbae
1405 1213 1510 1302 adop·

271 1324 425 1413 tandum)
450 1324 639 1392 ambitiosis
669 1325 860 1391 rumoribus
887 1324 1116 1400 destinabant,
1148 1324 1250 1390 etiam
1270 1324 1304 1389 in
1338 1322 1404 1389 'liti
1419 1322 1510 1389 Vinii

270 1432 397 1512 odium,
432 1433 490 1521 qui
516 1433 550 1498 in
573 1432 645 1500 dies
668 1442 794 1522 quanto
821 1433 1003 1521 potentior,
1023 1432 1140 1498 eodem
1154 1441 1255 1499 auctu
1270 1431 1411 1497 invisior
1423 1438 1506 1496 erat.

271 1576 316 1592 -
333 1539 357 1620 l,
386 1538 437 1606 13.
459 1539 615 1607 Potentia
637 1541 846 1630 principatus
867 1540 976 1607 divisa
992 1541 1027 1606 in
1040 1540 1153 1606 Titum
1168 1539 1305 1606 Vinium
1320 1537 1507 1617 consulem,

270 1646 464 1712 Cornelium
499 1648 668 1713 Laconem
702 1648 860 1736 praetorii
893 1647 1121 1735 praelectum3
1150 1670 1210 1712 nee
1249 1646 1360 1712 minor
1400 1646 1508 1732 gratia

271 1752 401 1820 leelo...
429 1754 471 1819 lli
509 1753 724 1822 discordes...
752 1755 840 1821 circa
862 1754 1043 1820 consilium
1065 1752 1212 1841 eligendi
1245 1754 1450 1819 successoris
1474 1753 1508 1818 in

270 1860 355 1926 duas
370 1859 533 1927 factiones
553 1861 804 1928 scindebantur.
821 1861 940 1928 Vinius
961 1884 1022 1949 pro
1037 1861 1084 1927 M.
1112 1860 1286 1928 Othone...
1305 1861 1423 1949 Neque
1438 1869 1509 1926 erat

270 1966 398 2034 Galbae
413 1969 528 2056 ignota
558 1969 703 2035 Othonis
731 1993 768 2035 ac
795 1969 861 2036 Titi
876 1968 968 2034 Vinii
983 1968 1150 2049 amicitiu;
1168 1976 1201 2034 et
1218 1968 1410 2035 rumoribus
1424 1967 1508 2033 nihil

269 2075 404 2141 silentio
433 2076 749 2154 transmittentium,
775 2077 855 2165 quia
870 2077 970 2145 Vinio
1012 2075 1114 2141 vidua
1140 2076 1221 2156 tilia.
1253 2075 1387 2142 caelebs
1403 2074 1505 2157 Otho,

268 2205 372 2266 gener
387 2207 424 2248 ac
453 2206 548 2248 socer
573 2184 842 2251 destinabantur.
859 2222 905 2236 -
923 2186 949 2262 l,
977 2185 1026 2260 ¹4·
1045 2182 1195 2251 Galba...
1219 2184 1355 2250 comitia
1376 2184 1508 2274 imperii

270 2292 440 2377 transigit,
471 2290 688 2379 adhibitoque
718 2315 819 2379 super
833 2291 970 2356 Vinium
992 2315 1030 2356 ae
1046 2292 1213 2361 Laconem
1234 2292 1342 2358 llario
1363 2291 1505 2362 Celso...

269 2421 306 2462 ae
324 2398 473 2463 Ducenio
500 2398 685 2466 Gemino...
715 2438 759 2452 -
779 2400 805 2474 l.
828 2397 883 2464 32.
900 2398 1032 2465 lnterca
1057 2397 1201 2464 Galbam
1216 2399 1302 2464 duae
1320 2400 1507 2466 sententiae

267 2504 476 2572 distinebant
494 2529 500 2573 :
519 2506 614 2572 'litus
630 2506 753 2574 Vinius
781 2505 987 2571 manendum
1016 2507 1105 2572 intra
1127 2505 1306 2575 domum...
1335 2506 1505 2574 censebat.

266 2650 309 2660 —
331 2612 357 2689 l,
385 2611 439 2684 33.
458 2614 720 2702 llepugnautem
733 2614 810 2679 huie
831 2614 1019 2679 sententiae
1034 2614 1175 2682 Vinium
1196 2612 1402 2701 (Cornelius)
1418 2614 1506 2681 Laco

275 2722 451 2789 minaciter
480 2721 617 2800 invasit,
653 2720 850 2788 stimulante
875 2719 975 2786 lcelo.
1002 2760 1045 2770 -
1062 2719 1088 2798 l,
1120 2722 1173 2798 :tt
1197 2720 1449 2793 Praemissus...
1472 2722 1506 2786 in

270 2839 379 2898 castra
396 2829 486 2906 Piso,
508 2835 545 2894 ut
559 2829 692 2894 iuvenis
707 2851 831 2915 magno
857 2829 1035 2895 nomine...
1063 2835 1097 2894 et
1123 2826 1276 2893 intensus
1296 2817 1371 2894 Tito
1391 2829 1505 2906 Vinio,

269 2963 328 3005 seu
347 2938 424 3026 quia
444 2944 527 3016 erat,
559 2959 618 3001 seu
646 2936 724 3025 quia
758 2936 834 3002 irati
863 2936 909 3002 ita
934 2934 1134 3002 volebant...
1151 2934 1236 3010 -l,
1258 2937 1312 3024 37.
1329 2936 1509 3025 (Loquitur

271 3046 373 3133 Otho)
397 3044 562 3109 «Minore
585 3044 724 3110 avaritia
746 3066 782 3109 ac
808 3042 944 3109 licentia
969 3051 1144 3130 grassatus
1163 3049 1253 3109 esset
1267 3043 1304 3108 T.
1328 3044 1459 3122 ViniuS,
1479 3044 1508 3109 si

270 3156 341 3244 ipse
374 3153 615 3240 imperasset...
633 3154 708 3217 Vna
741 3150 799 3216 illa
814 3150 936 3217 domus
952 3149 1077 3216 suflicit
1091 3149 1293 3217 donativo...
1314 3174 1387 3215 a-
1406 3151 1432 3230 l,
1451 3151 1504 3241 39.

268 3262 428 3348 Agitasse
450 3258 539 3325 Laco
561 3258 678 3342 ignaro
699 3257 808 3323 Galba
823 3257 864 3324 de
875 3257 1060 3324 occidendo
1075 3257 1149 3324 Tito
1164 3257 1268 3325 Vinio
1283 3257 1418 3336 dicitur,
1436 3260 1507 3324 sive

269 3377 305 3434 ut
330 3389 435 3455 poena
460 3365 533 3431 eius
556 3365 688 3430 animos
712 3365 859 3432 militum
881 3365 1057 3440 mulceret.
1082 3388 1142 3430 seu
1164 3365 1337 3431 conscium
1362 3364 1507 3431 Othonis

267 3473 437 3554 credebat,
454 3472 496 3537 ad
517 3479 727 3559 postremum
752 3471 806 3537 vel
830 3471 920 3537 odio.
947 3511 991 3521 -
1013 3472 1039 3552 l,
1064 3475 1120 3550 Aa.
1143 3472 1256 3538 Titum
1272 3471 1349 3538 inde
1366 3474 1505 3541 Vinium

269 3584 435 3660 invasere,
453 3578 494 3645 de
515 3602 582 3668 quo
609 3586 643 3644 et
669 3579 743 3667 ipso
769 3577 965 3665 ambigitur,
993 3580 1284 3668 consumpseritne
1300 3602 1418 3645 vocem
1433 3581 1506 3646 eius

268 3692 399 3756 instans
424 3695 546 3766 metus,
574 3709 617 3751 an
642 3685 901 3775 proclamaverit
922 3709 990 3753 non
1011 3710 1084 3753 esse
1100 3687 1142 3753 ab
1158 3686 1291 3753 Othone
1307 3689 1504 3756 mandatum

268 3806 304 3863 ut
334 3795 585 3862 occideretur...
628 3794 702 3859 lluo
745 3794 858 3883 potius
896 3795 969 3860 eius
1011 3795 1079 3861 vita
1118 3794 1274 3884 famaque
1299 3795 1450 3874 inclinat,
1469 3805 1506 3864 ut

267 3904 422 3970 conscius
452 3901 615 3968 scelerum
646 3901 758 3979 luerit.
787 3902 884 3970 cuius
912 3925 1013 3969 causa
1038 3910 1150 3971 erat...
1178 3941 1220 3951 —
1247 3902 1272 3983 l,
1294 3905 1349 3982 44.
1368 3903 1504 3970 Nullam

269 4012 406 4079 caedem
427 4010 516 4077 Otho
540 4010 666 4076 maiore
692 4010 819 4077 laetitia
848 4012 963 4101 (quam
984 4011 1132 4098 Pisonis)
1165 4011 1380 4099 excepisse...
1416 4012 1502 4078 diei-

267 4129 331 4198 tur,
365 4143 481 4195 seu...,
510 4141 569 4183 seu
603 4118 832 4187 recordatio...
868 4119 1036 4185 amicitiae
1060 4119 1094 4184 in
1124 4118 1198 4185 Tito
1215 4119 1313 4184 Vinio
1349 4120 1505 4208 quamvis

268 4228 433 4293 immitem
462 4226 612 4291 animum
641 4225 787 4314 imagine
815 4226 903 4292 tristi
933 4227 1142 4293 confuderat.
1172 4225 1258 4306 -l,
1281 4229 1334 4315 117.
1371 4225 1503 4294 Otho...

266 4334 405 4401 concedi
422 4357 561 4422 corpora
577 4333 814 4422 sepulturae...
841 4335 1038 4421 permisit...
1064 4334 1090 4398 Τ
1093 4335 1177 4401 itum
1193 4333 1333 4401 Vinium
1348 4335 1502 4422 Crispina

267 4442 336 4507 lilia
365 4442 596 4531 (composuit).
624 4479 667 4493 -
691 4442 718 4518 l,
754 4445 806 4519 48.
833 4441 929 4507 'l'itus
946 4442 1066 4506 Vinius
1087 4443 1334 4531 quinquaginta
1372 4450 1503 4530 septem

268 4574 376 4616 annos
398 4549 501 4614 variis
525 4548 677 4614 moribus
712 4550 792 4636 egit.
821 4549 922 4615 Pater
948 4548 997 4615 illi
1022 4551 1190 4637 praetoria
1206 4547 1372 4618 familia...
1392 4550 1504 4616 Prima

268 4657 388 4723 militia
410 4656 586 4721 infamis...
613 4657 774 4721 Criminis
793 4657 893 4722 huius
919 4680 997 4722 reus
1028 4657 1123 4722 Titus
1144 4657 1266 4722 Vinius
1284 4656 1499 4744 arguebatur.

271 4767 375 4852 lgitur
399 4765 492 4828 iussu
517 4763 592 4829 Gaii
616 4764 769 4830 Caesaris
795 4770 955 4830 oneratus
969 4765 1139 4832 catenis...
1159 4764 1299 4852 Legioni
1311 4772 1390 4852 post
1409 4788 1504 4852 prae·

268 4880 377 4937 turam
406 4871 661 4959 praepositus...
692 4871 857 4938 Claudius
885 4879 1021 4960 postera
1052 4871 1105 4938 die
1140 4869 1204 4937 soli
1228 4872 1379 4936 omnium
1403 4871 1503 4937 Vinio

268 4977 427 5045 lictilibus
447 4978 632 5044 ministrari
647 4979 757 5046 iussit.
776 4978 842 5046 Sed
857 4978 979 5046 Vinius
989 4978 1231 5067 proconsulatu
1251 4961 1397 5044 Galliam
1416 4978 1502 5044 Nar-

368 5399 710 5517 fl
