3709 6234
706 891 876 944 ClNGONlVS
899 893 1010 944 VARRO
1315 896 1333 914 ”
1445 887 1494 945 195

262 1030 485 1116 (l'erbalacit
508 1032 597 1119 apud
618 1032 784 1097 Neronem
813 1033 954 1118 Seneca)
991 1061 1006 1092 a
1083 1032 1224 1098 Abavus
1258 1041 1336 1098 tuus
1358 1034 1495 1121 Augus·

262 1146 316 1204 tus
340 1138 388 1204 M.
415 1139 587 1227 Agrippae
617 1139 844 1227 Mytilenense
874 1148 1054 1210 secretum.
1074 1139 1112 1206 C.
1137 1141 1324 1205 Maecenati
1348 1140 1431 1206 urbe
1460 1141 1494 1205 in

263 1245 333 1334 ipsa
355 1246 448 1311 velut
480 1249 693 1335 peregrinum
721 1249 828 1313 otium
856 1249 1022 1336 permisit,
1050 1270 1195 1335 quorum
1214 1248 1299 1314 alter
1328 1247 1493 1314 bellorum

263 1355 386 1426 socius,
406 1354 491 1420 alter
512 1355 638 1420 llonrae
655 1354 810 1443 pluribus
831 1355 1003 1421 laboribus
1027 1357 1185 1436 iactatus,
1209 1355 1321 1444 ampla
1343 1355 1494 1437 quidem,

262 1462 321 1529 sed
334 1487 395 1551 pro
407 1461 601 1549 ingentibus
622 1464 763 1546 meritis,
780 1465 929 1552 praemia
946 1470 1186 1551 acceperant...
1208 1491 1223 1522 »
1241 1502 1283 1512 —
1303 1466 1352 1541 ¹l·
1367 1463 1420 1531 55.
1439 1462 1495 1528 Ad

261 1595 347 1660 quae
369 1570 457 1635 Nero
486 1572 533 1635 sic
568 1570 671 1636 ferme
696 1571 870 1658 respondit
891 1591 898 1636 :
923 1600 938 1628 κ
970 1569 1154 1637 ...Abavus
1189 1594 1285 1636 meus
1317 1573 1495 1659 Augustus

262 1678 434 1768 Agrippae
449 1687 483 1744 et
505 1678 691 1743 Maecenati
712 1702 876 1767 usurpare
893 1679 1000 1744 otium
1017 1688 1094 1766 post
1118 1677 1251 1743 labores
1269 1679 1494 1756 concessit...‚

262 1809 300 1851 ac
317 1795 430 1852 tamen
449 1794 608 1851 neutrum
629 1786 719 1851 datis
738 1811 756 1851 a
784 1809 819 1850 se
840 1786 1000 1875 praemiis
1023 1787 1129 1851 exuit.
1151 1785 1245 1850 Bello
1284 1796 1317 1852 et
1336 1785 1496 1875 periculis

263 1902 496 1960 meruerant...
518 1925 532 1954 »ι
550 1934 592 1942 -
619 1896 667 1971 ις’),
686 1894 739 1983 39.
755 1894 936 1970 Domui...,
952 1916 1018 1982 qua
1032 1892 1152 1978 (Nero)
1168 1893 1335 1959 Palatium
1352 1903 1386 1959 et
1405 1893 1498 1959 Mae·

261 2003 388 2067 cenatis
417 2001 534 2067 hortos
560 2002 829 2067 continuaverat.
864 2042 906 2050 -
951 2001 989 2081 0,
1022 1999 1076 2066 26.
1106 2001 1288 2089 (Loquitur
1319 2001 1496 2090 Messalla)

264 2139 279 2168 a
306 2109 424 2175 Malim
453 2109 564 2175 hercle
580 2109 618 2177 C.
637 2109 781 2174 Gracchi
797 2109 960 2196 impetum
986 2116 1044 2173 aut
1061 2108 1098 2173 L.
1127 2108 1241 2173 Crassi
1263 2110 1494 2175 maturitatem

262 2241 363 2306 quarn
384 2216 597 2283 calamistros
611 2217 817 2282 Maecenatis
833 2224 891 2282 aut
913 2216 1057 2281 tinnitus
1072 2215 1251 2282 Gallionis,
1269 2245 1284 2274 n

219 2325 392 2391 ClMBlll.
409 2365 451 2373 —
463 2324 521 2402 lV,
536 2323 589 2413 73.
605 2325 844 2413 (Contionatur
870 2323 1012 2388 Petilius
1041 2322 1183 2389 Cerialis
1203 2323 1292 2411 apud
1321 2324 1499 2412 Treveros)

265 2461 280 2492 α
299 2433 389 2511 Quot
402 2431 539 2519 proeliis
552 2432 715 2497 adversus
731 2431 887 2497 Cimbros
904 2431 1155 2520 Teutonosque,
1171 2431 1308 2519 quantis
1334 2431 1499 2497 exereitu-

263 2564 321 2605 um
336 2548 529 2605 nostrorum
546 2538 761 2606 laboribus...
780 2538 982 2603 Germanica
1006 2537 1095 2603 bella
1123 2539 1393 2613 tractaverimus
1412 2539 1494 2605 satis

263 2647 402 2714 clarum.
429 2674 446 2709 n
461 2647 627 2735 -(1',37.
649 2646 816 2712 Eumdern
840 2645 1044 2710 Germaniae
1062 2646 1174 2710 sinum
1190 2646 1336 2733 proximi
1361 2644 1496 2712 Oceano

264 2754 393 2820 Cimbri
416 2760 545 2831 tenent,
563 2777 667 2842 parva
683 2777 771 2818 nunc
801 2753 934 2833 civitas,
953 2753 1012 2817 sed
1033 2752 1141 2839 gloria
1162 2753 1325 2840 ingens...
1348 2754 1498 2820 Sexcen-

264 2864 446 2929 tcnsimurn
465 2869 498 2927 et
511 2860 833 2949 quadragensimum
858 2883 985 2925 annum
1016 2859 1096 2924 urbs
1122 2869 1238 2927 nostra
1262 2861 1397 2949 agebat,
1421 2886 1498 2927 curn

265 2970 409 3058 primurn
434 2968 647 3035 Cimbrorum
676 2963 790 3034 audita
811 2975 891 3033 sunt
910 2991 1004 3033 arma
1023 2967 1170 3033 Caecilio
1196 2968 1334 3035 Metello
1368 2976 1402 3035 et
1434 2969 1499 3035 Pa-

265 3078 349 3165 pirio
369 3076 523 3143 Carbone
547 3076 784 3144 consulibus...

221 3184 396 3252 ClNClA¹
417 3182 980 3253 1.1·3x.Cth}lAlt0GA'l10.-
1006 3208 1054 3258 ιι,
1078 3183 1109 3248 5.
1141 3184 1361 3270 Consurgunt
1388 3193 1500 3273 patres

265 3292 441 3380 legemque
461 3291 636 3358 Cinciarn⁹
656 3291 823 3377 flagitant,
846 3315 912 3380 qua
932 3297 1071 3356 cavetur
1086 3292 1286 3380 antiquitus,
1304 3314 1345 3357 nc
1361 3292 1437 3380 quis
1457 3292 1500 3357 ob

264 3424 399 3466 causam
434 3400 596 3465 orandam
625 3400 802 3487 pecuniam
831 3399 1002 3464 donumve
1033 3400 1324 3488 accipiat-13,
1363 3402 1418 3477 la.
1442 3399 1496 3487 (P.

263 3507 390 3596 Suillii)
403 3507 615 3597 opprimendi
631 3508 738 3595 gratia
748 3509 928 3595 repetitum
943 3506 1144 3573 credebatur
1153 3516 1291 3574 senatus
1306 3507 1499 3574 consultum

265 3639 440 3703 poenaque
457 3616 593 3682 Cinciae
613 3615 698 3702 legis
720 3615 884 3680 adversus
905 3638 975 3695 eos,
1002 3615 1058 3703 qui
1089 3614 1197 3702 pretio
1224 3638 1345 3680 causas
1370 3616 1500 3679 oravis-

265 3731 353 3788 sent.
375 3763 417 3771 —
442 3723 492 3803 15,
513 3747 566 3788 ao.
597 3722 776 3810 (Loquitur
801 3723 961 3808 Thrasea)
999 3750 1013 3781 a
1033 3721 1213 3786 (iratorum
1247 3721 1382 3787 licentia
1413 3721 1500 3787 Cin-

265 3832 352 3896 ciam
372 3830 582 3918 rogationem
599 3830 770 3917 (peperit).
787 3858 802 3887 n

222 3942 234 3967 '
251 3940 290 4002 (1.
306 3936 498 4012 CINClVS,
516 3961 550 4002 v.
564 3935 748 4002 CESTIVS
763 3936 956 4002 GALLVS.

222 4042 466 4111 CINGONIVS
486 4042 657 4118 VARRO,
680 4042 956 4110 ClNGONlV83.
976 4082 1019 4093 -
1045 4046 1094 4127 il,
1113 4044 1166 4121 45.
1191 4042 1291 4132 (Cum
1311 4043 1500 4111 Pedanium

264 4152 458 4218 Secundum
482 4174 600 4216 servus
628 4151 735 4238 ipsius
755 4150 991 4222 interfecisset,
1009 4158 1121 4217 vetere
1137 4174 1178 4215 ex
1198 4174 1291 4217 more
1320 4151 1363 4217 de
1393 4153 1500 4219 servis

265 4257 1207 4346 omnibuseiusdemfamiliaesuppliciumsumptumcst).
1221 4258 1408 4324 Censuerat
1419 4258 1498 4323 Cin·

265 4367 386 4451 gonius
399 4365 529 4434 Varrol.
547 4375 585 4432 ut
599 4366 711 4432 liberti
727 4390 874 4455 quoquc,
889 4366 947 4455 qui
963 4365 1026 4432 sul)
1036 4366 1152 4432 eodem
1168 4372 1256 4432 tecto
1269 4366 1422 4436 luissent.
1434 4366 1500 4431 lta·

266 4472 309 4539 lia
321 4473 590 4563 deportarentur.
603 4472 640 4538 ld
656 4498 675 4539 a
690 4472 840 4562 principe
856 4473 1063 4562 prohibitum
1079 4481 1143 4556 est,
1154 4497 1195 4539 ne
1211 4473 1498 4563 mosantiquus...

256 4781 263 4819 ¹
279 4781 480 4849 intellegendus
496 4788 539 4834 cst
556 4782 707 4833 M.Cincius
725 4784 878 4833 Alimentus
889 4782 1020 4832 tribunus
1033 4781 1120 4845 plebis
1136 4798 1159 4833 a.
1174 4783 1221 4830 550
1233 4800 1263 4828 =
1274 4790 1328 4839 aot.

255 4865 267 4900 ²
285 4864 361 4927 t'ulg.
378 4868 441 4914 ante
457 4864 579 4928 Lipsium
595 4881 626 4913 ex
641 4865 708 4914 dett.
727 4881 732 4913 ε
751 4864 858 4913 Titiam.

255 4942 267 4980 ³
284 4945 406 5002 Proser„
417 4946 473 4995 60⁸.

254 5005 326 5059 ⁴1:
344 5008 489 5073 vincentne
505 5007 597 5059 barro.
615 5008 692 5058 Cer-r.
709 5008 863 5059 ltlrenanus.
882 5008 922 5057 Cf.
941 5008 1020 5060 Plut..
1039 5008 1082 5062 θ..
1101 5010 1136 5057 ιό.
