3709 6234
292 858 345 914 224
883 860 981 914 GOTlS

336 1004 526 1070 cavendum
545 1009 683 1068 senatus
707 1000 876 1084 consulto,
902 1009 940 1068 ut
954 1024 1159 1092 quamquam
1181 1000 1335 1069 insontes
1357 1004 1575 1092 magistratus

337 1120 370 1178 et
384 1111 502 1201 culpae
518 1111 647 1177 alienae
662 1110 767 1176 nescii
779 1109 1044 1197 provincialibus
1056 1133 1201 1176 uxorum
1221 1109 1420 1177 criminibus
1439 1111 1576 1201 perinde

336 1242 437 1309 quam
461 1220 530 1285 suis
549 1219 789 1307 plecterentur.
807 1256 851 1269 —
876 1218 907 1298 5,
931 1218 963 1284 3.
995 1218 1164 1286 Missae...
1188 1220 1222 1306 (a
1250 1217 1382 1286 Tiberio
1410 1219 1575 1308 patribus)

336 1328 371 1393 in
396 1328 621 1416 Agrippinam
648 1350 686 1392 ac
713 1325 882 1391 Neronem
909 1325 1084 1393 litterae...
1120 1325 1281 1404 Pauci...‚
1317 1333 1355 1392 ut
1382 1325 1574 1406 referretur.

336 1434 562 1524 postulavere.
579 1433 832 1521 promptissimo
849 1433 949 1498 Cotta
968 1433 1154 1499 Messalino
1173 1457 1251 1500 eum
1276 1433 1382 1500 atroci
1396 1435 1574 1501 sententia.

336 1583 378 1592 -
402 1543 434 1613 6,
453 1544 483 1607 5.
498 1543 596 1608 Cotta
615 1539 831 1619 Messalinus,
849 1541 1067 1608 saevissimae
1078 1542 1242 1630 cuiusque
1257 1543 1448 1608 sententiae
1461 1549 1578 1609 auctor

334 1673 440 1738 eoque
464 1650 651 1714 inveterata
677 1648 846 1716 invidia...
867 1650 1021 1736 arguitur
1046 1648 1206 1738 pleraque
1231 1650 1266 1714 in
1289 1648 1328 1716 C.
1351 1648 1535 1716 Caesarem
1554 1701 1574 1718 ..

333 1756 501 1824 dixisse...
518 1756 587 1822 Nec
607 1754 714 1821 multo
734 1764 812 1844 post
843 1756 975 1822 litterae
996 1756 1149 1845 (Tiberii)
1173 1755 1382 1842 adseruntur,
1404 1757 1532 1846 quibus
1544 1758 1577 1823 in

334 1864 472 1929 modum
503 1863 722 1944 defensionis,
761 1864 904 1950 repetito
933 1864 1021 1931 inter
1058 1888 1093 1930 se
1122 1871 1224 1954 atque
1253 1864 1389 1932 Cottam
1410 1865 1579 1932 amicitiae

335 1972 500 2059 principio
525 1970 721 2059 crebrisque
742 1972 815 2037 eius
836 1971 958 2036 officiis
978 1971 1263 2050 commemoratis,
1290 1996 1333 2039 ne
1354 1971 1460 2040 verba
1474 1996 1577 2062 prave

334 2079 466 2145 detorta
486 2129 508 2144 ..
525 2079 560 2143 in
581 2078 708 2144 crimen
723 2079 956 2167 (ducerentur)
982 2079 1180 2169 postulavit.
1198 2119 1243 2130 -
1258 2078 1290 2164 6,
1304 2105 1336 2168 7.
1353 2079 1458 2146 Facta
1473 2081 1579 2168 patri·

333 2185 395 2253 bus
427 2194 594 2275 potestate
624 2187 795 2253 statuendi
828 2188 869 2252 de
905 2186 1097 2253 Caeciliano
1140 2195 1307 2262 senatore.
1342 2188 1402 2276 qui
1429 2188 1577 2277 plurima

333 2294 513 2360 adversum
525 2294 661 2360 Cottam
675 2302 898 2383 prompserat,
913 2295 1078 2383 placitum
1088 2295 1243 2361 eamdem
1254 2316 1398 2385 poenam
1413 2296 1575 2385 inrogari,

333 2427 434 2492 quam
446 2403 523 2468 in...
541 2409 754 2468 accusatores
769 2402 807 2469 L.
823 2403 1001 2469 Arrumtii.
1017 2403 1091 2482 Quo
1104 2425 1172 2468 non
1182 2403 1276 2468 aliud
1299 2403 1578 2470 honorificentius

334 2511 454 2578 Cottae
469 2511 593 2592 evenit,
613 2511 670 2599 qui
684 2510 808 2575 nobilis
824 2511 974 2600 quidem,
991 2512 1051 2576 sed
1067 2535 1171 2599 egens
1190 2512 1233 2577 ob
1254 2511 1385 2591 luxum,
1403 2535 1464 2601 per
1482 2511 1577 2599 ssagi-

333 2620 380 2685 tia
404 2619 580 2684 infamis...
608 2654 653 2668 —
676 2641 726 2697 ia,
753 2642 805 2686 22.
843 2617 1006 2684 Claudius
1032 2621 1209 2705 (memorat
1239 2619 1368 2685 Lolliae
1396 2618 1577 2704 Paulinae)

331 2727 534 2791 maiorem...
557 2733 715 2813 patruum
731 2725 866 2791 Cottam
887 2726 1112 2792 Messalinum
1130 2750 1215 2794 esse.

289 2832 549 2901 (lOTTlaNaE
590 2832 748 2912 ALPES,
788 2833 983 2900 COTTIAE
1021 2833 1179 2900 ALPES.
1212 2872 1256 2884 -
1290 2833 1316 2916 l,
1353 2833 1408 2900 61.
1447 2830 1572 2901 Fabius

333 2941 501 3007 Valens...
520 2939 686 3006 Cottianis
700 2939 846 3028 Alpibus
872 2941 1006 3007 ltaliam
1023 2942 1256 3030 inrumpere...
1273 2941 1456 3007 iussus-
1471 2940 1499 3022 l,
1516 2945 1573 3032 87.

331 3048 475 3128 Quando
503 3049 673 3114 Poeninae
698 3048 915 3137 Cottiaeque¹
935 3048 1042 3137 Alpes
1071 3057 1105 3116 et
1125 3050 1227 3116 ceteri
1244 3048 1433 3116 Galliarum
1459 3047 1574 3115 aditus

331 3156 522 3222 Vitellianis
549 3155 753 3222 exercitibus
786 3156 1070 3224 claudebantur...
1095 3196 1137 3207 -
1176 3156 1232 3234 lV,
1267 3156 1322 3223 68.
1359 3156 1570 3244 Legiones...

331 3263 490 3330 Poeninis
512 3264 746 3353 Cottianisque
762 3262 920 3352 Alpibus.
943 3287 1021 3352 pars
1035 3272 1150 3330 monte
1165 3264 1268 3329 Graio
1284 3264 1520 3330 traducuntur.

285 3372 429 3439 COTYS
440 3373 463 3438 ².
476 3410 520 3423 -
535 3396 565 3448 2,
584 3371 638 3449 (il.
653 3371 914 3458 ijllhoemeialce)
930 3371 1089 3436 defuncto
1105 3373 1285 3459 Augustus
1295 3380 1426 3460 partem
1443 3370 1569 3438 Thrae-

327 3505 405 3548 cum
425 3479 668 3568 llhescuporidi
692 3479 785 3545 fratri
803 3481 888 3560 eius,
907 3488 1040 3567 partem
1059 3479 1130 3543 lilio
1154 3479 1254 3567 Cotyi
1275 3480 1441 3568 permisit.
1464 3479 1503 3545 ln
1533 3504 1571 3546 ea

328 3590 493 3654 divisione
513 3612 592 3653 arva
608 3595 641 3653 et
653 3587 754 3653 urbes
779 3595 813 3652 et
828 3588 940 3652 vicina
969 3587 1107 3651 Graecis
1133 3587 1275 3674 Cotyi...
1308 3587 1390 3653 Mox
1424 3586 1572 3654 llbeseu·

328 3698 419 3785 poris
457 3695 571 3783 egredi
599 3695 694 3766 lines.
719 3702 847 3760 vertere
873 3695 906 3758 in
941 3718 977 3758 se
1010 3694 1109 3781 Cotyi
1141 3694 1220 3758 data
1245 3702 1279 3760 et
1306 3694 1478 3760 resistenti
1501 3695 1572 3758 vim

328 3804 477 3869 lacere...
517 3841 553 3851 -
589 3827 618 3878 2,
647 3803 701 3867 65.
735 3801 918 3888 (Tiberius)
961 3800 1079 3888 deligit
1119 3801 1364 3880 centurionem,
1401 3802 1461 3891 qui
1486 3825 1572 3867 nun·

330 3911 427 3974 tiaret
443 3909 591 3996 regibus,
610 3932 650 3973 ne
675 3910 777 3974 armis
793 3908 1034 3996 disceptarent,
1053 3909 1237 3997 statimque
1267 3931 1285 3974 a
1303 3908 1411 3996 Cotye
1428 3908 1571 3975 dimissa

330 4025 420 4088 sunt,
434 4039 518 4104 quae
532 4025 722 4104 paraverat.
745 4017 912 4081 auxilia...
936 4016 1203 4103 llliescuporis...
1222 4040 1281 4104 per
1295 4016 1413 4105 epulas
1425 4023 1459 4082 et
1473 4017 1570 4083 vino·

328 4125 467 4190 lentiam
483 4124 657 4188 incautum
671 4123 824 4210 Cotyn...
844 4123 972 4187 catenis
992 4131 1150 4190 onerat...
1172 4125 1386 4213 Rescriptum
1401 4126 1438 4211 (a
1464 4124 1569 4191 Tibe·

327 4232 432 4318 rio)...
457 4230 702 4316 traditoCotyc
732 4229 861 4295 veniret
888 4230 1158 4318 (Rhescuporis).
1190 4267 1230 4285 -
1260 4256 1292 4312 a,
1331 4231 1386 4297 66.
1418 4231 1569 4298 Litteras

326 4338 478 4425 (Tiberii)
508 4338 659 4402 Latinius
673 4337 874 4403 Pandusa...
893 4361 971 4403 eum
999 4338 1176 4420 militibus,
1193 4339 1268 4427 quis
1290 4338 1397 4428 Cotys
1422 4340 1570 4407 tradere·

325 4455 392 4522 tur,
414 4448 448 4511 in
462 4445 658 4510 'l'liraeeiam
673 4446 776 4511 misit.
796 4446 1066 4534 Rhescuporis..
1085 4446 1193 4511 occidi
1209 4445 1321 4533 Cotyn
1351 4445 1445 4512 iubet
1476 4471 1568 4514 mor-

327 4562 462 4644 temque
496 4563 615 4641 sponte
641 4562 812 4642 sumptam
845 4555 1039 4621 ementitur.
1056 4592 1101 4606 -
1115 4581 1147 4633 a,
1165 4554 1219 4643 67.
1234 4554 1359 4641 (Idem)
1389 4563 1568 4622 aecusatus

327 4662 361 4726 in
376 4671 496 4728 senatu
512 4662 553 4727 ab
564 4686 669 4728 uxore
683 4663 801 4750 Cotyis
832 4663 1026 4744 damnatur,
1048 4671 1086 4729 ut
1103 4663 1220 4752 procul
1246 4686 1352 4751 regno
1378 4670 1565 4731 teneretur.

327 4770 487 4836 Thraecia
499 4772 534 4837 in
552 4770 815 4838 lllioemctalcen
836 4772 985 4837 lilium...
1008 4772 1110 4861 inque
1139 4771 1264 4837 liberos
1295 4770 1415 4857 Cotyis
1446 4769 1568 4837 dividi·

316 4930 326 4967 ¹
341 4932 400 4982 ab:
416 4933 525 4982 coeliae.
540 4932 615 4981 Corr.
635 4932 790 4986 ltlienuuus.
805 4934 912 4984 llitlcr:
932 4932 1082 4983 Cottianae.

317 5011 467 5074 wimer..
485 5014 554 5076 iada.
