3709 6234
774 860 922 914 Tlssutvs
1436 859 1490 916 663

255 1000 302 1066 rei
318 1001 473 1089 publicae
493 1026 571 1070 eura
583 1026 813 1068 successorem
834 1003 1014 1084 adscitum,
1033 1003 1134 1071 sed...
1149 1003 1284 1070 Etenim
1313 1005 1491 1093 Augustus

256 1110 371 1197 paucis
393 1117 469 1176 ante
485 1112 595 1187 annis,
612 1135 687 1176 cum
705 1109 838 1176 Tiberio
854 1111 1070 1178 tribuniciam
1086 1119 1289 1199 potestatem
1305 1135 1324 1177 a
1340 1112 1492 1200 patribus

256 1240 388 1283 rursum
403 1219 601 1306 postularet,
677 1218 842 1308 quaedam
867 1218 908 1284 de
938 1218 1054 1284 habitu
1078 1218 1240 1307 cultuque
1265 1227 1300 1285 ct
1326 1219 1491 1286 institutis

256 1325 328 1389 eius
344 1325 478 1391 iecerat.
495 1365 538 1377 -
557 1351 584 1407 ι,
608 1352 616 1390 ι
630 1351 657 1394 ι.
677 1327 801 1391 l'ersae
817 1325 895 1391 inde
911 1326 953 1391 ad
967 1325 1315 1414 Tiberium(senatus)
1330 1350 1489 1414 preces...

257 1433 283 1497 Τ
285 1431 445 1512 iberia...
465 1417 566 1499 ctiam
586 1435 620 1498 iu
637 1434 748 1511 rebus,
780 1457 865 1522 quas
884 1457 951 1498 non
986 1432 1166 1503 occuleret.
1195 1457 1254 1499 seu
1274 1442 1393 1500 natura
1421 1434 1492 1499 sive

256 1539 478 1605 adsuetudine
495 1564 658 1630 suspensa
676 1565 809 1629 semper
824 1549 857 1606 et
872 1540 1015 1606 obscura
1037 1540 1150 1606 verba.
1177 1581 1220 1590 -
1251 1565 1279 1620 r,
1320 1565 1370 1607 12.
1403 1541 1494 1607 lnter

256 1670 382 1736 (puerei...
399 1646 577 1714 dixitforte
593 1648 746 1714 'liberius
762 1672 809 1724 se,
826 1657 947 1714 utnon
980 1649 1041 1713 toti
1058 1647 1275 1737 reipublicae
1291 1672 1419 1737 parem,
1432 1650 1490 1722 ita,

257 1778 488 1844 quaecumque
509 1779 588 1844 pars
616 1756 680 1821 sibi
708 1756 939 1834 mandaretur,
971 1756 1042 1821 eius
1071 1754 1212 1821 tutelam
1242 1764 1490 1844 suscepturum.

257 1863 640 1930 'lum-tsiniusGallus:
660 1894 675 1924 a
701 1862 874 1950 interrogo
892 1890 922 1943 a,
936 1864 1057 1951 inquit.
1077 1888 1092 1927 «
1116 1861 1294 1944 Cassan...
1316 1862 1493 1929 »Addidit

257 1969 392 2034 laudem
420 1970 461 2036 de
491 1974 648 2058 Augusto
672 1971 908 2060 'liberiumque
937 1970 1088 2060 ipsum...
1117 1970 1304 2037 admonuit.
1328 1970 1397 2036 Nec
1417 1971 1492 2036 ideo

257 2078 338 2141 iram
352 2079 424 2142 cius
435 2078 567 2154 lenivit,
586 2079 717 2166 pridem
734 2080 865 2143 invisus
884 2087 1057 2167 tamquam
1073 2077 1221 2144 ductain
1238 2078 1491 2144 matrimonium

259 2186 474 2273 l'ipsania...,
493 2210 578 2274 quae
594 2187 763 2276 quondam
785 2187 810 2250 T
813 2186 907 2251 iberii
923 2209 1009 2251 uxor
1025 2185 1143 2265 fuerat,
1162 2185 1240 2273 plus
1259 2209 1360 2274 quam
1380 2186 1492 2252 civilia

258 2294 472 2380 agitaret—
493 2318 520 2365 ι,
541 2296 590 2359 it.
616 2295 653 2360 l..
684 2295 910 2359 Arruntius..
942 2293 1081 2383 perinde
1114 2293 1265 2370 ollendit,
1287 2316 1491 2382 quamquam

255 2400 387 2465 Tiberio
404 2400 495 2465 nulla
515 2408 612 2466 vetus
633 2403 667 2466 in
701 2401 900 2467 Arruntium
936 2402 1025 2466 ira...
1050 2400 1218 2467 Omnes...
1247 2408 1379 2488 praeter
1395 2401 1494 2489 Lepi·

257 2508 337 2573 dum
354 2509 455 2573 variis
473 2533 552 2573 mox
568 2510 767 2574 criminibus
783 2516 934 2574 struente
962 2509 988 2572 T
991 2509 1101 2574 iberio-
1129 2508 1348 2573 circumventi
1366 2516 1488 2576 sunt...

258 2616 416 2681 llaterius
431 2640 508 2680 cum
521 2617 663 2681 dixisset
681 2636 688 2681 :
707 2645 721 2674 u
742 2622 815 2697 Quo
832 2639 939 2703 usque
955 2616 1104 2702 patieris,
1128 2617 1352 2682 Caesar...‘?...
1364 2640 1380 2679 n
1405 2616 1492 2680 Con-

258 2731 323 2789 stat
341 2725 528 2803 llaterium.
546 2747 622 2788 cum
638 2723 838 2811 deprecandi
859 2747 960 2788 causa
984 2721 1150 2787 l’alatium
1175 2723 1348 2787 introisset
1367 2723 1493 2788 ambu-

257 2830 426 2919 lantisque
442 2830 563 2897 'liberii
580 2855 688 2917 gorius
709 2830 958 2904 mlvolvcretur.
983 2853 1087 2919 prope
1107 2856 1126 2894 a
1154 2829 1319 2895 militibus
1339 2831 1493 2895 interiec-

258 2947 341 3007 tmn.
355 2939 432 3026 quia
442 2939 595 3004 'liberius
610 2963 689 3004 casu
709 2963 750 3003 an
772 2937 928 3002 manibus
946 2938 1018 3002 eius
1039 2937 1221 3026 impeditus
1237 2936 1437 3024 prociderat.
1450 2975 1493 2987 —

261 3069 287 3116 ι,
312 3048 372 3122 aa.
407 3045 561 3134 l'lerique,
597 3047 833 3134 (senatorum),
851 3053 889 3110 ut
914 3046 1041 3109 nomini
1063 3044 1218 3109 Caesaris
1245 3043 1493 3110 adscriberetur

257 3178 272 3214 a
295 3152 397 3215 luliae
418 3153 507 3217 lilius
526 3178 540 3215 n
562 3154 810 3218 censebant-
828 3152 920 3226 r.15.
940 3152 1137 3217 Moderantc
1160 3151 1306 3229 Tiberio,
1322 3174 1363 3216 ne
1378 3150 1491 3240 plures

259 3284 358 3347 (parram
381 3269 540 3348 quattuor
555 3260 753 3324 candidatos
768 3262 973 3347 (praeturae)
989 3259 1240 3324 cormnemlaret
1256 3258 1434 3346 (senatus).
1449 3298 1491 3309 -

264 3392 291 3442 ι,
306 3367 354 3433 16.
379 3368 461 3432 Fine
477 3368 625 3452 Augusti
650 3378 683 3432 et
700 3367 803 3432 initiis
818 3367 941 3430 'liberii
964 3366 1130 3433 auditis...
1150 3404 1192 3416 —
1219 3390 1246 3439 ι,
1274 3390 1323 3453 ¹9·
1351 3364 1494 3431 Blaesus

261 3474 366 3539 multa
380 3474 512 3539 dicendi
529 3482 599 3539 arte
615 3498 681 3539 non
701 3499 759 3561 per
772 3473 970 3538 seditionem
988 3481 1021 3538 et
1036 3473 1153 3538 turbas
1168 3472 1332 3538 desideria
1348 3471 1493 3538 militum

259 3580 301 3644 ad
321 3580 500 3646 Caesarem
514 3581 649 3646 ferenda
671 3583 728 3647 ait.
742 3622 784 3630 —
800 3606 828 3654 ι,
847 3583 899 3656 at.
921 3580 1133 3645 llaecaudita
1145 3579 1494 3668 quamquamabstru-

259 3713 334 3753 sum
345 3696 377 3753 ct
391 3689 584 3755 tristissima
599 3712 752 3777 quaeque
771 3689 916 3753 maxime
933 3687 1158 3753 occultantem
1178 3686 1348 3751 Tiberium
1363 3710 1488 3774 perpu-

258 3796 340 3874 lere,
365 3804 402 3861 ut
433 3797 581 3860 Drusum
608 3796 756 3863 lilium...
789 3797 938 3861 mitteret
966 3795 1022 3883 (ad
1052 3795 1284 3861 Pannonicum
1309 3794 1494 3859 exercitum

260 3903 538 3990 rebellantem)...
557 3903 664 3969 Simul
684 3904 843 3991 praetorii
863 3903 1052 3990 praelectus
1075 3901 1193 3967 Aelius
1213 3902 1401 3967 Seianus..
1423 3925 1494 3967 ma-

258 4035 325 4097 gna
359 4010 447 4098 apud
486 4011 655 4076 Tiberium
680 4011 891 4076 auctoritate.
915 4050 958 4058 —
991 4036 1018 4090 r,
1054 4008 1107 4076 26.
1133 4007 1307 4094 (Clamant
1339 4008 1494 4074 seditiosi

260 4120 398 4207 milites)
414 4118 584 4182 'liberium
608 4117 693 4182 olim
703 4118 839 4183 nomine
855 4117 1004 4204 Augusti
1019 4115 1186 4182 desideria
1207 4116 1379 4203 legionum
1400 4116 1493 4182 frus-

260 4228 340 4291 trari
360 4227 542 4292 solitum...
561 4265 597 4276 -
614 4251 641 4296 r.
665 4250 717 4314 29.
736 4226 882 4290 llursum
895 4224 984 4290 idem
1004 4224 1142 4290 Blaesus
1166 4231 1198 4288 et
1225 4222 1263 4289 L.
1295 4225 1492 4311 Aponius...

262 4337 442 4424 lustusque
477 4335 682 4401 Catonius...
724 4334 766 4398 ad
804 4333 976 4397 Tiberium
1009 4333 1191 4397 mittuntur
1227 4330 1300 4418 (qui
1328 4331 1495 4396 desideria

263 4444 530 4509 Pannonicorum
547 4442 719 4526 legionum
748 4439 946 4529 perierant).
975 4480 1017 4491 -
1047 4464 1074 4517 ι,
1093 4438 1146 4504 3ο.
1176 4437 1338 4502 Nouanus
1367 4439 1495 4527 (miles)

260 4550 483 4639 eppei-ianuas
497 4549 619 4613 'liberii
636 4548 799 4635 epistulas
810 4548 1056 4612 clamitaverat.
1067 4586 1109 4596 —
1130 4570 1157 4626 r,
1174 4545 1226 4611 33.
1246 4545 1494 4632 (Germanicus)

261 4660 372 4723 ltruso
392 4657 492 4722 fratre
506 4656 630 4721 Tiberii
649 4655 827 4740 genitus..
846 4656 915 4742 (Ei)
937 4653 1234 4742 civileingenium.
1252 4653 1334 4717 mira
1351 4654 1493 4720 comitas

261 4767 435 4831 etdiversa
457 4764 632 4828 ab'l'ilrerii
649 4785 815 4838 sermone,
841 4761 951 4838 vultu,
969 4762 1213 4847 adrogantibus
1225 4768 1258 4825 et
1269 4760 1434 4828 obscuris
1452 4802 1495 4815 -

264 4900 292 4946 ι,
311 4874 365 4950 34.
384 4872 449 4936 s'at
465 4872 701 4940 (lernianicus.
718 4878 845 4959 quanto
867 4892 1020 4934 summae
1049 4871 1120 4957 spei
1154 4871 1300 4957 propior.
1322 4876 1417 4935 tanto
1432 4870 1495 4934 im-

264 4983 401 5076 pensius
428 5004 487 5073 pro
503 4979 635 5044 'liberio
657 4979 760 5046 niti...
779 4977 896 5071 (Apud
918 4977 1097 5043 seditiosas
1119 4977 1284 5061 legiones)
1310 5002 1325 5040 a
1357 5000 1494 5046 venera·
