3709 6234
696 926 815 981 AELIVS
842 928 978 982 SElANVS
1447 927 1480 985 19

243 1046 272 1112 si
287 1055 320 1114 te
333 1072 531 1115 mansurum
547 1050 581 1114 in
592 1049 713 1117 eodem
728 1051 845 1117 ordine
859 1061 960 1140 putas
975 1060 1009 1119 et
1021 1053 1162 1121 Liviam.
1186 1109 1192 1122 .
1207 1077 1244 1120 ea
1260 1063 1372 1121 mente
1386 1063 1480 1120 actu-

243 1178 328 1236 ram,
360 1164 399 1223 ut
428 1181 507 1224 cum
531 1158 645 1248 equite
674 1158 828 1225 llomano
871 1167 1037 1227 senescat.
1071 1190 1086 1220 n
1116 1200 1161 1214 -
1189 1165 1221 1242 ά,
1244 1165 1298 1240 dr.
1332 1164 1480 1228 Rursum

243 1263 399 1346 Seianus,
439 1289 507 1331 non
538 1266 605 1331 iam
637 1266 679 1332 de
709 1267 937 1348 matrimonio,
962 1269 1021 1334 sed
1046 1269 1148 1336 altius
1183 1277 1349 1345 metuens,
1379 1270 1481 1335 tacita

241 1372 485 1459 suspicionum,
499 1372 593 1461 vulgi
608 1396 790 1447 rumorem,
803 1374 1019 1462 ingruentem
1043 1377 1206 1443 invidiam
1236 1377 1479 1465 deprecatur...

239 1517 284 1529 -
303 1481 335 1558 d,
359 1482 412 1557 5).
430 1481 573 1547 Seianus
586 1490 794 1548 maerentem
809 1490 842 1548 et
867 1484 1091 1571 improvidam
1108 1484 1362 1573 (Agrippinam)
1379 1484 1482 1549 altius

243 1585 399 1673 perculit.
418 1588 577 1653 immissis
600 1589 658 1677 qui
678 1612 738 1676 per
759 1590 906 1676 speciem
926 1591 1094 1657 amicitiae
1124 1597 1302 1657 monerent
1325 1599 1481 1680 paratum

244 1693 274 1757 ei
296 1716 506 1762 venenum...
517 1733 562 1744 -
575 1698 608 1774 Δ,
622 1693 676 1783 57.
698 1696 846 1762 Causam
861 1696 1024 1763 abcessus
1039 1697 1175 1786 (Tiberii
1191 1699 1226 1762 in
1242 1698 1480 1787 Campaniam)

242 1824 450 1891 quamquam
473 1812 611 1870 secutus
642 1802 808 1892 plurimos
832 1812 1008 1869 auctorum
1029 1805 1072 1870 ad
1099 1805 1211 1870 Seiani
1234 1813 1323 1871 artes
1353 1806 1480 1878 rettuli,

242 1908 323 1996 quia
354 1917 467 1976 tamen
500 1910 602 1976 caede
630 1911 702 1975 eius
731 1920 864 1999 patrata
893 1935 953 1977 sex
984 1920 1101 2001 postea
1126 1936 1234 1977 annos
1255 1914 1326 2001 pari
1352 1921 1482 1979 secreto

243 2016 434 2095 coniunxit,
462 2017 663 2106 plerumque
688 2040 900 2105 permoveor,
917 2042 999 2084 num
1028 2020 1070 2085 ad
1104 2020 1217 2107 ipsum
1232 2020 1348 2085 referri
1372 2021 1483 2085 verius

244 2123 329 2189 sit...
344 2160 390 2174 -
410 2126 442 2201 Δ,
470 2125 523 2190 58.
552 2124 721 2191 Profectio
738 2124 873 2209 (Tiberii
900 2126 935 2191 in
960 2125 1195 2216 Campaniam)
1220 2135 1293 2192 arto
1316 2128 1481 2194 comitatu

243 2226 306 2295 tuit
326 2249 369 2296 ..τ
391 2254 495 2319 eques
523 2231 697 2297 llomanus
716 2239 848 2320 praeter
876 2233 1037 2298 Seianum
1053 2257 1095 2297 ex
1118 2233 1318 2298 inlustribus
1347 2233 1484 2300 Curtius

245 2337 423 2404 Atticus..
441 2377 484 2386 -
500 2341 534 2418 4,
552 2340 604 2427 59.
623 2339 674 2403 Ac
697 2338 781 2404 torte
797 2338 865 2403 illis
885 2340 1005 2404 diebus
1020 2339 1174 2406 oblatum
1199 2341 1335 2407 Caesari
1360 2365 1484 2430 anceps

247 2443 478 2531 perieulum...
500 2444 695 2534 praebuit...
715 2446 778 2534 ipsi
794 2447 981 2525 materiem,
1000 2470 1060 2513 cur
1076 2448 1241 2512 amicitiae
1255 2449 1483 2514 constantiae-

246 2574 312 2639 que
342 2553 451 2641 magis
479 2552 640 2619 fideret...
665 2553 809 2619 Seianus
838 2577 926 2639 genu
955 2554 1121 2644 vultuque
1137 2563 1171 2620 et
1204 2553 1362 2619 manibus
1379 2578 1482 2643 super

248 2660 429 2726 Caesarem
477 2683 665 2748 suspensus
712 2662 871 2749 opposuit
918 2686 992 2727 sese
1044 2661 1271 2727 incidentibus
1319 2662 1480 2749 (saxis)...

247 2766 351 2852 (Nero
384 2769 576 2835 Germanici
605 2769 742 2857 lilius)a
767 2768 899 2835 libertis
919 2779 953 2836 ct
980 2770 1202 2837 clientibus...
1230 2770 1480 2847 exstimulatur,

247 2881 452 2941 utereetum
489 2883 524 2942 et
552 2876 715 2942 sidentem
753 2877 856 2941 animi
890 2877 1085 2943 ostenderet
1107 2900 1114 2944 ε
1134 2877 1221 2943 velle
1251 2878 1283 2942 id
1321 2878 1482 2966 populum

246 2980 495 3063 llomanum...‚
513 3007 622 3074 neque
644 3006 806 3049 ausurum
835 2993 953 3050 contra
974 2985 1178 3050 Seianum...
1197 3024 1240 3033 -
1261 2988 1294 3063 Δ,
1307 2984 1361 3047 60.
1384 2985 1483 3049 nlius

245 3111 425 3156 occursum
432 3090 589 3175 (Neronis
600 3091 793 3156 Germanici
806 3091 1017 3178 lilii)vitare..
1040 3091 1204 3181 ,plerique
1220 3092 1392 3180 inceptum
1407 3115 1483 3157 ser-

247 3218 383 3262 monem
418 3198 632 3287 abrumpere,
662 3197 900 3263 insistentibus
935 3207 1053 3264 eontra
1089 3198 1395 3287 inridentibusque.
1425 3199 1482 3287 qui

248 3308 371 3373 Seiano
387 3304 534 3371 lautores
550 3305 732 3371 aderant...
746 3303 795 3368 Ne
811 3327 879 3370 nox
893 3303 1031 3392 quidem
1045 3328 1175 3381 secura,
1194 3328 1271 3369 cum
1287 3329 1372 3370 uxor
1400 3305 1483 3392 vigi-

244 3415 320 3494 lias,
334 3436 485 3491 somnos,
503 3413 647 3501 suspiria
668 3412 768 3477 matri
790 3412 903 3477 liviae
924 3419 1026 3500 atque
1042 3412 1098 3477 illa
1121 3412 1243 3477 Seiano
1265 3411 1481 3499 patefaceret,

242 3524 301 3613 qui
347 3521 485 3587 fratrem
527 3543 662 3610 quoque
702 3519 847 3585 Neronis
882 3521 1030 3585 Drusum
1066 3520 1168 3585 traxit
1196 3520 1228 3583 in
1264 3527 1388 3607 partes,
1425 3542 1484 3606 spe

246 3631 419 3697 obieeta...
455 3627 571 3718 Neque
592 3636 705 3694 tamen
721 3627 864 3693 Seianus
889 3628 935 3691 ita
958 3629 1107 3692 llrusum
1137 3626 1286 3703 fovebat,
1304 3633 1426 3690 utnon
1449 3626 1483 3689 in

245 3761 323 3803 eum
341 3759 478 3826 quoque
493 3736 624 3802 semina
645 3734 748 3800 luturi
770 3735 865 3800 exitii
880 3734 1112 3800 meditaretur.
1137 3773 1159 3782 ·
1177 3738 1210 3812 4,
1223 3734 1276 3821 67.
1296 3733 1481 3799 Seianus...

247 3843 407 3911 turbabat
428 3843 623 3934 (Tiberium)
656 3864 724 3906 non
745 3841 811 3905 iam
840 3840 982 3905 occultis
998 3841 1179 3906 adversum
1210 3840 1434 3928 Agrippinam
1451 3848 1485 3905 et

246 3952 416 4018 Neronem
437 3948 580 4014 insidiis.
607 3986 648 4000 -
671 3948 703 4022 Δ,
726 3945 780 4011 68.
798 3946 938 4033 (Titium
958 3946 1136 4034 Sabinum)
1164 3945 1317 4010 latinius
1341 3945 1484 4010 Latiaris

248 4059 389 4124 Porcius
420 4058 518 4133 Cato,
544 4052 685 4119 Petilius
701 4051 822 4129 Rufus,
836 4052 883 4117 M.
903 4054 1028 4140 Opsius
1050 4062 1205 4141 praetura
1227 4051 1333 4117 iuncti
1359 4053 1480 4139 adgre-

246 4165 387 4232 diuntur
428 4162 586 4252 cupidine
627 4159 836 4238 consulatus,
873 4158 914 4223 ad
937 4184 1038 4249 quem
1060 4183 1125 4225 non
1148 4160 1212 4224 nisi
1246 4183 1305 4248 per
1324 4160 1485 4223 Seianum

246 4273 373 4348 aditus,
414 4293 523 4360 neque
556 4267 669 4334 Seiani
706 4267 865 4331 voluntas
913 4266 979 4330 uisi
1016 4266 1143 4331 scelere
1187 4265 1481 4354 quaerebatur...

249 4379 394 4446 Latiaris
416 4376 548 4465 (dolum
581 4374 706 4440 Sabino
734 4373 926 4461 struens)...
952 4382 1069 4439 onerat
1095 4373 1267 4452 Seianum,
1295 4372 1483 4442 saevitiam,

246 4487 454 4578 superbiam,
495 4507 574 4573 spes
614 4482 699 4547 eius.
739 4519 783 4531 -
816 4483 848 4558 Δ,
880 4504 932 4568 70.
977 4478 1186 4544 'l‘rnliebatur
1223 4479 1268 4566 (in
1317 4501 1485 4543 carcerem

245 4595 356 4661 Titius
391 4590 595 4679 Sabinus)...
630 4588 810 4655 clamitans
834 4588 881 4652 sic
905 4586 1055 4651 incohari
1105 4609 1243 4663 annum,
1272 4584 1333 4648 has
1363 4585 1486 4648 Seiano

246 4704 404 4770 victimas
442 4700 634 4766 cadere-
662 4699 692 4773 ,4,
726 4720 780 4783 7¹·
811 4694 996 4779 (Tiberium
1025 4694 1144 4758 Asinio
1167 4691 1266 4757 Gallo
1300 4692 1486 4777 infensum)

250 4811 421 4899 mitigavit
435 4809 590 4884 Seianus,
614 4828 680 4870 non
696 4803 785 4869 Galli
803 4827 930 4880 amore,
946 4825 1065 4867 verum
1088 4809 1124 4866 ut
1145 4800 1378 4866 cunctationes
1394 4800 1486 4887 prin-

247 4924 331 5014 cipis
359 4916 559 5007 aperiretur,
583 4935 751 5001 gnarus..
778 4949 823 4959 -
853 4912 885 4987 d.
915 4907 1360 4998 7d.Quamquamdiversis
1388 4930 1488 4995 super

249 5030 349 5098 rebus
373 5022 632 5091 consulerentur
660 5017 818 5108 (patres),
842 5040 936 5082 aram
960 5016 1172 5084 clementiae.
1199 5037 1291 5080 aram
1322 5013 1488 5079 amicitiae
