3709 6234
763 851 1015 904 ‹mrrvnoovnvu
1478 848 1529 907 169

289 993 456 1061 tumultus
475 993 733 1062 cierentur...»
750 1031 793 1040 —
818 994 867 1073 15,
888 1015 941 1057 22.
961 990 1056 1057 Motu
1083 1000 1191 1059 terrae
1222 992 1354 1058 celebre
1383 993 1529 1082 Campa-

291 1102 365 1168 niae
379 1101 541 1190 oppidum
563 1100 716 1187 Pompeii
732 1122 855 1185 magna
875 1122 916 1185 ex
934 1106 1027 1187 parte
1040 1101 1181 1188 proruit.
1209 1140 1251 1150 —
1286 1100 1335 1178 15,
1363 1100 1417 1177 16.
1450 1101 1528 1167 Cer-

292 1218 362 1276 tum
377 1209 419 1274 ad
433 1209 523 1274 diem
532 1208 567 1271 in
577 1206 798 1294 Campaniam
811 1206 920 1271 redire
929 1206 1075 1271 classem
1087 1207 1175 1272 Nero
1187 1207 1341 1273 iusserat.
1354 1247 1397 1257 -
1411 1209 1462 1289 15,
1472 1211 1525 1274 51.

292 1316 508 1405 Epicharis...
530 1315 565 1379 in
579 1314 764 1402 Campania
778 1337 883 1401 agens
903 1314 1067 1401 primores
1081 1315 1331 1380 classiariorum
1359 1316 1529 1381 Misenen-

290 1425 378 1489 sium
397 1423 625 1489 labefaeere...
644 1422 760 1487 conisa
775 1428 838 1486 est.
858 1459 901 1470 -·
931 1421 981 1500 15,
1000 1419 1054 1485 60.
1087 1420 1242 1509 (Seneca)
1272 1422 1313 1486 ad
1334 1445 1410 1486 eum
1439 1423 1528 1487 diem

291 1553 332 1594 ex
352 1528 536 1617 Campania
551 1536 759 1594 remeaverat
780 1534 1006 1615 quartumque
1037 1528 1126 1615 apud
1152 1528 1299 1616 lapidem
1334 1529 1528 1595 suburbano

291 1661 365 1703 rure
380 1635 589 1703 substiterat.
613 1672 649 1684 -
676 1636 725 1715 111,
749 1635 797 1702 13.
816 1634 958 1699 Vastata
978 1633 1162 1722 Campania
1180 1635 1313 1701 turbine
1334 1645 1523 1703 ventorum.

291 1784 334 1794 -
353 1745 403 1825 16,
426 1767 475 1833 ¹9·
495 1744 593 1809 llorte
609 1742 677 1808 illis
689 1742 809 1807 diebus
826 1742 1046 1829 Campaniam
1064 1744 1231 1830 petiverat
1244 1743 1380 1810 Cacsar.
1393 1784 1435 1793 -
1452 1745 1478 1824 l,
1496 1768 1526 1809 1.

292 1852 442 1917 Haustae
453 1850 662 1917 autobrutae
673 1849 787 1930 urbes,
805 1848 1048 1914 secundissima
1064 1850 1269 1938 Campaniae
1295 1873 1364 1917 ora.
1378 1890 1419 1902 -
1436 1851 1461 1933 1,
1475 1851 1527 1918 23.

293 1958 439 2024 Labores
454 1959 653 2025 itinerum...
672 1958 818 2022 atrocius
834 1956 1097 2044 accipiebantur,
1120 1968 1196 2023 cum·
1213 1959 1418 2046 Campaniae
1433 1958 1529 2024 lacus

291 2076 325 2132 et
342 2067 491 2133 Achaiae
504 2065 604 2131 urbes
624 2064 791 2130 classibus
825 2064 917 2130 adire
946 2064 1038 2129 soliti
1069 2066 1280 2152 Pyrenaeum
1310 2074 1343 2132 et
1364 2066 1471 2154 Alpes
1497 2075 1530 2132 et

293 2175 454 2240 immensa
474 2174 606 2238 viarum
621 2174 730 2261 spatia
754 2195 853 2259 aegre
874 2171 938 2237 sub
964 2173 1067 2237 armis
1097 2174 1316 2239 eniterentur.
1337 2173 1455 2257 -111,
1474 2173 1516 2238 58

294 2281 387 2361 Quae
418 2280 474 2346 ubi
499 2279 637 2346 Vitellio
657 2280 848 2366 cognita...,
879 2279 916 2346 L.
946 2279 1120 2344 Vitellium
1155 2280 1333 2346 fratrem...
1360 2281 1530 2368 ingruenti

298 2411 356 2475 per
376 2388 597 2475 Campaniam
630 2386 720 2452 bello
736 2386 907 2475 opposuit.
923 2424 966 2436 -
983 2387 1043 2467 111,
1059 2386 1113 2474 59.
1142 2386 1283 2452 Erectus
1298 2387 1433 2452 Samnis
1447 2387 1531 2451 Pae-

295 2495 474 2584 lignusque
489 2502 522 2559 et
536 2494 640 2559 Marsi
653 2493 891 2577 aemulatione,
911 2494 1002 2581 quod
1022 2493 1207 2581 Campania
1224 2495 1468 2582 praevenisset.
1487 2534 1530 2543 -

297 2601 355 2680 111,
374 2601 429 2668 60.
453 2602 639 2688 (Antonius
654 2601 788 2666 Primus
804 2600 892 2689 apud
907 2600 1034 2666 milites
1049 2587 1284 2690 contionatur)¹
1295 2629 1310 2660 a
1336 2602 1405 2666 lam
1425 2602 1527 2667 Mise-

297 2731 434 2774 nensem
455 2707 599 2773 classem
620 2717 654 2774 et
668 2706 927 2795 pulcherrimam
942 2708 1148 2796 Campaniae
1167 2731 1262 2773 oram
1275 2709 1459 2775 descivisse
1475 2709 1530 2798 (ad

292 2824 404 2905 partes
419 2817 556 2904 suas)...
579 2843 594 2874 n
614 2854 655 2865 --
670 2815 731 2891 lll,
754 2815 808 2880 63.
826 2813 902 2879 Non
917 2815 1060 2880 omisere
1077 2839 1135 2902 per
1151 2839 1209 2880 eos
1225 2815 1298 2880 dies
1326 2817 1515 2903 (Antonius

294 2922 426 2987 Primus
450 2945 488 2987 ac
506 2922 659 3008 (Arrius)
678 2922 787 2987 Varus
810 2922 936 2986 crebris
956 2922 1084 2987 nuntiis
1117 2923 1261 2988 salutem
1287 2931 1321 2988 et
1351 2925 1528 3012 pecuniam

292 3036 325 3095 et
345 3038 474 3095 secreta
488 3029 692 3117 Campaniae
713 3030 833 3093 ollerre
854 3028 1003 3108 Vitellio,
1027 3030 1055 3093 si
1077 3031 1198 3117 positis
1226 3031 1329 3095 armis
1356 3054 1459 3118 seque
1490 3055 1528 3096 ac

293 3136 416 3202 liberos
431 3161 512 3202 suos
530 3136 740 3225 Vespasiano
756 3137 975 3224 permisisset.
995 3175 1038 3185 -
1052 3136 1112 3218 111,
1131 3137 1185 3203 66.
1206 3137 1249 3202 Vt
1262 3138 1404 3226 quisque
1421 3137 1529 3203 Vitel-

293 3243 337 3309 lio
370 3244 470 3320 lidus,
492 3245 539 3310 ita
554 3267 669 3333 pacem
688 3251 721 3309 et
748 3244 964 3308 condiciones
1007 3242 1223 3310 abnuebant:
1243 3243 1406 3309 a...Nunc
1427 3268 1527 3332 pecu-

294 3353 383 3417 niam
403 3359 437 3417 et
455 3351 618 3416 familiam
632 3358 666 3416 et
680 3350 797 3416 beatos
812 3349 1017 3438 Campaniae
1033 3351 1127 3416 sinus
1138 3352 1288 3438 promitti
1304 3372 1311 3432 ;
1330 3352 1428 3418 sed...
1450 3381 1465 3413 »
1487 3391 1531 3403 -

296 3459 355 3543 lll,
371 3484 425 3549 77.
448 3458 570 3547 (Capta
583 3458 762 3523 Tarracina
778 3459 814 3523 L.
845 3457 1001 3522 Vitellius
1028 3458 1162 3522 fratrem
1192 3460 1441 3546 imperatorem)
1456 3483 1529 3548 per-

294 3574 451 3633 contatus
470 3567 585 3632 statim
604 3564 733 3651 regredi
749 3588 785 3629 se
798 3565 973 3653 (Romam)
994 3588 1035 3629 an
1057 3564 1305 3652 perdomandae
1326 3565 1530 3653 Campaniae

296 3674 452 3740 insistere
468 3673 609 3738 iuberet.
631 3712 669 3721 -
694 3672 751 3748 lV,
775 3672 806 3738 3.
839 3672 950 3737 lsdem
978 3670 1097 3736 diebus
1123 3671 1274 3737 Lucilius
1305 3674 1430 3737 bassus
1454 3697 1532 3738 cum

295 3781 451 3870 expedito
467 3781 580 3870 equite
595 3780 638 3844 ad
652 3779 921 3867 componendam
950 3779 1170 3866 Campaniam
1189 3780 1345 3858 mittitur,
1373 3780 1532 3846 discordi·

296 3887 359 3952 bus
382 3888 642 3975 municipiorum
655 3887 818 3952 animis...

254 3994 515 4060 calwan'vs.
539 4032 583 4044 -
603 3993 661 4076 lV,
690 3993 745 4058 66.
776 3992 971 4081 Campanus
998 4017 1036 4058 ac
1070 3994 1240 4059 luvenalis
1277 4018 1295 4060 e
1328 3996 1533 4085 primoribus

296 4101 505 4189 Tungrorum
522 4102 717 4166 universam
732 4100 832 4189 (lulio
853 4100 968 4188 Civili)
982 4109 1119 4187 gentem
1138 4101 1308 4170 dedidere.

253 4207 619 4274 CAMVLODVNVM.
642 4246 677 4256 —
700 4232 751 4283 12,
771 4210 824 4272 32.
840 4208 980 4273 Colonia
1003 4207 1275 4273 Camulodunum
1292 4210 1405 4276 valida
1432 4220 1530 4277 vete-

297 4339 454 4382 ranorum
487 4339 587 4380 manu
621 4315 799 4381 deducitur
836 4317 870 4380 in
904 4339 1004 4403 agros
1047 4316 1199 4403 captivos
1233 4320 1267 4400 (a
1313 4317 1351 4383 P.
1395 4317 1530 4385 Ostorio

299 4422 491 4489 Britanniae
506 4421 646 4512 legato).
663 4461 699 4472 -
726 4426 776 4501 11,
795 4422 848 4489 31.
865 4423 1052 4511 (Veterani)
1070 4423 1103 4486 in
1123 4423 1289 4487 coloniam
1318 4425 1530 4491 (1111111111-

297 4553 377 4596 num
391 4553 508 4596 recens
523 4529 659 4596 deducti
680 4530 853 4618 pellebant
867 4530 1038 4600 domibus.
1063 4529 1290 4596 exturbabant
1304 4534 1406 4620 agris,
1431 4535 1532 4621 capti·

297 4661 368 4716 vos,
392 4661 508 4703 servos
521 4637 764 4726 appellando..
781 4637 836 4702 Ad
857 4638 919 4702 boc
936 4636 1101 4725 templum
1119 4638 1206 4702 Divo
1226 4636 1367 4703 Claudio
1397 4642 1507 4706 consti
1523 4682 1528 4689 -

299 4752 448 4811 lutum...
460 4744 530 4809 Nec
545 4744 688 4808 arduum
705 4743 883 4809 videbatur
901 4743 1098 4809 exscindere
1119 4744 1286 4809 coloniam
1309 4746 1530 4812 1111131111ιί-

298 4851 418 4917 mentis
432 4857 596 4940 saeptam.
613 4887 642 4896 -
666 4855 716 4932 11,
736 4851 790 4918 32.
807 4851 899 4917 lnter
910 4874 995 4940 quac
1013 4851 1106 4916 nulla
1117 4851 1227 4940 palam
1238 4876 1338 4918 causa
1355 4854 1531 4942 delapsum

298 4958 521 5024 Camuloduni
550 4957 768 5023 simulacrum
789 4959 959 5024 Victoriae
991 4983 1029 5024 ac
1058 4968 1147 5025 retro
1178 4983 1393 5034 conversum,
1431 4964 1527 5051 quasi
