3709 6234
284 825 331 881 l2l
857 826 980 878 ltdl'll'l

326 968 426 1056 plicio
443 968 515 1033 eins
531 967 624 1033 ferox
639 990 723 1054 gens
743 965 959 1033 alienaretur.
985 967 1028 1033 Et
1047 974 1143 1034 erant
1158 967 1191 1033 in
1216 967 1353 1034 civitate
1369 969 1560 1056 Lingonum

326 1084 402 1142 octo
424 1078 631 1141 Batavorum
647 1074 814 1154 cohortes,
832 1081 972 1163 quartae
997 1075 1146 1141 decimae
1171 1075 1315 1163 legionis
1334 1076 1501 1144 auxilia...
1520 1114 1561 1127 -

328 1183 354 1262 l,
384 1182 439 1261 64.
468 1181 580 1270 Iurgia
595 1181 755 1270 primum,
784 1205 862 1246 mox
878 1181 952 1247 rixa
980 1182 1069 1248 inter
1093 1183 1239 1248 Batavos
1260 1190 1295 1249 et
1313 1182 1558 1272 legionarios...

327 1314 430 1379 prope
455 1290 488 1356 in
511 1290 677 1378 proelinm
702 1312 868 1367 exarsere,
887 1288 922 1353 ni
947 1287 1099 1378 (Fabius)
1121 1288 1247 1356 Valens
1269 1290 1560 1357 animadversione

327 1420 511 1486 paucorum
527 1396 651 1463 oblitos
666 1397 733 1462 iam
750 1397 896 1461 Batavos
911 1396 1043 1484 imperii
1059 1397 1300 1464 admonuisset.
1312 1434 1357 1448 -
1372 1398 1417 1472 ll,
1440 1424 1489 1487 ¹7·
1509 1399 1561 1463 la·

328 1503 453 1571 ritabat
466 1506 548 1593 quin
568 1505 669 1570 etiam
690 1505 836 1570 Batavos
854 1504 1199 1594 Transrhenanosque
1219 1505 1334 1571 Padus
1355 1506 1440 1593 ipse,
1462 1527 1560 1594 quem

327 1619 463 1701 repente
485 1620 601 1677 contra
628 1611 836 1677 Placentiam
862 1612 1107 1698 transgressi...
1139 1611 1246 1691 -ll,
1275 1637 1326 1678 22.
1353 1612 1460 1678 lulius
1480 1613 1559 1678 Bri-

326 1720 525 1807 ganticus...
543 1718 732 1807 praefectus
747 1718 820 1783 alae
834 1718 869 1783 in
889 1718 1027 1784 Batavis
1039 1719 1188 1805 genitus.
1205 1718 1307 1800 -ll,
1326 1743 1379 1808 27.
1398 1719 1562 1785 Cohortes

329 1829 543 1902 Batavorum,
562 1849 647 1915 quas
669 1824 758 1891 bello
777 1826 921 1890 Neronis
949 1849 966 1890 a
983 1834 1100 1914 quarta
1130 1826 1260 1892 decima
1280 1825 1413 1914 legione
1433 1826 1562 1915 digres-

326 1958 393 2012 sas,
415 1957 492 2000 cum
523 1933 731 1999 Britanniam
762 1939 926 2021 peterent,
955 1932 1071 1997 audito
1102 1932 1230 1999 Vitellii
1255 1941 1351 1999 motu
1366 1934 1401 1998 in
1426 1934 1563 2000 civitate

327 2041 518 2128 Lingonum
535 2040 639 2106 Fabio
651 2040 784 2106 Valenti
800 2040 977 2105 adiunctas
990 2039 1195 2122 rettulimus,
1210 2039 1354 2128 superbe
1370 2039 1559 2128 agebant...

327 2187 370 2197 —
383 2150 425 2228 ll,
449 2148 502 2215 28.
516 2147 655 2234 (Fabius
666 2147 805 2233 Valens)
814 2170 893 2212 cura
905 2148 1015 2212 socios
1029 2147 1176 2236 (Galliae
1189 2147 1434 2237 Narbonensis)
1447 2149 1562 2216 tuendi

328 2274 361 2331 et
377 2265 514 2330 militari
535 2272 610 2329 astu
639 2264 796 2329 cohortes
822 2262 976 2329 turbidas
992 2287 1042 2339 ac,
1066 2265 1095 2328 si
1121 2287 1187 2329 una
1209 2264 1331 2342 forent,
1353 2264 1563 2353 praevalidas

328 2371 557 2461 dispergendi,
592 2378 721 2459 partem
757 2373 962 2435 Batavorum
1004 2370 1052 2436 ire
1091 2372 1123 2436 in
1161 2371 1351 2438 subsidium
1387 2371 1494 2438 iubet.
1521 2409 1564 2422 -

329 2480 371 2552 ΙΙ.
391 2481 445 2557 43.
463 2479 617 2544 Accessit
632 2477 852 2567 (Vitellianis)
868 2501 985 2543 recens
1008 2477 1185 2561 auxilium,
1202 2480 1312 2546 Varus
1327 2478 1474 2545 Alienus
1487 2503 1563 2546 cum

332 2586 481 2658 llataris,
517 2586 590 2650 lusa
614 2584 842 2672 gladiatorum
881 2608 994 2663 manu,
1027 2609 1129 2674 quam
1157 2587 1302 2653 navibus
1335 2594 1564 2654 transvectam

329 2694 504 2782 oppositae
534 2693 690 2758 cohortes
711 2693 745 2757 in
770 2693 844 2779 ipso
870 2693 1010 2759 flumine
1043 2692 1313 2775 trucidaverant;
1344 2695 1389 2760 ita
1418 2695 1564 2760 victores

292 2868 294 2871 ,
327 2800 417 2865 latus
446 2800 596 2866 hostium
621 2801 758 2866 invecti.
776 2840 819 2851 —
850 2800 893 2874 ll,
915 2799 971 2866 66.
1003 2801 1143 2866 Remini
1158 2801 1505 2892 (quartadecimanos)
1530 2802 1563 2866 in

332 2908 585 2974 Britanniam...
642 2907 769 2996 placuit
809 2906 978 2993 (Vitellio)
1025 2915 1126 2997 atque
1173 2908 1306 2975 interim
1359 2909 1564 2975 Batavorum

329 3016 484 3082 cohortes
507 3040 574 3081 una
595 3016 731 3081 tendere
750 3014 792 3079 ob
808 3020 958 3080 veterem
981 3015 1144 3080 adversus
1157 3015 1475 3103 quartadecimanos
1495 3015 1565 3081 dis·

328 3123 476 3188 cordiam
497 3124 712 3209 ..Augustae
732 3122 968 3200 Taurinorum,
991 3121 1072 3186 dum
1092 3122 1247 3210 opificem
1263 3122 1445 3212 quemdam
1462 3123 1563 3189 Bata-

326 3255 390 3295 ras
405 3240 442 3297 ut
457 3230 684 3296 fraudatorem
696 3230 892 3312 insectatur,
910 3228 1116 3317 legionarius
1130 3235 1169 3294 ut
1183 3228 1354 3319 hospitem
1370 3237 1497 3310 tuetur,
1515 3229 1565 3296 sui

327 3340 447 3428 cuique
472 3337 721 3403 commilitones
746 3337 921 3423 adgregati
943 3361 961 3401 a
978 3337 1140 3401 conviciis
1160 3336 1202 3402 ad
1223 3337 1362 3404 caedem
1387 3338 1563 3405 transiere.

328 3447 370 3511 Et
386 3446 550 3534 proelium
566 3451 663 3508 atrox
678 3444 872 3522 exarsisset,
893 3444 927 3508 ni
950 3443 1036 3508 duae
1051 3443 1239 3530 praetoriae
1257 3444 1414 3509 cohortes
1429 3468 1565 3510 causam

327 3552 701 3642 quartadecimanorum
746 3558 880 3616 secutae
918 3551 970 3615 his
1004 3550 1163 3615 liduciam
1200 3559 1234 3616 ct
1269 3558 1396 3616 metum
1427 3552 1565 3618 Batavis

330 3660 507 3736 fecissent;
532 3657 789 3747 quosl'itcllius
818 3657 946 3744 agmini
975 3681 1036 3722 suo
1065 3658 1158 3745 iungi
1178 3667 1217 3724 ut
1238 3657 1366 3725 fidos..
1394 3658 1502 3725 iubet.
1524 3697 1555 3710 -

332 3767 374 3838 ΙΙ,
397 3771 451 3855 69.
481 3767 682 3832 Batavorum
712 3765 879 3844 cohortes,
906 3788 947 3829 nc
975 3764 1057 3852 quid
1087 3764 1312 3830 truculentius
1332 3766 1510 3840 auderent,
1531 3767 1565 3831 in

330 3874 546 3940 Germaniam
567 3874 746 3942 remissae:
767 3871 968 3959 principium
985 3871 1117 3937 interno
1134 3871 1235 3937 simul
1252 3881 1459 3962 externoque
1476 3872 1566 3939 bello

331 3979 528 4069 parantibus
544 3980 633 4045 latis.
651 4020 692 4029 —
721 3979 762 4048 11.
786 4004 840 4066 97.
868 3978 1010 4044 Perinde
1028 3978 1131 4066 legati
1155 3979 1415 4068 provinciaeque
1430 3988 1568 4047 cuncta-

332 4089 455 4154 bantur
486 4086 625 4175 (auxilia
645 4085 782 4151 Vitellio
807 4086 967 4170 mittere).
998 4086 1209 4152 llordeonius
1234 4086 1376 4152 Flaccus
1400 4088 1568 4175 suspectis

332 4197 398 4260 iam
422 4195 558 4260 llatavis
572 4195 693 4258 anxius
708 4181 843 4280 proprio
863 4192 964 4259 bello.
983 4233 1026 4241 -
1042 4192 1099 4266 IV,
1124 4218 1173 4260 12.
1199 4195 1329 4272 Batavi,
1347 4193 1455 4260 donec
1474 4203 1569 4262 trans

333 4304 488 4368 llhenum
520 4300 677 4388 agebant.
709 4324 786 4388 pars
813 4301 1026 4383 Chattorum,
1064 4300 1229 4366 seditione
1258 4301 1445 4368 domestica
1478 4303 1568 4392 pulsi

332 4419 482 4476 extrema
507 4407 656 4473 Gallicae
675 4432 753 4473 orac
776 4432 880 4473 vacua
900 4407 1088 4473 cultoribus
1108 4408 1277 4498 simulque
1298 4408 1444 4474 insulam
1474 4411 1569 4477 iuxta

333 4519 434 4583 sitam
458 4538 665 4603 occupavere
686 4565 707 4581 ..
726 4554 768 4563 —
786 4516 842 4595 ll',
863 4517 912 4591 rt.
932 4514 1028 4580 lussu
1046 4514 1173 4580 Vitellii
1189 4516 1392 4581 Batavorum
1409 4516 1572 4584 iuventus

332 4626 374 4690 ad
395 4624 556 4689 dilectum
571 4622 796 4688 vocabatur...
815 4662 856 4671 -
879 4622 1008 4688 ll'.15.
1032 4621 1329 4705 Canninefates...,
1353 4646 1481 4712 gens...
1504 4625 1572 4692 ori·

333 4733 423 4818 gine.
438 4732 565 4818 lingua,
577 4731 700 4795 virtute
711 4753 771 4817 par
785 4730 940 4808 Batavis,
957 4752 1097 4794 numero
1113 4738 1327 4818 superantur.
1337 4729 1573 4800 Moxoccultis

336 4840 463 4904 nuntiis
491 4838 611 4924 (lulius
637 4836 769 4922 Civilis)
799 4836 939 4926 pellexit
972 4836 1165 4902 Britannica
1192 4836 1339 4914 auxilia,
1362 4838 1574 4908 Batavorum

336 4946 490 5012 cohortes
518 4944 637 5010 missas
671 4944 704 5009 in
743 4943 971 5023 Germaniam,
997 4953 1035 5011 ut
1069 4968 1170 5036 supra
1194 4944 1400 5015 rettulimus.
1432 4969 1471 5014 ac
1498 4953 1575 5020 tum
