3709 6234
787 865 922 919 DEClill'S
1468 863 1521 924 237

283 1027 348 1093 que
363 1013 396 1072 et
422 1005 607 1070 Pannoniis
622 1005 742 1071 Rheno
771 1013 806 1071 et
829 1008 1007 1072 Danuvio¹
1041 1009 1280 1075 fluminibus...
1301 1020 1518 1100 separatur...

283 1112 460 1179 Danuvius
474 1113 487 1153 ⁹
501 1111 595 1177 molli
612 1121 645 1178 et
659 1113 845 1179 clementer
860 1114 952 1180 edito
971 1115 1097 1179 montis
1112 1113 1277 1181 Abnobae
1294 1116 1372 1202 iugo
1393 1117 1521 1183 ellusus

282 1219 397 1306 plures
412 1220 555 1309 populos
576 1220 659 1300 adit,
674 1220 781 1286 donec
797 1221 831 1285 in
848 1222 1027 1287 Ponticum
1044 1246 1135 1287 mare
1156 1246 1214 1288 sex
1230 1222 1397 1289 meatibus
1412 1248 1520 1289 erum.

281 1334 339 1414 pat
361 1347 369 1407 ;
391 1327 574 1414 septimum
595 1351 633 1392 os
653 1327 837 1416 paludibus
868 1328 1032 1393 hauritur.
1053 1368 1088 1378 —
1110 1353 1162 1417 29·
1179 1329 1255 1394 Non
1272 1330 1519 1395 numeraverim

281 1431 368 1498 inter
384 1434 585 1499 Germaniae
605 1434 761 1523 populos,
784 1458 991 1524 quamquam
1010 1443 1102 1500 trans
1124 1435 1281 1501 Rhenum
1304 1437 1518 1503 Danuvium-

281 1538 370 1629 que³
383 1539 610 1619 consederint,
632 1564 702 1621 eos,
720 1542 778 1630 qui
803 1542 999 1608 decumates
1024 1565 1123 1629 agros
1145 1552 1314 1609 exercent.
1329 1584 1373 1594 -
1391 1548 1442 1621 tr.
1460 1544 1517 1626 Vt,

280 1670 348 1735 quo
367 1648 468 1713 modo
483 1649 585 1736 paulo
603 1658 681 1715 ante
702 1649 871 1727 Rhenum,
891 1651 940 1715 sic
955 1673 1045 1715 nunc
1066 1650 1279 1716 Danuvium⁴
1301 1674 1464 1740 sequar...
1476 1690 1519 1701 —

281 1756 335 1830 la.
354 1753 469 1843 anue
480 1755 681 1821 Germaniae
697 1756 791 1822 volut
807 1758 900 1822 irons
915 1766 979 1838 est,
997 1764 1167 1846 quatenus
1181 1759 1337 1825 Danuvio
1349 1760 1520 1847 ³praecin·

281 1860 383 1946 gitur.

237 1968 431 2050 DAREVS,
458 1970 638 2037 DARIVS.
661 2011 705 2021 -
729 1971 761 2052 3,
792 1971 847 2036 63.
879 1971 1074 2060 (Consules,
1097 1996 1174 2038 cum
1203 1972 1244 2038 de
1271 1973 1341 2038 iure
1370 1975 1457 2062 asyli
1485 1976 1519 2040 in

212 2128 216 2132 .
281 2084 400 2142 senatu
415 2084 583 2164 ageretur,
595 2078 853 2167 disseruerunt).
876 2131 882 2145 .
898 2102 1006 2168 neque
1022 2080 1135 2145 minus
1151 2079 1302 2145 hlilesios
1318 2081 1426 2147 Dareo
1442 2106 1520 2170 rege

281 2183 343 2249 niti
353 2183 426 2271 (qui
442 2184 485 2250 ab
507 2186 703 2252 Alexandro
727 2188 839 2252 victus
863 2187 943 2272 est).
961 2224 1005 2238 -
1029 2210 1080 2263 ια,
1102 2186 1151 2251 13.
1171 2187 1357 2254 Castellum
1387 2189 1519 2276 insigne

280 2289 382 2372 fama,
404 2292 496 2380 quod
522 2301 692 2381 postremo
720 2295 807 2359 inter
838 2294 978 2360 Darium
999 2302 1100 2381 atquc
1130 2293 1364 2359 Alexandrum
1392 2296 1532 2383 proelio·

282 2396 461 2464 Persarum
477 2400 545 2466 illio
561 2425 642 2490 opes
662 2400 892 2467 conciderant.

238 2503 444 2573 Davana.
469 2545 512 2556 —
534 2507 566 2583 6,
598 2510 652 2585 dr.
681 2509 773 2573 Duos
804 2508 950 2573 colles...
988 2507 1127 2596 (Clitas)
1159 2509 1375 2588 insederant;
1397 2510 1519 2576 minori

283 2610 404 2693 Cadra,
419 2612 518 2679 alteri
534 2616 666 2680 Davara
682 2639 806 2680 nomen
820 2623 883 2681 est.

238 2716 498 2785 DECEMBER.
519 2758 565 2771 -
582 2721 631 2800 13,
663 2745 711 2787 ro.
727 2722 940 2810 Quamquam
957 2723 1169 2787 censuissent
1184 2731 1308 2810 patres,
1334 2732 1373 2790 ut
1387 2724 1518 2813 princi-

282 2825 375 2914 pium
390 2828 468 2894 anni
485 2828 647 2917 inciperet
662 2853 776 2894 mense
788 2829 980 2911 Deccmbri,
997 2854 1064 2919 quo
1080 2838 1174 2895 ortus
1190 2839 1262 2896 erat
1275 2831 1364 2897 Nero
1382 2886 1401 2902 ..
1417 2871 1459 2882 —
1474 2834 1513 2901 Ο.

289 2957 340 3023 ¹7·
360 2963 376 2995 α
387 2935 537 3023 (Cicero)
552 2937 695 3025 septimo
705 2936 782 3001 idus
798 2938 998 3002 Decembres
1011 2943 1022 2976 ¹³
1041 2938 1172 3002 occisus
1185 2946 1248 3004 est.

240 3042 251 3064 '
268 3039 485 3118 DECANGI,
502 3068 535 3109 v.
553 3043 736 3110 CEANGl.

238 3149 247 3168 ’
265 3148 524 3229 DECANTAE,
539 3175 572 3220 v.
591 3150 775 3217 CEANGI.

238 3254 440 3321 DEClMVS
455 3257 696 3332 PACARWS,
715 3283 748 3323 v.
774 3257 1004 3324 PACARR'S
1026 3258 1240 3324 DRtJlMl'S.

238 3362 427 3429 ‘DEClVS
444 3363 812 3440 CALPVRNLtNt'S,
831 3389 862 3428 v.
885 3364 1079 3430 DECRIVS
1092 3365 1460 3434 CALPl'RNlANl'S.

239 3468 625 3537 1)EC1vssnMNlS⁷.
641 3512 683 3522 -
705 3473 742 3551 0,
757 3497 810 3537 21.
835 3473 1018 3561 (Loquitur
1041 3473 1147 3561 Aper)
1191 3498 1207 3537 u
1231 3472 1303 3538 Nisi
1321 3473 1405 3539 lorte
1423 3475 1519 3563 quis·

280 3602 383 3667 quam
402 3587 461 3646 aut
480 3580 635 3646 Caesaris
664 3604 725 3668 pro
753 3581 855 3645 Decio
885 3581 1037 3646 Samnite
1062 3589 1120 3646 aut
1142 3581 1238 3645 llruti
1268 3604 1329 3668 pro
1360 3581 1518 3646 Deiotaro

280 3709 358 3775 rege
370 3695 567 3775 ceterosque
581 3687 733 3753 eiusdem
748 3688 989 3753 lentitudinis..
995 3741 1004 3774 ,
1022 3687 1127 3752 libros
1143 3688 1242 3774 legit.

237 3791 447 3860 DECRlVS.
464 3834 509 3844 —
525 3795 555 3875 3,
580 3819 634 3861 20.
654 3774 811 3861 Praeerat
837 3796 977 3861 castello
999 3797 1032 3882 (a
1061 3795 1271 3862 Tacfarinate
1294 3796 1518 3862 circumsesso

280 3901 469 3990 praefectus
488 3903 651 3989 cohortis)
673 3904 813 3968 Decrius
846 3903 989 3991 impiger
1012 3926 1126 3981 manu,
1154 3903 1321 3969 exercitus
1341 3903 1462 3970 militia
1485 3910 1519 3969 et

280 4009 374 4075 illam
393 4009 604 4075 obsidionem
636 4010 754 4097 flagitii
782 4019 886 4076 ratus.
925 4008 958 4075 ls
988 4013 1184 4076 cohortatus
1212 4011 1378 4079 milites...
1401 4012 1519 4102 Neque

280 4118 444 4205 proelium
461 4118 585 4198 omisit,
603 4118 709 4183 donec
723 4118 877 4184 desertus
894 4118 964 4182 suis
984 4117 1130 4184 caderet.

270 4418 277 4452 ¹
294 4417 366 4470 AB:
384 4417 521 4473 danubio,·
536 4417 577 4469 ῦς
594 4418 725 4468 deauratio.
742 4435 809 4481 «lirae
824 4423 866 4468 ost
879 4420 1017 4482 scriptura
1034 4420 1176 4481 utriusque
1194 4420 1318 4479 Medicei,
1335 4433 1517 4481 nummorum,

240 4499 459 4561 inscriptionum.

269 4577 368 4630 ἈΒτ
384 4578 535 4636 danubius;
548 4578 587 4632 0:
604 4579 752 4630 dannatus.

268 4658 363 4711 ⁸AB:
379 4658 552 4721 danubium
568 4659 610 4713 0:
628 4660 790 4709 danuuium.

268 4738 280 4774 ⁴
296 4739 371 4793 Αὓε
388 4739 557 4792 danuuium:
574 4740 595 4793 Β
611 4741 790 4790 :danubium

269 4819 281 4853 ⁵
297 4819 371 4873 hc:
388 4819 525 4872 danuuio:
539 4819 579 4872 B:
599 4820 726 4870 ‹tanub1'0.

267 4900 280 4934 ⁴⁵
295 4900 454 4950 Decembres
467 4901 531 4951 add.
548 4901 665 4965 Lipsius.

269 4979 278 5013 ἵ
292 4980 344 5029 Cn.
363 4981 463 5030 Decius
475 4981 592 5031 Samnis.
