<?xml version="1.0" encoding="UTF-8"?>
<!DOCTYPE html PUBLIC "-//W3C//DTD XHTML 1.0 Transitional//EN"
    "http://www.w3.org/TR/xhtml1/DTD/xhtml1-transitional.dtd">
<html xmlns="http://www.w3.org/1999/xhtml" xml:lang="en" lang="en">
 <head>
  <title>
</title>
<meta http-equiv="Content-Type" content="text/html;charset=utf-8" />
  <meta name='ocr-system' content='tesseract 3.04.00' />
  <meta name='ocr-capabilities' content='ocr_page ocr_carea ocr_par ocr_line ocrx_word'/>
</head>
<body>
  <div class='ocr_page' id='page_1' title='image "./onomasticontaci00fabigoog_0497.png"; bbox 0 0 3709 6234; ppageno 0'>
   <div class='ocr_carea' id='block_1_1' title="bbox 787 858 1498 919">
    <p class='ocr_par' dir='ltr' id='par_1_1' title="bbox 787 858 1498 919">
     <span class='ocr_line' id='line_1_1' title="bbox 787 858 1498 919; baseline -0.007 -2"><span class='ocrx_word' id='word_1_1' title='bbox 787 865 932 919; x_wconf 80' lang='lat' dir='ltr'>OClAVlA</span> <span class='ocrx_word' id='word_1_2' title='bbox 1444 858 1498 913; x_wconf 73' lang='lat'>⁴89</span> 
     </span>
    </p>
   </div>
   <div class='ocr_carea' id='block_1_2' title="bbox 219 1003 1498 4632">
    <p class='ocr_par' dir='ltr' id='par_1_2' title="bbox 264 1003 1497 1199">
     <span class='ocr_line' id='line_1_2' title="bbox 264 1003 1497 1092; baseline 0.001 -25"><span class='ocrx_word' id='word_1_3' title='bbox 264 1025 340 1068; x_wconf 91' lang='lat' dir='ltr'>cum</span> <span class='ocrx_word' id='word_1_4' title='bbox 370 1012 547 1092; x_wconf 87' lang='lat' dir='ltr'>praecepto</span> <span class='ocrx_word' id='word_1_5' title='bbox 577 1011 625 1084; x_wconf 91' lang='lat' dir='ltr'>nt,</span> <span class='ocrx_word' id='word_1_6' title='bbox 653 1004 682 1068; x_wconf 93' lang='lat' dir='ltr'>si</span> <span class='ocrx_word' id='word_1_7' title='bbox 712 1005 746 1069; x_wconf 92' lang='lat' dir='ltr'>in</span> <span class='ocrx_word' id='word_1_8' title='bbox 775 1005 950 1070; x_wconf 79' lang='lat' dir='ltr'><strong>Britannia</strong></span> <span class='ocrx_word' id='word_1_9' title='bbox 983 1004 1081 1079; x_wconf 80' lang='lat' dir='ltr'>toret,</span> <span class='ocrx_word' id='word_1_10' title='bbox 1104 1003 1326 1082; x_wconf 79' lang='lat' dir='ltr'>traderentur,</span> <span class='ocrx_word' id='word_1_11' title='bbox 1354 1025 1497 1092; x_wconf 82' lang='lat' dir='ltr'>eumque</span> 
     </span>
     <span class='ocr_line' id='line_1_3' title="bbox 265 1109 1204 1199; baseline -0.002 -23"><span class='ocrx_word' id='word_1_12' title='bbox 265 1109 422 1176; x_wconf 89' lang='lat' dir='ltr'>libertum</span> <span class='ocrx_word' id='word_1_13' title='bbox 443 1111 476 1175; x_wconf 91' lang='lat' dir='ltr'>in</span> <span class='ocrx_word' id='word_1_14' title='bbox 494 1112 567 1199; x_wconf 90' lang='lat' dir='ltr'>ipso</span> <span class='ocrx_word' id='word_1_15' title='bbox 583 1110 667 1177; x_wconf 78' lang='lat' dir='ltr'>lecto</span> <span class='ocrx_word' id='word_1_16' title='bbox 692 1112 815 1177; x_wconf 74' lang='lat' dir='ltr'>t&#39;lceani</span> <span class='ocrx_word' id='word_1_17' title='bbox 830 1110 966 1176; x_wconf 85' lang='lat' dir='ltr'>obvium</span> <span class='ocrx_word' id='word_1_18' title='bbox 984 1110 1204 1197; x_wconf 74' lang='lat' dir='ltr'>Agricolae...</span> 
     </span>
    </p>

    <p class='ocr_par' dir='ltr' id='par_1_3' title="bbox 221 1217 1498 1413">
     <span class='ocr_line' id='line_1_4' title="bbox 221 1217 1498 1307; baseline -0.002 -23"><span class='ocrx_word' id='word_1_19' title='bbox 221 1217 499 1284; x_wconf 73' lang='lat' dir='ltr'>OCnlcvln&#39;M.</span> <span class='ocrx_word' id='word_1_20' title='bbox 524 1257 555 1268; x_wconf 95' lang='lat'>-</span> <span class='ocrx_word' id='word_1_21' title='bbox 579 1218 639 1295; x_wconf 94' lang='lat' dir='ltr'>lll‚</span> <span class='ocrx_word' id='word_1_22' title='bbox 663 1223 715 1306; x_wconf 78' lang='lat'>78.</span> <span class='ocrx_word' id='word_1_23' title='bbox 740 1219 920 1306; x_wconf 83' lang='lat' dir='ltr'>Digressus</span> <span class='ocrx_word' id='word_1_24' title='bbox 947 1218 1073 1285; x_wconf 89' lang='lat' dir='ltr'>Narnia</span> <span class='ocrx_word' id='word_1_25' title='bbox 1102 1217 1302 1307; x_wconf 81' lang='lat' dir='ltr'>Vespasiani</span> <span class='ocrx_word' id='word_1_26' title='bbox 1330 1218 1498 1283; x_wconf 88' lang='lat' dir='ltr'>exercitus</span> 
     </span>
     <span class='ocr_line' id='line_1_5' title="bbox 265 1324 1139 1413; baseline 0.002 -24"><span class='ocrx_word' id='word_1_27' title='bbox 265 1324 370 1390; x_wconf 80' lang='lat' dir='ltr'>festos</span> <span class='ocrx_word' id='word_1_28' title='bbox 386 1326 523 1390; x_wconf 79' lang='lat' dir='ltr'>Saturni</span> <span class='ocrx_word' id='word_1_29' title='bbox 537 1324 610 1390; x_wconf 92' lang='lat' dir='ltr'>dies</span> <span class='ocrx_word' id='word_1_30' title='bbox 624 1325 770 1390; x_wconf 87' lang='lat' dir='ltr'>Ocriculi</span> <span class='ocrx_word' id='word_1_31' title='bbox 785 1349 845 1413; x_wconf 92' lang='lat' dir='ltr'>per</span> <span class='ocrx_word' id='word_1_32' title='bbox 857 1327 964 1391; x_wconf 93' lang='lat' dir='ltr'>otium</span> <span class='ocrx_word' id='word_1_33' title='bbox 979 1327 1139 1413; x_wconf 81' lang='lat' dir='ltr'>agitabat.</span> 
     </span>
    </p>

    <p class='ocr_par' dir='ltr' id='par_1_4' title="bbox 220 1430 1496 1734">
     <span class='ocr_line' id='line_1_6' title="bbox 220 1430 1494 1518; baseline 0.002 -21"><span class='ocrx_word' id='word_1_34' title='bbox 220 1430 421 1497; x_wconf 83' lang='lat' dir='ltr'>OCTAl&#39;lA</span> <span class='ocrx_word' id='word_1_35' title='bbox 436 1432 456 1496; x_wconf 82' lang='lat'>¹.</span> <span class='ocrx_word' id='word_1_36' title='bbox 478 1470 520 1479; x_wconf 92' lang='lat'>-</span> <span class='ocrx_word' id='word_1_37' title='bbox 537 1434 568 1508; x_wconf 73' lang='lat' dir='ltr'>d,</span> <span class='ocrx_word' id='word_1_38' title='bbox 591 1434 646 1509; x_wconf 68' lang='lat' dir='ltr'>tit.</span> <span class='ocrx_word' id='word_1_39' title='bbox 666 1434 719 1518; x_wconf 73' lang='lat' dir='ltr'>(l..</span> <span class='ocrx_word' id='word_1_40' title='bbox 743 1432 925 1516; x_wconf 83' lang='lat' dir='ltr'>Domitius)</span> <span class='ocrx_word' id='word_1_41' title='bbox 942 1432 1105 1511; x_wconf 78' lang='lat' dir='ltr'>delectus,</span> <span class='ocrx_word' id='word_1_42' title='bbox 1130 1433 1182 1497; x_wconf 92' lang='lat' dir='ltr'>cui</span> <span class='ocrx_word' id='word_1_43' title='bbox 1199 1433 1308 1496; x_wconf 87' lang='lat' dir='ltr'>minor</span> <span class='ocrx_word' id='word_1_44' title='bbox 1332 1430 1494 1500; x_wconf 91' lang='lat' dir='ltr'>Antonia.</span> 
     </span>
     <span class='ocr_line' id='line_1_7' title="bbox 264 1538 1496 1629; baseline -0.002 -27"><span class='ocrx_word' id='word_1_45' title='bbox 264 1538 405 1603; x_wconf 79' lang='lat' dir='ltr'>Octavia</span> <span class='ocrx_word' id='word_1_46' title='bbox 421 1539 547 1626; x_wconf 88' lang='lat' dir='ltr'>genita,</span> <span class='ocrx_word' id='word_1_47' title='bbox 564 1540 596 1602; x_wconf 90' lang='lat' dir='ltr'>in</span> <span class='ocrx_word' id='word_1_48' title='bbox 614 1540 866 1604; x_wconf 82' lang='lat' dir='ltr'>matrimonium</span> <span class='ocrx_word' id='word_1_49' title='bbox 884 1539 1031 1605; x_wconf 88' lang='lat' dir='ltr'>daretur.</span> <span class='ocrx_word' id='word_1_50' title='bbox 1051 1578 1093 1587; x_wconf 95' lang='lat'>-</span> <span class='ocrx_word' id='word_1_51' title='bbox 1109 1542 1140 1616; x_wconf 73' lang='lat' dir='ltr'>d,</span> <span class='ocrx_word' id='word_1_52' title='bbox 1158 1538 1211 1629; x_wconf 84' lang='lat'>75.</span> <span class='ocrx_word' id='word_1_53' title='bbox 1227 1538 1496 1623; x_wconf 78' lang='lat' dir='ltr'>(Cn.Domitius)</span> 
     </span>
     <span class='ocr_line' id='line_1_8' title="bbox 264 1644 1449 1734; baseline 0 -24"><span class='ocrx_word' id='word_1_54' title='bbox 264 1646 372 1710; x_wconf 86' lang='lat' dir='ltr'>aviam</span> <span class='ocrx_word' id='word_1_55' title='bbox 385 1646 559 1711; x_wconf 69' lang='lat' dir='ltr'>(letaniam</span> <span class='ocrx_word' id='word_1_56' title='bbox 575 1653 608 1710; x_wconf 91' lang='lat' dir='ltr'>et</span> <span class='ocrx_word' id='word_1_57' title='bbox 623 1670 681 1734; x_wconf 89' lang='lat' dir='ltr'>per</span> <span class='ocrx_word' id='word_1_58' title='bbox 696 1669 769 1713; x_wconf 83' lang='lat' dir='ltr'>earn</span> <span class='ocrx_word' id='word_1_59' title='bbox 784 1647 979 1733; x_wconf 86' lang='lat' dir='ltr'>Augustum</span> <span class='ocrx_word' id='word_1_60' title='bbox 993 1646 1197 1712; x_wconf 91' lang='lat' dir='ltr'>avunculum</span> <span class='ocrx_word' id='word_1_61' title='bbox 1212 1644 1449 1734; x_wconf 44' lang='lat' dir='ltr'>praeferebat?</span> 
     </span>
    </p>

    <p class='ocr_par' dir='ltr' id='par_1_5' title="bbox 219 1752 1497 4632">
     <span class='ocr_line' id='line_1_9' title="bbox 219 1752 1497 1843; baseline -0.002 -26"><span class='ocrx_word' id='word_1_62' title='bbox 219 1752 455 1819; x_wconf 65' lang='lat' dir='ltr'>OCTntunt.</span> <span class='ocrx_word' id='word_1_63' title='bbox 481 1791 525 1803; x_wconf 93' lang='lat'>—</span> <span class='ocrx_word' id='word_1_64' title='bbox 549 1778 598 1830; x_wconf 82' lang='lat' dir='ltr'>rr,</span> <span class='ocrx_word' id='word_1_65' title='bbox 617 1753 672 1818; x_wconf 78' lang='lat'>32.</span> <span class='ocrx_word' id='word_1_66' title='bbox 690 1754 873 1819; x_wconf 81' lang='lat' dir='ltr'>Messalina</span> <span class='ocrx_word' id='word_1_67' title='bbox 895 1760 1021 1836; x_wconf 75' lang='lat' dir='ltr'>tamen,</span> <span class='ocrx_word' id='word_1_68' title='bbox 1044 1777 1249 1843; x_wconf 90' lang='lat' dir='ltr'>quamquam</span> <span class='ocrx_word' id='word_1_69' title='bbox 1270 1776 1323 1818; x_wconf 89' lang='lat' dir='ltr'>res</span> <span class='ocrx_word' id='word_1_70' title='bbox 1337 1752 1497 1817; x_wconf 85' lang='lat' dir='ltr'>adversae</span> 
     </span>
     <span class='ocr_line' id='line_1_10' title="bbox 264 1859 1496 1934; baseline -0.002 -10"><span class='ocrx_word' id='word_1_71' title='bbox 264 1859 441 1924; x_wconf 91' lang='lat' dir='ltr'>consilium</span> <span class='ocrx_word' id='word_1_72' title='bbox 475 1860 720 1934; x_wconf 74' lang='lat' dir='ltr'>eximerent...</span> <span class='ocrx_word' id='word_1_73' title='bbox 750 1861 885 1927; x_wconf 89' lang='lat' dir='ltr'>misit...</span> <span class='ocrx_word' id='word_1_74' title='bbox 916 1869 954 1926; x_wconf 91' lang='lat' dir='ltr'>ut</span> <span class='ocrx_word' id='word_1_75' title='bbox 984 1861 1199 1926; x_wconf 83' lang='lat' dir='ltr'>Britannicus</span> <span class='ocrx_word' id='word_1_76' title='bbox 1232 1868 1265 1925; x_wconf 87' lang='lat' dir='ltr'>et</span> <span class='ocrx_word' id='word_1_77' title='bbox 1297 1860 1436 1925; x_wconf 74' lang='lat' dir='ltr'>t&#39;lctaria</span> <span class='ocrx_word' id='word_1_78' title='bbox 1463 1860 1496 1922; x_wconf 90' lang='lat' dir='ltr'>in</span> 
     </span>
     <span class='ocr_line' id='line_1_11' title="bbox 263 1967 1497 2056; baseline -0.001 -25"><span class='ocrx_word' id='word_1_79' title='bbox 263 1967 477 2054; x_wconf 82' lang='lat' dir='ltr'>complexum</span> <span class='ocrx_word' id='word_1_80' title='bbox 494 1968 599 2055; x_wconf 89' lang='lat' dir='ltr'>patris</span> <span class='ocrx_word' id='word_1_81' title='bbox 613 1975 802 2056; x_wconf 88' lang='lat' dir='ltr'>pergerent.</span> <span class='ocrx_word' id='word_1_82' title='bbox 824 2006 866 2022; x_wconf 89' lang='lat'><em>-</em></span> <span class='ocrx_word' id='word_1_83' title='bbox 892 1993 940 2047; x_wconf 90' lang='grc' dir='ltr'>ιι,</span> <span class='ocrx_word' id='word_1_84' title='bbox 970 1968 1023 2045; x_wconf 74' lang='grc'>34.</span> <span class='ocrx_word' id='word_1_85' title='bbox 1046 1968 1088 2033; x_wconf 79' lang='lat' dir='ltr'>lit</span> <span class='ocrx_word' id='word_1_86' title='bbox 1112 1968 1178 2032; x_wconf 90' lang='lat' dir='ltr'>iam</span> <span class='ocrx_word' id='word_1_87' title='bbox 1200 1975 1272 2032; x_wconf 90' lang='lat' dir='ltr'>erat</span> <span class='ocrx_word' id='word_1_88' title='bbox 1297 1968 1332 2031; x_wconf 94' lang='lat' dir='ltr'>in</span> <span class='ocrx_word' id='word_1_89' title='bbox 1358 1973 1497 2054; x_wconf 85' lang='lat' dir='ltr'>aspectu</span> 
     </span>
     <span class='ocr_line' id='line_1_12' title="bbox 264 2074 1495 2163; baseline 0 -24"><span class='ocrx_word' id='word_1_90' title='bbox 264 2074 447 2139; x_wconf 85' lang='lat' dir='ltr'>Messalina</span> <span class='ocrx_word' id='word_1_91' title='bbox 463 2074 737 2163; x_wconf 81' lang='lat' dir='ltr'>clamitabatque,</span> <span class='ocrx_word' id='word_1_92' title='bbox 756 2076 887 2149; x_wconf 88' lang='lat' dir='ltr'>audiret</span> <span class='ocrx_word' id='word_1_93' title='bbox 903 2074 1065 2140; x_wconf 86' lang='lat' dir='ltr'>Octaviae</span> <span class='ocrx_word' id='word_1_94' title='bbox 1078 2083 1111 2140; x_wconf 89' lang='lat' dir='ltr'>et</span> <span class='ocrx_word' id='word_1_95' title='bbox 1129 2074 1314 2139; x_wconf 88' lang='lat' dir='ltr'>Britannici</span> <span class='ocrx_word' id='word_1_96' title='bbox 1339 2081 1495 2139; x_wconf 89' lang='lat' dir='ltr'>matrem.</span> 
     </span>
     <span class='ocr_line' id='line_1_13' title="bbox 262 2182 1497 2260; baseline 0.001 -15"><span class='ocrx_word' id='word_1_97' title='bbox 262 2219 305 2230; x_wconf 96' lang='lat'>-</span> <span class='ocrx_word' id='word_1_98' title='bbox 326 2207 374 2260; x_wconf 81' lang='lat' dir='ltr'>ra,</span> <span class='ocrx_word' id='word_1_99' title='bbox 392 2207 421 2245; x_wconf 80' lang='lat' dir='ltr'>a.</span> <span class='ocrx_word' id='word_1_100' title='bbox 440 2182 620 2246; x_wconf 87' lang='lat' dir='ltr'>Narcissus</span> <span class='ocrx_word' id='word_1_101' title='bbox 635 2191 733 2247; x_wconf 82' lang='lat' dir='ltr'>retus</span> <span class='ocrx_word' id='word_1_102' title='bbox 755 2182 1018 2252; x_wconf 85' lang='lat' dir='ltr'>matrimonium.</span> <span class='ocrx_word' id='word_1_103' title='bbox 1044 2182 1144 2246; x_wconf 90' lang='lat' dir='ltr'>liliam</span> <span class='ocrx_word' id='word_1_104' title='bbox 1170 2204 1396 2260; x_wconf 85' lang='lat' dir='ltr'>connnunem,</span> <span class='ocrx_word' id='word_1_105' title='bbox 1419 2203 1497 2246; x_wconf 91' lang='lat' dir='ltr'>nam</span> 
     </span>
     <span class='ocr_line' id='line_1_14' title="bbox 263 2287 1495 2376; baseline -0.001 -23"><span class='ocrx_word' id='word_1_106' title='bbox 263 2290 412 2354; x_wconf 87' lang='lat' dir='ltr'>Antonia</span> <span class='ocrx_word' id='word_1_107' title='bbox 434 2295 489 2354; x_wconf 80' lang='lat' dir='ltr'>&#39;ex</span> <span class='ocrx_word' id='word_1_108' title='bbox 523 2289 652 2374; x_wconf 86' lang='lat' dir='ltr'>(Aelia)</span> <span class='ocrx_word' id='word_1_109' title='bbox 690 2289 828 2355; x_wconf 88' lang='lat' dir='ltr'>Paetina</span> <span class='ocrx_word' id='word_1_110' title='bbox 858 2298 943 2369; x_wconf 89' lang='lat' dir='ltr'>erat,</span> <span class='ocrx_word' id='word_1_111' title='bbox 970 2290 1054 2353; x_wconf 92' lang='lat' dir='ltr'>nihil</span> <span class='ocrx_word' id='word_1_112' title='bbox 1073 2290 1107 2354; x_wconf 93' lang='lat' dir='ltr'>in</span> <span class='ocrx_word' id='word_1_113' title='bbox 1132 2288 1310 2376; x_wconf 88' lang='lat' dir='ltr'>penatibus</span> <span class='ocrx_word' id='word_1_114' title='bbox 1335 2287 1495 2375; x_wconf 84' lang='lat' dir='ltr'>(Claudii)</span> 
     </span>
     <span class='ocr_line' id='line_1_15' title="bbox 262 2396 1496 2484; baseline -0.001 -24"><span class='ocrx_word' id='word_1_115' title='bbox 262 2420 387 2461; x_wconf 85' lang='lat' dir='ltr'>norum</span> <span class='ocrx_word' id='word_1_116' title='bbox 407 2396 605 2466; x_wconf 82' lang='lat' dir='ltr'>disserebat.</span> <span class='ocrx_word' id='word_1_117' title='bbox 624 2397 652 2460; x_wconf 89' lang='lat' dir='ltr'>si</span> <span class='ocrx_word' id='word_1_118' title='bbox 668 2405 762 2462; x_wconf 87' lang='lat' dir='ltr'>sueta</span> <span class='ocrx_word' id='word_1_119' title='bbox 779 2398 924 2461; x_wconf 85' lang='lat' dir='ltr'>coniunx</span> <span class='ocrx_word' id='word_1_120' title='bbox 942 2396 1075 2472; x_wconf 79' lang='lat' dir='ltr'>rediret,</span> <span class='ocrx_word' id='word_1_121' title='bbox 1094 2396 1354 2484; x_wconf 86' lang='lat' dir='ltr'>haudquaquam</span> <span class='ocrx_word' id='word_1_122' title='bbox 1370 2419 1496 2459; x_wconf 88' lang='lat' dir='ltr'>nover-</span> 
     </span>
     <span class='ocr_line' id='line_1_16' title="bbox 262 2502 1492 2591; baseline 0 -23"><span class='ocrx_word' id='word_1_123' title='bbox 262 2503 392 2569; x_wconf 89' lang='lat' dir='ltr'>calibus</span> <span class='ocrx_word' id='word_1_124' title='bbox 402 2504 489 2568; x_wconf 90' lang='lat' dir='ltr'>odiis</span> <span class='ocrx_word' id='word_1_125' title='bbox 500 2504 613 2568; x_wconf 79' lang='lat' dir='ltr'>visura</span> <span class='ocrx_word' id='word_1_126' title='bbox 627 2504 869 2570; x_wconf 74' lang='lat' dir='ltr'>llritannicum.</span> <span class='ocrx_word' id='word_1_127' title='bbox 883 2505 1072 2582; x_wconf 67' lang='lat' dir='ltr'>(letaniam,</span> <span class='ocrx_word' id='word_1_128' title='bbox 1090 2503 1242 2591; x_wconf 78' lang='lat' dir='ltr'>proxima</span> <span class='ocrx_word' id='word_1_129' title='bbox 1256 2502 1326 2567; x_wconf 91' lang='lat' dir='ltr'>suis</span> <span class='ocrx_word' id='word_1_130' title='bbox 1341 2503 1492 2590; x_wconf 89' lang='lat' dir='ltr'>pignora.</span> 
     </span>
     <span class='ocr_line' id='line_1_17' title="bbox 263 2610 1496 2698; baseline 0 -23"><span class='ocrx_word' id='word_1_131' title='bbox 263 2650 302 2659; x_wconf 95' lang='lat'>—</span> <span class='ocrx_word' id='word_1_132' title='bbox 338 2635 387 2685; x_wconf 79' lang='lat' dir='ltr'>ra,</span> <span class='ocrx_word' id='word_1_133' title='bbox 416 2611 446 2675; x_wconf 82' lang='lat'>3.</span> <span class='ocrx_word' id='word_1_134' title='bbox 475 2611 538 2676; x_wconf 75' lang='lat' dir='ltr'>tbi</span> <span class='ocrx_word' id='word_1_135' title='bbox 574 2612 625 2676; x_wconf 93' lang='lat' dir='ltr'>sui</span> <span class='ocrx_word' id='word_1_136' title='bbox 655 2611 861 2675; x_wconf 87' lang='lat' dir='ltr'>matrimonii</span> <span class='ocrx_word' id='word_1_137' title='bbox 890 2620 981 2676; x_wconf 84' lang='lat' dir='ltr'>certa</span> <span class='ocrx_word' id='word_1_138' title='bbox 1013 2610 1076 2676; x_wconf 88' lang='lat' dir='ltr'>luit</span> <span class='ocrx_word' id='word_1_139' title='bbox 1106 2610 1336 2698; x_wconf 83' lang='lat' dir='ltr'>(Agrippina),</span> <span class='ocrx_word' id='word_1_140' title='bbox 1368 2618 1496 2676; x_wconf 86' lang='lat' dir='ltr'>struere</span> 
     </span>
     <span class='ocr_line' id='line_1_18' title="bbox 262 2717 1493 2807; baseline 0.001 -26"><span class='ocrx_word' id='word_1_141' title='bbox 262 2718 386 2783; x_wconf 89' lang='lat' dir='ltr'>maiora</span> <span class='ocrx_word' id='word_1_142' title='bbox 403 2718 768 2807; x_wconf 83' lang='lat' dir='ltr'>nuptiasqueDomitii,</span> <span class='ocrx_word' id='word_1_143' title='bbox 791 2741 893 2806; x_wconf 93' lang='lat' dir='ltr'>quem</span> <span class='ocrx_word' id='word_1_144' title='bbox 908 2742 950 2783; x_wconf 89' lang='lat' dir='ltr'>ex</span> <span class='ocrx_word' id='word_1_145' title='bbox 975 2717 1038 2783; x_wconf 88' lang='lat' dir='ltr'>Cn.</span> <span class='ocrx_word' id='word_1_146' title='bbox 1068 2717 1294 2784; x_wconf 79' lang='lat' dir='ltr'>Ahenobarbo</span> <span class='ocrx_word' id='word_1_147' title='bbox 1318 2724 1493 2804; x_wconf 83' lang='lat' dir='ltr'>genuerat,</span> 
     </span>
     <span class='ocr_line' id='line_1_19' title="bbox 261 2824 1495 2913; baseline -0.001 -24"><span class='ocrx_word' id='word_1_148' title='bbox 261 2832 295 2889; x_wconf 90' lang='lat' dir='ltr'>et</span> <span class='ocrx_word' id='word_1_149' title='bbox 319 2824 478 2890; x_wconf 88' lang='lat' dir='ltr'>Octaviae</span> <span class='ocrx_word' id='word_1_150' title='bbox 501 2826 655 2890; x_wconf 81' lang='lat' dir='ltr'>Caesaris</span> <span class='ocrx_word' id='word_1_151' title='bbox 674 2825 762 2889; x_wconf 86' lang='lat' dir='ltr'>filiae</span> <span class='ocrx_word' id='word_1_152' title='bbox 788 2824 915 2904; x_wconf 86' lang='lat' dir='ltr'>moliri;</span> <span class='ocrx_word' id='word_1_153' title='bbox 951 2825 1041 2913; x_wconf 91' lang='lat' dir='ltr'>quod</span> <span class='ocrx_word' id='word_1_154' title='bbox 1065 2826 1138 2891; x_wconf 92' lang='lat' dir='ltr'>sine</span> <span class='ocrx_word' id='word_1_155' title='bbox 1161 2824 1286 2891; x_wconf 91' lang='lat' dir='ltr'>scelere</span> <span class='ocrx_word' id='word_1_156' title='bbox 1311 2824 1495 2912; x_wconf 89' lang='lat' dir='ltr'>perpetrari</span> 
     </span>
     <span class='ocr_line' id='line_1_20' title="bbox 262 2931 1495 3020; baseline 0.001 -24"><span class='ocrx_word' id='word_1_157' title='bbox 262 2956 328 2997; x_wconf 93' lang='lat' dir='ltr'>non</span> <span class='ocrx_word' id='word_1_158' title='bbox 358 2940 502 3020; x_wconf 88' lang='lat' dir='ltr'>poterat,</span> <span class='ocrx_word' id='word_1_159' title='bbox 530 2933 608 3020; x_wconf 89' lang='lat' dir='ltr'>quia</span> <span class='ocrx_word' id='word_1_160' title='bbox 633 2933 669 2998; x_wconf 80' lang='lat' dir='ltr'>l..</span> <span class='ocrx_word' id='word_1_161' title='bbox 689 2932 804 2997; x_wconf 86' lang='lat' dir='ltr'>Silano</span> <span class='ocrx_word' id='word_1_162' title='bbox 826 2931 1053 3020; x_wconf 85' lang='lat' dir='ltr'>desponderat</span> <span class='ocrx_word' id='word_1_163' title='bbox 1072 2933 1248 2998; x_wconf 82' lang='lat' dir='ltr'>Octaviam</span> <span class='ocrx_word' id='word_1_164' title='bbox 1270 2932 1435 2998; x_wconf 84' lang='lat' dir='ltr'>Caesar...</span> <span class='ocrx_word' id='word_1_165' title='bbox 1452 2971 1495 2981; x_wconf 92' lang='lat'>-</span> 
     </span>
     <span class='ocr_line' id='line_1_21' title="bbox 264 3038 1496 3129; baseline 0.002 -26"><span class='ocrx_word' id='word_1_166' title='bbox 264 3064 314 3118; x_wconf 78' lang='lat' dir='ltr'>ia,</span> <span class='ocrx_word' id='word_1_167' title='bbox 336 3065 369 3128; x_wconf 89' lang='lat'>9.</span> <span class='ocrx_word' id='word_1_168' title='bbox 397 3041 592 3127; x_wconf 76' lang='lat' dir='ltr'>(Memmius</span> <span class='ocrx_word' id='word_1_169' title='bbox 607 3039 715 3105; x_wconf 91' lang='lat' dir='ltr'>Pollio</span> <span class='ocrx_word' id='word_1_170' title='bbox 731 3041 933 3105; x_wconf 88' lang='lat' dir='ltr'>sententiam</span> <span class='ocrx_word' id='word_1_171' title='bbox 950 3041 1144 3128; x_wconf 82' lang='lat' dir='ltr'>expromit).</span> <span class='ocrx_word' id='word_1_172' title='bbox 1162 3063 1227 3128; x_wconf 92' lang='lat' dir='ltr'>qua</span> <span class='ocrx_word' id='word_1_173' title='bbox 1244 3041 1382 3129; x_wconf 87' lang='lat' dir='ltr'>(oratur)</span> <span class='ocrx_word' id='word_1_174' title='bbox 1396 3038 1496 3105; x_wconf 88' lang='lat' dir='ltr'>Clau·</span> 
     </span>
     <span class='ocr_line' id='line_1_22' title="bbox 259 3146 1494 3236; baseline 0 -25"><span class='ocrx_word' id='word_1_175' title='bbox 259 3146 336 3211; x_wconf 89' lang='lat' dir='ltr'>dius</span> <span class='ocrx_word' id='word_1_176' title='bbox 365 3147 575 3236; x_wconf 87' lang='lat' dir='ltr'>despondere</span> <span class='ocrx_word' id='word_1_177' title='bbox 604 3148 780 3212; x_wconf 74' lang='lat' dir='ltr'>(letaniam</span> <span class='ocrx_word' id='word_1_178' title='bbox 811 3148 972 3226; x_wconf 80' lang='lat' dir='ltr'>Domitio,</span> <span class='ocrx_word' id='word_1_179' title='bbox 999 3148 1089 3236; x_wconf 93' lang='lat' dir='ltr'>quod</span> <span class='ocrx_word' id='word_1_180' title='bbox 1118 3148 1220 3212; x_wconf 89' lang='lat' dir='ltr'>aetati</span> <span class='ocrx_word' id='word_1_181' title='bbox 1237 3148 1411 3235; x_wconf 90' lang='lat' dir='ltr'>utriusque</span> <span class='ocrx_word' id='word_1_182' title='bbox 1426 3170 1494 3212; x_wconf 91' lang='lat' dir='ltr'>non</span> 
     </span>
     <span class='ocr_line' id='line_1_23' title="bbox 259 3254 1494 3343; baseline 0 -24"><span class='ocrx_word' id='word_1_183' title='bbox 259 3254 485 3320; x_wconf 87' lang='lat' dir='ltr'>absurdum...</span> <span class='ocrx_word' id='word_1_184' title='bbox 507 3262 620 3320; x_wconf 90' lang='lat' dir='ltr'>erat...</span> <span class='ocrx_word' id='word_1_185' title='bbox 645 3254 947 3343; x_wconf 89' lang='lat' dir='ltr'>Despondeturque</span> <span class='ocrx_word' id='word_1_186' title='bbox 963 3255 1115 3320; x_wconf 62' lang='lat' dir='ltr'>t‘lctavia.</span> <span class='ocrx_word' id='word_1_187' title='bbox 1131 3294 1175 3304; x_wconf 89' lang='lat'>—</span> <span class='ocrx_word' id='word_1_188' title='bbox 1199 3278 1249 3337; x_wconf 81' lang='lat' dir='ltr'>ra,</span> <span class='ocrx_word' id='word_1_189' title='bbox 1265 3257 1318 3320; x_wconf 75' lang='lat'>58.</span> <span class='ocrx_word' id='word_1_190' title='bbox 1338 3256 1379 3320; x_wconf 84' lang='lat' dir='ltr'>l).</span> <span class='ocrx_word' id='word_1_191' title='bbox 1400 3254 1494 3318; x_wconf 92' lang='lat' dir='ltr'>lunio</span> 
     </span>
     <span class='ocr_line' id='line_1_24' title="bbox 260 3361 1495 3439; baseline 0 -15"><span class='ocrx_word' id='word_1_192' title='bbox 260 3361 301 3439; x_wconf 78' lang='lat' dir='ltr'>Q.</span> <span class='ocrx_word' id='word_1_193' title='bbox 322 3362 458 3426; x_wconf 89' lang='lat' dir='ltr'>llaterio</span> <span class='ocrx_word' id='word_1_194' title='bbox 489 3361 686 3426; x_wconf 88' lang='lat' dir='ltr'>consulibus</span> <span class='ocrx_word' id='word_1_195' title='bbox 725 3362 870 3428; x_wconf 89' lang='lat' dir='ltr'>sedecim</span> <span class='ocrx_word' id='word_1_196' title='bbox 910 3384 1017 3427; x_wconf 93' lang='lat' dir='ltr'>annos</span> <span class='ocrx_word' id='word_1_197' title='bbox 1056 3370 1155 3427; x_wconf 85' lang='lat' dir='ltr'>natus</span> <span class='ocrx_word' id='word_1_198' title='bbox 1193 3362 1281 3427; x_wconf 82' lang='lat' dir='ltr'>Nero</span> <span class='ocrx_word' id='word_1_199' title='bbox 1320 3362 1495 3426; x_wconf 78' lang='lat' dir='ltr'>Octaviam</span> 
     </span>
     <span class='ocr_line' id='line_1_25' title="bbox 260 3467 1494 3557; baseline -0.001 -24"><span class='ocrx_word' id='word_1_200' title='bbox 260 3468 415 3533; x_wconf 88' lang='lat' dir='ltr'>Caesaris</span> <span class='ocrx_word' id='word_1_201' title='bbox 443 3468 545 3533; x_wconf 90' lang='lat' dir='ltr'>liliam</span> <span class='ocrx_word' id='word_1_202' title='bbox 579 3469 612 3532; x_wconf 92' lang='lat' dir='ltr'>in</span> <span class='ocrx_word' id='word_1_203' title='bbox 643 3470 895 3534; x_wconf 89' lang='lat' dir='ltr'>matrimonium</span> <span class='ocrx_word' id='word_1_204' title='bbox 920 3470 1061 3557; x_wconf 88' lang='lat' dir='ltr'>accepit.</span> <span class='ocrx_word' id='word_1_205' title='bbox 1092 3508 1136 3519; x_wconf 97' lang='lat'>—</span> <span class='ocrx_word' id='word_1_206' title='bbox 1163 3494 1211 3538; x_wconf 75' lang='grc' dir='ltr'>ια.</span> <span class='ocrx_word' id='word_1_207' title='bbox 1240 3468 1293 3535; x_wconf 76' lang='lat'>68.</span> <span class='ocrx_word' id='word_1_208' title='bbox 1310 3467 1494 3556; x_wconf 82' lang='lat' dir='ltr'>(Defuncto</span> 
     </span>
     <span class='ocr_line' id='line_1_26' title="bbox 260 3574 1494 3664; baseline -0.002 -23"><span class='ocrx_word' id='word_1_209' title='bbox 260 3575 416 3661; x_wconf 83' lang='lat' dir='ltr'>Claudio)</span> <span class='ocrx_word' id='word_1_210' title='bbox 430 3577 660 3663; x_wconf 85' lang='lat' dir='ltr'>Agrippina...</span> <span class='ocrx_word' id='word_1_211' title='bbox 675 3585 787 3641; x_wconf 89' lang='lat' dir='ltr'>tenere</span> <span class='ocrx_word' id='word_1_212' title='bbox 803 3576 961 3664; x_wconf 89' lang='lat' dir='ltr'>amplexu</span> <span class='ocrx_word' id='word_1_213' title='bbox 976 3577 1205 3641; x_wconf 78' lang='lat' dir='ltr'>Britannicum</span> <span class='ocrx_word' id='word_1_214' title='bbox 1226 3625 1264 3654; x_wconf 87' lang='lat'>..‚</span> <span class='ocrx_word' id='word_1_215' title='bbox 1281 3598 1323 3640; x_wconf 92' lang='lat' dir='ltr'>ne</span> <span class='ocrx_word' id='word_1_216' title='bbox 1340 3574 1494 3640; x_wconf 88' lang='lat' dir='ltr'>cubiculo</span> 
     </span>
     <span class='ocr_line' id='line_1_27' title="bbox 259 3681 1492 3771; baseline -0.001 -23"><span class='ocrx_word' id='word_1_217' title='bbox 259 3683 492 3770; x_wconf 78' lang='lat' dir='ltr'>egrederetur:</span> <span class='ocrx_word' id='word_1_218' title='bbox 508 3684 693 3749; x_wconf 76' lang='lat' dir='ltr'>Antoniam</span> <span class='ocrx_word' id='word_1_219' title='bbox 710 3707 844 3771; x_wconf 88' lang='lat' dir='ltr'>quoque</span> <span class='ocrx_word' id='word_1_220' title='bbox 865 3691 896 3748; x_wconf 89' lang='lat' dir='ltr'>ct</span> <span class='ocrx_word' id='word_1_221' title='bbox 913 3685 1089 3749; x_wconf 77' lang='lat' dir='ltr'>Octaviam</span> <span class='ocrx_word' id='word_1_222' title='bbox 1106 3707 1236 3748; x_wconf 89' lang='lat' dir='ltr'>sorores</span> <span class='ocrx_word' id='word_1_223' title='bbox 1255 3684 1327 3749; x_wconf 87' lang='lat' dir='ltr'>eins</span> <span class='ocrx_word' id='word_1_224' title='bbox 1344 3681 1492 3747; x_wconf 84' lang='lat' dir='ltr'>attinuit.</span> 
     </span>
     <span class='ocr_line' id='line_1_28' title="bbox 258 3789 1494 3879; baseline 0 -26"><span class='ocrx_word' id='word_1_225' title='bbox 258 3828 302 3842; x_wconf 94' lang='lat'><em>-</em></span> <span class='ocrx_word' id='word_1_226' title='bbox 326 3790 375 3858; x_wconf 79' lang='lat'>13.</span> <span class='ocrx_word' id='word_1_227' title='bbox 400 3814 435 3853; x_wconf 75' lang='grc' dir='ltr'>ια</span> <span class='ocrx_word' id='word_1_228' title='bbox 470 3791 579 3854; x_wconf 83' lang='lat' dir='ltr'>l&#39;xore</span> <span class='ocrx_word' id='word_1_229' title='bbox 594 3790 636 3853; x_wconf 93' lang='lat' dir='ltr'>ab</span> <span class='ocrx_word' id='word_1_230' title='bbox 656 3791 808 3866; x_wconf 85' lang='lat' dir='ltr'>tletavia,</span> <span class='ocrx_word' id='word_1_231' title='bbox 829 3789 933 3855; x_wconf 92' lang='lat' dir='ltr'>nobili</span> <span class='ocrx_word' id='word_1_232' title='bbox 951 3790 1087 3879; x_wconf 90' lang='lat' dir='ltr'>quidem</span> <span class='ocrx_word' id='word_1_233' title='bbox 1107 3799 1140 3856; x_wconf 91' lang='lat' dir='ltr'>et</span> <span class='ocrx_word' id='word_1_234' title='bbox 1159 3790 1338 3878; x_wconf 87' lang='lat' dir='ltr'>probitatis</span> <span class='ocrx_word' id='word_1_235' title='bbox 1363 3796 1494 3876; x_wconf 88' lang='lat' dir='ltr'>specta-</span> 
     </span>
     <span class='ocr_line' id='line_1_29' title="bbox 261 3896 1492 3986; baseline -0.003 -23"><span class='ocrx_word' id='word_1_236' title='bbox 261 3907 324 3964; x_wconf 87' lang='lat' dir='ltr'>tae.</span> <span class='ocrx_word' id='word_1_237' title='bbox 353 3897 420 3962; x_wconf 87' lang='lat' dir='ltr'>lato</span> <span class='ocrx_word' id='word_1_238' title='bbox 445 3897 659 3984; x_wconf 79' lang='lat' dir='ltr'>quodan1.an</span> <span class='ocrx_word' id='word_1_239' title='bbox 683 3899 760 3986; x_wconf 87' lang='lat' dir='ltr'>quia</span> <span class='ocrx_word' id='word_1_240' title='bbox 777 3897 973 3985; x_wconf 85' lang='lat' dir='ltr'>praevalent</span> <span class='ocrx_word' id='word_1_241' title='bbox 991 3898 1130 3975; x_wconf 87' lang='lat' dir='ltr'>inlicita,</span> <span class='ocrx_word' id='word_1_242' title='bbox 1147 3896 1349 3963; x_wconf 86' lang='lat' dir='ltr'>abhorrebat</span> <span class='ocrx_word' id='word_1_243' title='bbox 1364 3896 1492 3986; x_wconf 67' lang='lat' dir='ltr'>(Nero).</span> 
     </span>
     <span class='ocr_line' id='line_1_30' title="bbox 259 4004 1494 4093; baseline 0.002 -25"><span class='ocrx_word' id='word_1_244' title='bbox 259 4045 303 4056; x_wconf 89' lang='lat'><strong>—</strong></span> <span class='ocrx_word' id='word_1_245' title='bbox 323 4007 372 4078; x_wconf 80' lang='lat'>13,</span> <span class='ocrx_word' id='word_1_246' title='bbox 397 4004 445 4069; x_wconf 89' lang='grc' dir='ltr'>ι6.</span> <span class='ocrx_word' id='word_1_247' title='bbox 465 4007 511 4069; x_wconf 90' lang='lat' dir='ltr'>At</span> <span class='ocrx_word' id='word_1_248' title='bbox 531 4006 739 4092; x_wconf 88' lang='lat' dir='ltr'>Agrippinae</span> <span class='ocrx_word' id='word_1_249' title='bbox 756 4007 784 4068; x_wconf 89' lang='lat' dir='ltr'>is</span> <span class='ocrx_word' id='word_1_250' title='bbox 800 4029 945 4092; x_wconf 88' lang='lat' dir='ltr'>pavor...</span> <span class='ocrx_word' id='word_1_251' title='bbox 962 4005 1112 4078; x_wconf 85' lang='lat' dir='ltr'>emicuit,</span> <span class='ocrx_word' id='word_1_252' title='bbox 1134 4013 1172 4070; x_wconf 90' lang='lat' dir='ltr'>ut</span> <span class='ocrx_word' id='word_1_253' title='bbox 1186 4006 1325 4093; x_wconf 86' lang='lat' dir='ltr'>perinde</span> <span class='ocrx_word' id='word_1_254' title='bbox 1342 4006 1494 4092; x_wconf 86' lang='lat' dir='ltr'>ignaram</span> 
     </span>
     <span class='ocr_line' id='line_1_31' title="bbox 260 4112 1495 4197; baseline 0.002 -20"><span class='ocrx_word' id='word_1_255' title='bbox 260 4113 361 4177; x_wconf 83' lang='lat' dir='ltr'>hiisse</span> <span class='ocrx_word' id='word_1_256' title='bbox 387 4122 489 4197; x_wconf 79' lang='lat' dir='ltr'>atque</span> <span class='ocrx_word' id='word_1_257' title='bbox 514 4113 689 4177; x_wconf 72' lang='lat' dir='ltr'>(letaniam</span> <span class='ocrx_word' id='word_1_258' title='bbox 711 4136 860 4177; x_wconf 88' lang='lat' dir='ltr'>sororem</span> <span class='ocrx_word' id='word_1_259' title='bbox 883 4113 1067 4178; x_wconf 77' lang='lat' dir='ltr'>llritannici</span> <span class='ocrx_word' id='word_1_260' title='bbox 1092 4114 1324 4179; x_wconf 89' lang='lat' dir='ltr'>constiterit...</span> <span class='ocrx_word' id='word_1_261' title='bbox 1354 4112 1495 4179; x_wconf 88' lang='lat' dir='ltr'>Octavia</span> 
     </span>
     <span class='ocr_line' id='line_1_32' title="bbox 259 4219 1494 4310; baseline 0 -25"><span class='ocrx_word' id='word_1_262' title='bbox 259 4243 404 4310; x_wconf 87' lang='lat' dir='ltr'>quoque.</span> <span class='ocrx_word' id='word_1_263' title='bbox 437 4220 592 4306; x_wconf 82' lang='lat' dir='ltr'>quamvis</span> <span class='ocrx_word' id='word_1_264' title='bbox 618 4219 758 4284; x_wconf 80' lang='lat' dir='ltr'>rudibus</span> <span class='ocrx_word' id='word_1_265' title='bbox 791 4220 900 4290; x_wconf 76' lang='lat' dir='ltr'>annis,</span> <span class='ocrx_word' id='word_1_266' title='bbox 946 4220 1110 4293; x_wconf 80' lang='lat' dir='ltr'>dolorem.</span> <span class='ocrx_word' id='word_1_267' title='bbox 1150 4221 1337 4298; x_wconf 83' lang='lat' dir='ltr'>caritatem,</span> <span class='ocrx_word' id='word_1_268' title='bbox 1377 4244 1494 4287; x_wconf 87' lang='lat' dir='ltr'>onmes</span> 
     </span>
     <span class='ocr_line' id='line_1_33' title="bbox 259 4325 1494 4416; baseline 0.002 -24"><span class='ocrx_word' id='word_1_269' title='bbox 259 4327 411 4392; x_wconf 87' lang='lat' dir='ltr'>adlectus</span> <span class='ocrx_word' id='word_1_270' title='bbox 426 4325 633 4391; x_wconf 87' lang='lat' dir='ltr'>abscondere</span> <span class='ocrx_word' id='word_1_271' title='bbox 655 4326 829 4392; x_wconf 83' lang='lat' dir='ltr'>didicerat.</span> <span class='ocrx_word' id='word_1_272' title='bbox 855 4364 900 4377; x_wconf 95' lang='lat'>-</span> <span class='ocrx_word' id='word_1_273' title='bbox 934 4329 983 4400; x_wconf 80' lang='grc' dir='ltr'>ι3,</span> <span class='ocrx_word' id='word_1_274' title='bbox 1019 4330 1068 4392; x_wconf 93' lang='grc' dir='ltr'>ι8.</span> <span class='ocrx_word' id='word_1_275' title='bbox 1105 4328 1151 4393; x_wconf 88' lang='lat' dir='ltr'>At</span> <span class='ocrx_word' id='word_1_276' title='bbox 1180 4328 1420 4416; x_wconf 87' lang='lat' dir='ltr'>(Agrippinae)</span> <span class='ocrx_word' id='word_1_277' title='bbox 1446 4330 1494 4394; x_wconf 91' lang='lat' dir='ltr'>ira</span> 
     </span>
     <span class='ocr_line' id='line_1_34' title="bbox 259 4434 1493 4522; baseline 0 -23"><span class='ocrx_word' id='word_1_278' title='bbox 259 4435 351 4500; x_wconf 91' lang='lat' dir='ltr'>nulla</span> <span class='ocrx_word' id='word_1_279' title='bbox 385 4434 613 4499; x_wconf 89' lang='lat' dir='ltr'>munilicentia</span> <span class='ocrx_word' id='word_1_280' title='bbox 640 4434 750 4506; x_wconf 86' lang='lat' dir='ltr'>leniri,</span> <span class='ocrx_word' id='word_1_281' title='bbox 780 4434 839 4498; x_wconf 89' lang='lat' dir='ltr'>sed</span> <span class='ocrx_word' id='word_1_282' title='bbox 873 4434 1030 4522; x_wconf 89' lang='lat' dir='ltr'>amplecti</span> <span class='ocrx_word' id='word_1_283' title='bbox 1056 4436 1245 4506; x_wconf 78' lang='lat' dir='ltr'>octaviam.</span> <span class='ocrx_word' id='word_1_284' title='bbox 1272 4434 1389 4500; x_wconf 88' lang='lat' dir='ltr'>crebra</span> <span class='ocrx_word' id='word_1_285' title='bbox 1417 4459 1493 4501; x_wconf 91' lang='lat' dir='ltr'>cum</span> 
     </span>
     <span class='ocr_line' id='line_1_35' title="bbox 259 4540 1493 4632; baseline 0 -26"><span class='ocrx_word' id='word_1_286' title='bbox 259 4541 376 4606; x_wconf 87' lang='lat' dir='ltr'>amicis</span> <span class='ocrx_word' id='word_1_287' title='bbox 391 4548 518 4605; x_wconf 88' lang='lat' dir='ltr'>secreta</span> <span class='ocrx_word' id='word_1_288' title='bbox 535 4540 698 4607; x_wconf 86' lang='lat' dir='ltr'>habere...</span> <span class='ocrx_word' id='word_1_289' title='bbox 718 4580 759 4589; x_wconf 91' lang='lat'>-</span> <span class='ocrx_word' id='word_1_290' title='bbox 779 4542 828 4620; x_wconf 76' lang='lat'>13,</span> <span class='ocrx_word' id='word_1_291' title='bbox 854 4566 903 4632; x_wconf 88' lang='lat'>¹9·</span> <span class='ocrx_word' id='word_1_292' title='bbox 921 4542 1030 4630; x_wconf 53' lang='lat' dir='ltr'>(lunia</span> <span class='ocrx_word' id='word_1_293' title='bbox 1055 4543 1169 4608; x_wconf 87' lang='lat' dir='ltr'>Silana</span> <span class='ocrx_word' id='word_1_294' title='bbox 1194 4542 1228 4607; x_wconf 92' lang='lat' dir='ltr'>in</span> <span class='ocrx_word' id='word_1_295' title='bbox 1253 4543 1493 4629; x_wconf 86' lang='lat' dir='ltr'>Agrippinam)</span> 
     </span>
    </p>
   </div>
   <div class='ocr_carea' id='block_1_3' title="bbox 246 4806 776 5034">
    <p class='ocr_par' dir='ltr' id='par_1_6' title="bbox 246 4806 776 5034">
     <span class='ocr_line' id='line_1_36' title="bbox 248 4806 684 4869; baseline 0.007 -16"><span class='ocrx_word' id='word_1_296' title='bbox 248 4806 254 4839; x_wconf 89' lang='lat'><strong>¹</strong></span> <span class='ocrx_word' id='word_1_297' title='bbox 274 4806 395 4855; x_wconf 79' lang='lat' dir='ltr'>l&#39;nosor..</span> <span class='ocrx_word' id='word_1_298' title='bbox 411 4809 451 4865; x_wconf 68' lang='grc'>45.</span> <span class='ocrx_word' id='word_1_299' title='bbox 467 4809 582 4869; x_wconf 83' lang='lat' dir='ltr'>Augusti</span> <span class='ocrx_word' id='word_1_300' title='bbox 598 4823 684 4856; x_wconf 74' lang='lat' dir='ltr'>soror.</span> 
     </span>
     <span class='ocr_line' id='line_1_37' title="bbox 246 4886 583 4952; baseline 0.012 -21"><span class='ocrx_word' id='word_1_301' title='bbox 246 4886 308 4936; x_wconf 62' lang='grc' dir='ltr'>Μ’.</span> <span class='ocrx_word' id='word_1_302' title='bbox 325 4889 406 4935; x_wconf 86' lang='lat' dir='ltr'>ctiam</span> <span class='ocrx_word' id='word_1_303' title='bbox 428 4905 446 4938; x_wconf 88' lang='grc' dir='ltr'>ι.</span> <span class='ocrx_word' id='word_1_304' title='bbox 461 4889 491 4942; x_wconf 72' lang='grc' dir='ltr'>3ς</span> <span class='ocrx_word' id='word_1_305' title='bbox 509 4895 532 4945; x_wconf 70' lang='grc'>4.</span> <span class='ocrx_word' id='word_1_306' title='bbox 544 4891 583 4952; x_wconf 80' lang='lat'>57.</span> 
     </span>
     <span class='ocr_line' id='line_1_38' title="bbox 246 4966 776 5034; baseline -0.004 -17"><span class='ocrx_word' id='word_1_307' title='bbox 246 4966 776 5034; x_wconf 46' lang='lat' dir='ltr'>NJmfflfflmmfflfflmstw.</span> 
     </span>
    </p>
   </div>
   <div class='ocr_carea' id='block_1_4' title="bbox 0 0 1860 6231">
    <p class='ocr_par' dir='ltr' id='par_1_7' title="bbox 0 0 1860 6231">
     <span class='ocr_line' id='line_1_39' title="bbox 0 0 1860 6231; baseline 0 0"><span class='ocrx_word' id='word_1_308' title='bbox 0 0 1860 6231; x_wconf 95' lang='lat' dir='ltr'> </span> 
     </span>
    </p>
   </div>
  </div>
 </body>
</html>
