3709 6234
285 840 339 896 682
731 844 910 899 TlNGlTANA
933 845 1116 898 PROVINCIA

284 985 656 1053 TIGRANOCERTA.
688 1025 733 1037 -
772 1011 820 1065 ια,
844 988 897 1053 50.
920 987 1071 1053 Vrbes...
1098 987 1338 1053 Armeniorum
1354 988 1535 1054 Artaxata
1554 994 1589 1052 et

329 1095 569 1181 Tigranocerta
593 1095 708 1182 iugum
726 1094 960 1180 (Parthorum)
979 1116 1148 1182 accepere.
1166 1132 1213 1147 -
1242 1097 1291 1175 14,
1317 1095 1371 1161 23.
1408 1096 1464 1160 At
1499 1095 1588 1161 Cor-

329 1200 422 1279 bulo,
451 1210 529 1288 post
560 1200 669 1265 deleta
703 1200 870 1266 Artaxata
904 1200 1068 1266 utendum
1098 1202 1227 1266 recenti
1249 1207 1376 1268 terrore
1412 1210 1517 1267 ratus
1540 1202 1585 1267 ad

329 1307 524 1395 occupanda
540 1307 834 1395 Tigranocerta...,
854 1307 934 1373 illuc
947 1309 1160 1396 pergit...-
1193 1311 1241 1384 ιά,
1280 1311 1333 1387 αιί.
1364 1308 1436 1374 Nec.
1465 1309 1585 1374 multo

330 1424 407 1504 post
426 1414 529 1500 legati
553 1414 808 1501 Tigranocerta¹
831 1416 924 1480 missi
944 1424 1059 1503 patere
1078 1416 1210 1480 moenia
1232 1416 1401 1496 adferunt,
1421 1416 1584 1483 intentos

329 1522 508 1611 populares
525 1522 566 1586 ad
583 1523 673 1587 iussa
689 1522 964 1611 (Corbulonis)...
991 1524 1198 1611 Accepitque
1227 1547 1303 1589 cum
1334 1522 1479 1604 honore,
1516 1549 1582 1591 nec

328 1631 508 1720 quicquam
537 1629 611 1694 urbi
638 1629 841 1703 detractum.
877 1654 944 1719 quo
973 1631 1162 1718 promptius
1198 1630 1398 1719 obsequium
1443 1632 1579 1718 integri

328 1739 522 1804 retinerent.
558 1775 601 1785 —
638 1739 689 1809 15.
719 1741 753 1815 ά,
795 1738 1000 1825 (Tigranes)
1022 1746 1246 1826 occupaverat
1291 1738 1542 1826 Tigranocerta
1554 1741 1580 1810 ¹².

329 1844 447 1910 urbem
476 1845 572 1932 copia
601 1843 818 1909 defensorum
842 1853 875 1910 ct
896 1844 1131 1932 magnitudine
1153 1845 1324 1910 moenium
1338 1846 1517 1921 validam:
1537 1848 1582 1913 ad

331 1954 394 2019 hoc
422 1951 644 2040 Nicephorius
671 1954 820 2018 amnis..
853 1959 983 2040 partem
1012 1975 1182 2017 murorum
1216 1952 1362 2019 ambit...
1393 1993 1439 2002 —
1470 1958 1525 2034 ιδ,
1546 1955 1579 2021 5.

333 2060 504 2149 Oppidum
519 2058 665 2139 Nisibin,
682 2066 812 2148 septem
835 2070 869 2125 et
888 2061 1027 2147 triginta
1057 2059 1194 2125 milibus
1223 2082 1383 2147 passuum
1412 2084 1432 2125 a
1457 2061 1582 2149 Tigra·

332 2167 492 2233 nocerta3
512 2166 735 2233 distantem...
764 2167 998 2255 (l'ologacses)
1021 2156 1204 2233 Monaesen
1229 2168 1383 2233 omittere
1407 2168 1605 2256 Tigrano»
1651 2161 1654 2166 ’

332 2282 421 2341 certa
460 2274 563 2339 iubet.
598 2314 641 2327 -
683 2273 733 2353 15,
765 2273 797 2340 6.
832 2274 901 2338 Alii
936 2274 1068 2340 occulto
1103 2274 1272 2363 pepigisse
1311 2272 1584 2364 (Corbulonem)

332 2381 652 2469 interpretabantur,
703 2390 780 2448 ut...
826 2382 971 2447 abeunte
1010 2382 1196 2468 Vologaese
1235 2382 1397 2468 Tigranes
1435 2407 1582 2474 quoque

332 2490 494 2555 Armenia
519 2488 728 2554 abscederet.
756 2515 772 2552 c
796 2490 865 2554 Cur
893 2491 984 2555 enim
1003 2490 1187 2556 exercitum
1205 2490 1395 2555 Romanum
1413 2513 1433 2554 a
1453 2491 1583 2579 Tigra·

332 2597 479 2663 nocertis
494 2596 676 2661 deductum
686 2600 702 2637 ³
764 2600 819 2661 An
849 2597 969 2662 melius
989 2597 1220 2663 hibernavisse
1248 2598 1282 2662 in
1303 2603 1457 2663 extrema
1478 2598 1580 2689 Cap-

333 2704 513 2793 padocia...
554 2728 655 2792 quam
682 2704 716 2768 iu
752 2703 832 2769 sede
861 2707 1023 2789 regni...‘.³
1055 2734 1070 2767 o
1104 2744 1147 2753 -
1181 2705 1231 2783 15,
1266 2707 1299 2771 a.
1331 2705 1582 2789 (Caesennius)

335 2813 499 2881 Pactus..
531 2812 619 2899 rapit
650 2813 836 2877 exercitum
870 2821 964 2877 trans
993 2820 1143 2877 montem
1163 2812 1308 2877 Taurum
1326 2812 1581 2900 reciperandis.

333 2928 370 2984 ut
391 2918 529 2999 ferebat,
548 2919 839 3003 'l'igranocertis...
1240 2930 1244 2943 ’

288 3026 450 3093 'l'lGlllS.
490 3065 533 3076 -
571 3025 603 3101 6,
644 3025 698 3114 37.
739 3026 889 3114 Campis,
930 3027 987 3115 qui
1024 3027 1196 3114 Euphrate
1228 3033 1261 3092 et
1289 3026 1411 3112 'ligre⁴
1433 3027 1586 3096 inclutis

332 3133 488 3199 amnibus
504 3134 690 3199 circumflui
711 3134 977 3221 Mesopotamiae
1002 3157 1125 3199 nomen
1141 3142 1354 3222 acceperunt.
1380 3173 1426 3184 -
1447 3160 1501 3214 12,
1529 3138 1584 3204 13.

334 3242 518 3328 Postquam
534 3265 671 3328 campos
695 3241 969 3329 propinquabant
993 3241 1221 3325 (Meherdates
1246 3241 1385 3329 eiusque
1399 3244 1584 3333 comites),

332 3349 436 3436 copiis
457 3350 597 3413 Carenis
622 3348 866 3435 adiunguntur.
892 3350 1117 3436 tramissoque
1146 3372 1243 3412 amne
1272 3349 1363 3433 Tigri
1393 3364 1584 3436 permeant

333 3456 568 3522 Adiabenos..

288 3563 560 3630 TlMOl'lllil'S.
579 3604 622 3612 —
647 3565 702 3635 lt,
722 3566 777 3629 83.
795 3564 1052 3630 Ptolemaeus...
1081 3564 1294 3629 Timotheum
1324 3562 1586 3633 Atheniensem

333 3698 349 3736 e
370 3679 469 3755 gente
486 3670 775 3759 Eumolpidarum,
794 3694 894 3758 quem
910 3679 947 3735 ut
963 3672 1146 3735 antistitem
1169 3672 1450 3735 caerimoniarum
1474 3673 1588 3741 Eleu—

334 3780 406 3843 sinc
434 3779 603 3843 exciverat
628 3778 915 3864 (Alexandriam),
952 3802 1117 3865 quaenam
1148 3777 1204 3842 illa
1234 3778 1446 3863 superstiti0,
1486 3786 1590 3871 quod

334 3909 458 3950 numan
475 3887 669 3970 interrogat.
690 3886 898 3957 Timotheus,
916 3886 1079 3972 quaesitis
1095 3887 1151 3974 qui
1173 3887 1205 3948 in
1224 3886 1369 3949 Pontum
1386 3900 1588 3962 meassent.

333 3994 549 4079 cognoscit...

290 4100 539 4165 'l'lNGl'l'ANh
565 4101 825 4165 l’lu'u'lxslln.
858 4139 899 4148 —
927 4100 970 4176 ΙΙ,
988 4103 1039 4166 58.
1065 4101 1226 4164 Lucceius
1240 4100 1421 4164 albinusa
1440 4102 1592 4175 Nerone

336 4209 564 4273 Mauretaniae
586 4208 796 4272 Caesariensi
812 4210 1035 4293 praepositus,
1068 4207 1180 4271 addita
1202 4230 1260 4294 per
1287 4207 1433 4272 Galbam
1464 4211 1593 4301 'lingi-

321 4427 327 4458 ¹
347 4425 389 4471 Sic
408 4426 445 4477 Μ.
462 4455 489 4461 -
506 4448 517 4474 a
542 4427 734 4490 Tiqranocerta
752 4429 809 4474 hier
829 4429 883 4474 und
906 4429 940 4476 ra.
957 4429 970 4472 ὅ
986 4429 1021 4473 im
1041 4428 1103 4474 ΑΜ.
1123 4428 1223 4473 eliense
1243 4427 1311 4474 nach
1333 4427 1383 4473 der
1402 4432 1515 4485 ersten,
1536 4434 1594 4479 wie

288 4508 454 4557 rtrtarata...
476 4509 601 4567 Dagcgcn
618 4508 822 4570 Tigranocertis
839 4511 874 4562 ιδ,
889 4509 912 4558 6.
926 4510 949 4556 8.
966 4507 1186 4570 'l'iqranocertam
1204 4509 1277 4555 steht
1292 4508 1377 4553 durch
1399 4509 1447 4554 cin
1465 4510 1595 4560 leichtes

287 4586 424 4634 Versclien
437 4589 462 4634 in
473 4589 521 4634 der
538 4590 603 4635 llrts.
624 4590 659 4646 15,
678 4596 700 4643 4.
712 4590 735 4636 5.
757 4586 962 4650 'l'r'qranorertal
975 4588 1009 4634 im
1027 4590 1102 4645 hcc„
1119 4595 1152 4642 rt.
1168 4588 1209 4641 ab.
1226 4588 1261 4634 im
1274 4588 1353 4635 Nom.
1368 4588 1416 4634 mit
1430 4590 1593 4647 Artaxata,

293 4684 327 4718 ra.
340 4670 377 4715 50.
399 4691 408 4709 υ
424 4669 771 4727 (Numanus-Amnem)

319 4749 330 4783 ²
349 4750 374 4797 Μ
389 4766 393 4797 :
409 4754 639 4812 tpqranarertam.
657 4750 696 4798 Cl.
717 4766 809 4811 supra.

319 4828 330 4860 ³
346 4830 449 4877 llittcr:
474 4830 684 4892 ‘l'iqranocertis

317 4910 471 4958 ⁴l'urtassc
497 4911 581 4973 'l'ipri
605 4910 645 4959 Cl.
677 4927 712 4958 rr..
735 4913 774 4959 13:
805 4911 883 4969 l³liu.,
912 4911 944 4960 t.
973 4912 1015 4959 Η..
1045 4914 1078 4959 18.
1114 4927 1168 4982 170:
1203 4912 1292 4973 l'rrp..
1324 4914 1402 4961 Aeo..
1437 4930 1478 4964 ιο.
1510 4921 1561 4968 166
1582 4945 1594 4962 ι·

287 4993 420 5051 (Orestai.)

1554 5303 1680 5472 4
