3709 6234
810 472 982 526 FORTVNAE

299 622 467 703 poterant,
501 621 612 679 tamen
646 612 954 701 indignabantur...
985 654 1028 664 —
1061 614 1088 695 l,
1120 613 1174 700 37.
1210 615 1391 703 (Loquitur
1432 613 1537 702 Otho)

300 751 314 782 a
345 720 455 800 Quam
482 720 625 807 gloriam
649 719 693 785 ad
723 721 951 810 principatum
980 720 1096 788 attulit.
1129 720 1279 811 (Galba),
1301 721 1367 786 nisi
1390 722 1534 788 occisi...

299 829 431 893 Fonteii
458 827 633 916 Capitonis
662 829 695 892 in
731 829 979 895 Germania‘l...
1015 857 1030 888 a
1060 866 1104 880 -
1130 829 1157 903 l,
1179 828 1234 895 52.
1250 829 1363 894 Aulus
1378 827 1539 894 Vitellius

298 936 489 1001 interiorem
521 935 736 1000 Germaniam
773 936 948 1023 ingressus
975 935 1114 1001 hiberna
1146 935 1319 1023 legionum
1347 957 1425 1002 cum
1458 957 1538 1002 cura

297 1042 442 1114 adierat:
470 1041 593 1107 redditi
620 1042 789 1132 plerisque
810 1042 959 1117 ordines,
981 1043 1122 1108 remissa
1143 1042 1339 1128 ignominia,
1361 1041 1538 1109 adlevatae

298 1159 409 1228 notae,
437 1149 535 1237 plura
566 1147 763 1224 ambitione,
795 1150 962 1239 quaedam
992 1150 1128 1229 iudicio,
1159 1150 1194 1214 in
1222 1147 1347 1238 quibus
1363 1149 1485 1216 sordes
1505 1159 1539 1217 et

297 1256 473 1322 scottiam
504 1256 633 1321 Fonteii
664 1257 841 1345 Capitonis
880 1256 1071 1321 adimendis
1100 1255 1365 1344 adsignandisve
1397 1256 1538 1324 militiae

298 1362 474 1428 ordinibus
494 1365 626 1450 integre
650 1371 882 1430 mutaverat...
902 1362 1027 1427 Fabius
1042 1363 1210 1430 Valens...
1228 1363 1381 1428 infensus
1395 1361 1536 1444 Galbae,

299 1477 472 1558 tamquam
487 1470 654 1537 detectam
671 1496 689 1536 a
701 1496 736 1537 se
744 1471 894 1558 Verginii
910 1470 1173 1548 cunctationem,
1186 1493 1348 1559 oppressa
1361 1470 1538 1560 Capitonis

297 1578 438 1643 consilia
452 1578 582 1664 ingrate
597 1580 742 1645 tulisset.
761 1618 802 1628 —
825 1579 852 1658 l,
872 1580 925 1642 58.
943 1578 1126 1643 Exarserat
1140 1577 1175 1642 in
1191 1576 1329 1667 (lulium
1344 1577 1539 1645 Burdonem

299 1687 518 1752 Germanicae
549 1686 669 1752 classis
700 1686 924 1774 praelectum)
956 1685 1129 1750 iracundia
1153 1685 1334 1764 exercitus,
1362 1693 1537 1775 tamquam

298 1795 423 1858 crimen
440 1818 477 1858 ac
498 1818 574 1859 mox
602 1794 743 1859 insidias
759 1794 900 1859 Fonteio
926 1792 1084 1880 Capitoni
1109 1793 1303 1860 struxisset.
1337 1793 1444 1860 Grata
1466 1802 1538 1860 erat

297 1901 458 1967 memoria
494 1902 708 1989 Capitonis..
747 1901 885 1967 Interim
921 1908 957 1965 ut
1000 1899 1171 1988 piaculum
1208 1899 1354 1967 obicitur
1384 1902 1537 1968 centurio

296 2011 474 2099 Crispinus
507 2033 514 2078 :
545 2012 711 2101 sanguine
730 2012 907 2100 Capitonis
934 2035 969 2076 sc
1007 2019 1284 2079 cruentaverat...
1319 2047 1365 2062 -
1396 2007 1459 2090 Ill,
1481 2007 1535 2073 62.

299 2118 441 2205 (Fabius
461 2119 598 2206 l'alens)
625 2119 759 2205 legatus
785 2119 965 2206 legionis...
988 2118 1166 2184 Fonteium
1182 2118 1383 2207 Capitonem
1399 2138 1537 2204 corrup

303 2231 387 2298 tum,
427 2248 485 2289 seu
515 2225 594 2313 quia
618 2248 834 2314 corrumpere
869 2226 1080 2313 nequiverat,
1109 2225 1288 2291 interiecit.
1322 2263 1367 2274 -
1396 2223 1454 2300 lV,
1486 2221 1535 2287 13·

301 2330 453 2420 (lulium)
471 2331 616 2398 Paulum
633 2332 688 2419 (ex
704 2331 925 2396 nobilissimis
943 2333 1096 2419 Batavis)
1120 2331 1282 2398 Fonteius
1302 2330 1425 2419 Capito
1453 2329 1536 2395 falso

296 2438 493 2503 rebellionis
509 2437 650 2505 crimine
668 2439 846 2505 interfecit.

251 2543 475 2624 FOllbllANl
496 2544 756 2618 Atllll.-16,
785 2571 822 2610 ro
853 2546 906 2631 (L.
930 2545 1102 2611 Antistius
1130 2545 1250 2633 Vetus)
1275 2545 1476 2610 Formianos
1503 2544 1536 2609 in

295 2674 395 2738 agros
408 2651 613 2739 digreditur.

250 2757 423 2824 FOllMll.
460 2798 504 2808 -
531 2758 580 2836 15,
599 2760 655 2837 46.
675 2759 1014 2826 Gubernatores...a
1048 2757 1192 2823 Formiis
1223 2779 1359 2824 movere
1380 2765 1428 2836 et,
1454 2780 1537 2846 grav

293 2864 421 2944 Africo,
440 2865 525 2931 dum
546 2866 821 2954 promunturium
842 2866 966 2931 Miseni
986 2888 1144 2954 superare
1163 2865 1386 2946 contendunt,
1408 2863 1536 2930 Curua·

295 2974 348 3037 nis
362 2972 519 3038 litoribus
534 2974 712 3062 impacti...

251 3079 365 3146 Fotis
382 3081 407 3144 F
410 3079 660 3146 OllTVNA.-
680 3105 711 3159 a,
725 3083 779 3158 Aa.
797 3079 910 3144 Aedes
923 3079 947 3142 F
950 3080 1038 3166 ortis¹
1046 3079 1213 3144 Fortunae
1220 3077 1368 3144 Tiberim
1387 3078 1484 3145 iuxta
1498 3077 1533 3142 in

296 3188 415 3264 hortis,
430 3210 515 3275 quos
527 3188 651 3252 Caesar
665 3187 811 3252 dictator
825 3186 951 3275 populo
960 3186 1114 3251 llomano
1126 3183 1536 3272 legaverat...,dicantur.

251 3292 477 3358 FOllTl'NA.
492 3333 534 3341 -
551 3296 600 3367 ιδ,
611 3294 664 3358 53.
679 3292 889 3379 (Occidcndo
906 3292 1033 3357 Neroni
1050 3290 1189 3356 Flavius
1202 3289 1405 3376 Scaevinus)
1418 3290 1537 3378 pugio·

296 3424 372 3465 nem
391 3400 516 3487 templo
533 3399 660 3465 Salutis
674 3401 757 3481 sive,
776 3407 813 3464 ut
827 3397 884 3464 alii
904 3398 1086 3478 tradidere,
1107 3398 1276 3462 Fortunae
1302 3396 1486 3462 Ferentino
1505 3395 1540 3460 in

295 3506 418 3594 oppido
432 3507 636 3573 detraxerat.
660 3508 755 3571 -0.
779 3507 831 3573 23.
858 3505 1039 3593 (Loquitur
1064 3504 1170 3592 Aper)
1226 3533 1240 3564 a
1265 3503 1353 3569 Nolo
1389 3503 1536 3569 inridere

296 3623 403 3679 rotam
421 3614 591 3678 Fortunae
607 3614 705 3679 etius
726 3613 949 3677 Vcrrinurn...
973 3641 987 3668 a

253 3721 278 3785 F
282 3719 467 3785 OllTl'NA
502 3719 762 3798 EQFESTlllS.
791 3757 835 3769 —
860 3719 890 3796 3,
917 3742 970 3807 7¹·
990 3718 1132 3783 lucessit
1147 3716 1228 3780 dein
1251 3715 1370 3802 religio
1390 3739 1538 3805 quonam

296 3828 328 3892 in
355 3826 480 3913 templo
498 3826 678 3890 locandum
704 3826 790 3890 soret
809 3825 948 3894 donum.
972 3825 1064 3914 quod
1092 3848 1153 3912 pro
1177 3822 1374 3888 valetudine
1394 3823 1538 3912 (Liviae)

296 3936 471 4021 Augustae
487 3934 618 4021 equites
636 3932 778 3995 llonrani
795 3941 959 3998 voverant
979 3931 1128 4020 equestri
1154 3930 1337 3995 Fortunae.
1362 3928 1451 3995 Nam
1475 3929 1539 3994 etsi

292 4040 432 4107 delubra
448 4041 520 4103 eius
536 4039 619 4104 deae
636 4037 740 4103 multa
761 4038 795 4102 in
812 4038 908 4110 urbe,
925 4039 1059 4103 nullum
1085 4044 1201 4102 tamen
1225 4035 1285 4101 tali
1312 4044 1539 4123 cognomento

293 4157 376 4216 erat.
396 4149 581 4234 llepcrtum
596 4154 648 4211 est
663 4146 779 4210 aedem
798 4168 870 4211 csse
895 4146 984 4233 apud
1007 4147 1161 4221 Antium,
1182 4166 1266 4232 quae
1293 4143 1340 4208 sic
1363 4166 1539 4232 nuncupa-

298 4263 432 4321 retur...

256 4360 511 4427 Ft'tllTl'NAll.
533 4396 572 4408 -
595 4362 645 4436 15,
665 4361 718 4425 23.
748 4360 813 4447 (Ob
838 4359 1055 4446 puerperium
1072 4360 1248 4445 Poppaeae
1263 4357 1409 4422 Neronis
1424 4358 1541 4423 uxoris

293 4469 467 4533 decretum
487 4474 540 4531 est
556 4491 572 4530 a
595 4469 730 4554 senatu)
745 4475 824 4531 ut...
855 4466 1079 4529 Fortunarum
1099 4463 1230 4552 efligies
1255 4487 1376 4530 aureae
1399 4464 1434 4529 in
1455 4463 1540 4529 solio

290 4574 473 4662 Capitolini
490 4574 579 4638 loris
597 4574 807 4639 locarentur.
