3709 6234
834 841 1019 895 NOl'AESlVll
1517 838 1569 892 483

333 979 434 1070 duas)
444 987 660 1069 trangressus
679 982 884 1062 Danuvium,
898 1007 964 1072 qua
977 983 1134 1048 Noricam
1147 982 1356 1072 provinciam
1370 984 1567 1072 praefluit...

333 1125 378 1140 —
400 1087 426 1170 l,
460 1113 510 1156 rr.
533 1088 626 1157 Duae
656 1091 899 1167 Mauretaniae,
927 1090 1058 1169 Raetia,
1079 1089 1253 1173 Noricum,
1269 1090 1410 1155 Thracia
1435 1099 1469 1157 et
1483 1115 1569 1180 quae

333 1194 417 1261 aliae
441 1199 714 1284 procuratoribus
730 1198 941 1279 cohibentur,
967 1206 1004 1263 ut
1023 1198 1145 1286 cuique
1172 1197 1333 1263 exercitui
1353 1197 1495 1279 vicinae,
1522 1199 1569 1264 ita

333 1302 368 1367 in
387 1302 536 1369 favorem
556 1313 614 1371 aut
635 1307 750 1371 odium
781 1312 939 1371 contactu
955 1304 1179 1370 valentiorum
1196 1304 1383 1391 agebantur
1412 1305 1495 1380 -Ι,
1513 1329 1565 1392 70.

334 1409 506 1500 (Caecina)
523 1413 662 1501 paulum
693 1421 871 1479 cunctatus
899 1420 963 1495 est,
984 1435 1065 1478 num
1088 1412 1235 1478 Raeticis
1250 1412 1338 1500 iugis
1357 1412 1392 1477 in
1407 1412 1569 1478 Noricum

335 1518 483 1585 llecteret
517 1520 680 1586 adversus
720 1521 915 1586 Petronium
944 1519 1104 1584 Vrbicum
1134 1528 1427 1609 procuratorem...
1458 1519 1567 1586 Sed...

334 1634 496 1714 reputans
527 1627 604 1715 plus
639 1628 765 1714 gloriae
801 1635 931 1693 retenta
972 1627 1069 1693 ltalia
1101 1635 1146 1707 et,
1177 1626 1380 1716 ubicumque
1405 1635 1569 1693 certatum

335 1731 434 1812 foret,
455 1734 596 1799 Noricos
621 1734 655 1799 in
679 1744 770 1801 certa
791 1734 951 1800 victoriae
980 1735 1128 1824 praemia
1162 1758 1316 1800 cessuros
1337 1786 1359 1802 ..
1375 1773 1420 1784 -
1451 1734 1511 1812 ΙΙΙ,
1536 1736 1567 1800 5.

335 1841 497 1907 Sextilius
519 1841 613 1907 Felix
628 1866 704 1907 cum
720 1843 774 1907 ala
794 1843 944 1907 Auriana
960 1849 994 1907 et
1007 1851 1082 1908 octo
1105 1842 1301 1908 cohortibus
1316 1866 1353 1907 ac
1369 1842 1568 1907 Noricorum

335 1948 510 2015 inventute
554 1950 597 2014 ad
627 1949 857 2038 occupandam
888 1950 994 2037 ripam
1030 1951 1116 2014 Aeni
1141 1950 1303 2030 fluminis,
1325 1949 1416 2039 quod
1445 1950 1570 2015 Raetos

336 2055 543 2147 Noricosque
579 2058 753 2138 interfluit,
774 2059 910 2122 missus.
938 2097 981 2105 -
998 2057 1038 2137 V,
1071 2057 1123 2122 25.
1144 2058 1235 2124 Inter
1263 2061 1411 2124 Batavos
1436 2081 1569 2147 quoque

335 2187 508 2231 sermones
529 2166 636 2235 orti...
661 2195 676 2224 α
696 2166 915 2253 llcspicerent
946 2165 1071 2230 llactos
1096 2165 1304 2253 Noricosque
1324 2174 1357 2232 et
1381 2172 1568 2232 ceterorum

335 2294 436 2337 onera
452 2273 631 2338 sociorum.
650 2273 720 2338 Sibi
734 2296 800 2337 non
818 2272 955 2350 tributa,
974 2272 1033 2336 sed
1047 2273 1207 2338 virtutem
1223 2281 1256 2338 et
1270 2274 1361 2337 viros
1376 2272 1490 2340 indici.
1501 2302 1516 2332 a
1527 2311 1570 2322 -

336 2380 374 2444 tl.
394 2382 424 2446 5.
453 2380 664 2467 (Germania)
685 2380 830 2445 umidior
854 2405 920 2468 qua
934 2379 1075 2461 Gallias,
1093 2380 1265 2446 ventosior
1274 2404 1340 2469 qua
1356 2380 1515 2446 Noricum
1532 2403 1569 2446 ae

337 2486 546 2552 Pannoniam
561 2488 715 2576 adspicit.

289 2591 558 2661 NOVAESIVM
572 2596 593 2661 ¹.
615 2633 658 2644 -
672 2595 729 2668 lv,
750 2596 802 2659 ab.
822 2595 987 2681 Ingressis
1003 2594 1209 2661 Novaesium
1223 2604 1317 2662 sexta
1334 2595 1463 2662 decima
1479 2597 1568 2685 legio

334 2702 622 2789 coniungitur-
647 2704 703 2783 lV,
735 2702 788 2767 33.
825 2703 1062 2770 Vasconum...
1098 2704 1293 2769 cohortes...
1330 2705 1481 2770 intentos
1519 2705 1568 2792 (in

334 2811 621 2897 oppugnationem
661 2818 849 2875 castrorum
888 2808 1050 2898 Voculae)
1083 2811 1198 2876 hostes
1227 2835 1245 2875 a
1270 2818 1365 2896 tergo
1387 2812 1565 2891 invadunt,

334 2915 597 3007 latioremque...
622 2925 783 2983 terrorem
798 2916 937 2997 faciunt,
953 2916 1029 2982 aliis
1044 2941 1062 2983 a
1078 2917 1257 3000 Novaesio,
1275 2918 1350 2983 aliis
1379 2943 1397 2983 a
1425 2920 1569 3007 Mogon-

337 3024 422 3089 tiaco
437 3026 613 3090 universas
623 3024 737 3114 copias
752 3024 931 3089 advenisse
960 3024 1189 3091 credentibus.
1212 3064 1255 3074 -
1271 3025 1329 3099 lV,
1348 3026 1402 3092 35.
1420 3027 1567 3115 lmpedi-

336 3140 448 3197 menta
460 3131 634 3219 legionum
654 3156 731 3198 cum
761 3131 889 3196 imbelli
918 3132 1015 3197 turba
1048 3132 1253 3198 Nouaesium
1277 3133 1391 3209 missa,
1427 3143 1463 3200 ut
1492 3134 1569 3199 inde

335 3239 485 3305 terrestri
518 3240 637 3305 itinere
668 3239 875 3304 frumentum
906 3239 1155 3307 adveherent..
1184 3238 1248 3304 Vbi
1278 3263 1412 3306 rursum
1447 3242 1569 3306 missos

335 3345 540 3412 Novaesium
561 3347 821 3412 frumentatores
837 3347 1000 3434 datasque
1016 3346 1050 3409 in
1071 3346 1276 3435 praesidium
1296 3348 1452 3413 cohortes
1476 3349 1569 3414 velut

334 3452 441 3518 multa
452 3477 533 3542 pace
550 3453 818 3541 ingrediacccpit
838 3452 1156 3541 (Civilis)...-1t'‚
1174 3453 1227 3518 36.
1245 3453 1568 3521 VoculaGeldubam

336 3568 435 3649 atque
460 3560 538 3625 inde
559 3560 766 3626 Novaesium
791 3561 969 3626 concessit.
1002 3560 1120 3625 Civilis
1138 3561 1227 3648 capit
1253 3561 1456 3628 Geldubam.
1487 3564 1568 3628 hlox

335 3666 425 3732 haud
438 3667 553 3756 procul
565 3667 732 3733 Novaesio
747 3668 895 3756 equestri
911 3665 1038 3754 proelio
1049 3689 1207 3754 prospere
1220 3669 1425 3734 certavit—
1441 3668 1498 3749 lV,
1512 3670 1566 3759 57.

338 3773 522 3862 Postquam
539 3783 688 3862 perstare
710 3775 741 3837 in
767 3775 906 3862 pertidia
921 3773 1110 3838 Classicum
1126 3775 1350 3863 Tutoremque
1365 3776 1455 3841 ridet
1482 3777 1569 3865 (llil-

335 3880 400 3946 lius
412 3881 567 3968 Vocula),
585 3905 683 3946 verso
704 3882 1040 3947 itinereNoraesium
1059 3880 1224 3946 concedit.
1243 3921 1285 3931 -
1311 3882 1368 3962 lv,
1387 3882 1441 3948 62.
1465 3884 1568 3970 Legio

335 3998 430 4054 sexta
444 3989 574 4054 decima
589 4013 665 4054 cum
688 3989 823 4054 auxiliis
842 3989 943 4053 simul
960 3988 1084 4054 deditis
1108 4012 1126 4052 a
1145 3987 1313 4053 Novaesio
1339 3991 1373 4054 in
1402 3990 1568 4056 coloniam

334 4095 548 4161 Trevirorum
566 4096 755 4182 transgredi
779 4094 925 4161 iubetur.
946 4134 986 4147 -
1004 4096 1060 4174 lV,
1090 4120 1144 4184 7⁰·
1172 4095 1338 4184 Legiones
1363 4121 1380 4161 a
1401 4098 1569 4164 Novaesio

338 4204 521 4291 Bonnaque
534 4204 568 4266 in
580 4204 747 4270 Treviros.
765 4211 913 4289 utsupra
930 4204 1204 4284 memoravimus
1224 4203 1437 4272 traductae...
1450 4245 1492 4254 -
1508 4206 1567 4282 IV,

337 4335 390 4399 77.
425 4310 584 4376 l'alantes
612 4318 786 4397 captarum
811 4310 901 4398 apud
935 4310 1138 4375 Novaesium
1156 4310 1376 4400 Bonnamque
1396 4312 1568 4401 legionum

336 4418 552 4505 manipulos..
563 4472 568 4483 .
578 4417 670 4482 ridet
683 4417 840 4502 (Petilius
853 4416 1020 4503 Cerialis).
1035 4416 1141 4495 -lV,
1159 4442 1212 4505 79.
1223 4417 1435 4485 Classicus...
1450 4420 1568 4485 adver-

334 4549 392 4590 sus
407 4526 538 4612 equites
553 4524 758 4589 Novaesium
775 4549 793 4588 a
809 4522 940 4588 Ceriale
969 4524 1172 4612 praemissos
1191 4525 1376 4590 secundum
1399 4527 1564 4613 proelium

337 4631 426 4698 lecit.
449 4631 548 4708 -V,
565 4655 617 4695 22.
636 4630 790 4719 (l’etilius
805 4629 961 4718 Cerialis)
976 4630 1147 4719 profectus
1164 4629 1370 4696 Novaesium
1396 4633 1568 4699 Bonnam-

334 4761 399 4827 que
410 4739 451 4803 ad
467 4737 607 4802 visenda
624 4747 744 4817 castra,
758 4762 843 4826 quae
857 4737 1056 4802 hiematuris
1068 4737 1258 4824 legionibus
1274 4738 1499 4826 erigebantur.
1509 4742 1565 4807 ..·².

322 4893 330 4926 ¹
348 4890 446 4952 Vulg:
465 4888 618 4938 Noresium.
635 4890 706 4951 quod
724 4889 810 4937 tribus
828 4888 894 4938 locis
905 4889 987 4938 habel
1002 4887 1037 4940 hl.

324 4972 335 5007 ²
353 4971 384 5019 Υ.
401 4973 483 5020 etiam
501 4970 547 5028 ll',
564 4970 602 5028 58,
618 4984 656 5032 72.
