3709 6234
807 855 932 909 nflunvs
1464 857 1512 911 57¹

271 1037 314 1047 —
329 1022 356 1064 1.
381 998 434 1064 32.
460 997 632 1087 (Seditiosi
666 997 792 1063 milites
820 998 1034 1064 centuriones
1051 999 1146 1085 suos)
1161 1007 1238 1066 ante
1263 999 1391 1066 vallum
1408 1008 1466 1067 aut
1480 1002 1515 1066 in

272 1129 406 1171 amnem
420 1106 577 1171 Rhenum
600 1106 781 1195 proiciunt.
808 1144 851 1156 -
870 1131 897 1188 r,
919 1105 973 1184 45.
990 1106 1241 1197 (Germanicus)
1259 1106 1382 1173 Caesar
1408 1132 1513 1184 arma,

275 1213 431 1294 classem,
449 1214 571 1288 socios,
584 1213 762 1279 demittere
787 1213 1037 1302 Rhenoparat.
1059 1254 1102 1265 —
1123 1239 1150 1296 r,
1169 1214 1223 1281 56.
1249 1215 1513 1284 Germanicus...

273 1321 512 1388 tumultuarias
526 1329 679 1387 catervas
692 1322 940 1387 Germanorum
960 1321 1008 1387 cis
1024 1321 1182 1388 Rhenum
1201 1321 1385 1388 colentium
1403 1322 1517 1390 Caeci-

274 1452 335 1495 nae
355 1429 499 1496 tradit...
531 1428 697 1499 Caesar...
730 1435 845 1518 aperta
878 1429 1061 1517 populatus
1092 1431 1193 1495 vertit
1218 1429 1260 1495 ad
1285 1430 1453 1496 Rhenum.
1473 1469 1517 1482 -

276 1560 302 1615 r,
315 1537 368 1624 59.
387 1537 556 1623 (Testatur
566 1537 756 1624 Arminius)
772 1536 961 1602 Germanos
975 1560 1160 1626 numquam
1177 1538 1259 1604 satis
1276 1545 1510 1620 excusaturos,

272 1643 364 1733 quod
390 1645 478 1710 inter
505 1644 624 1709 Albim
649 1651 683 1710 et
708 1644 904 1711 Rhenum...
932 1652 1045 1731 togam
1078 1645 1236 1712 viderint.
1254 1684 1297 1694 —
1318 1670 1344 1721 r,
1360 1644 1414 1713 63.
1434 1646 1517 1711 Pars

272 1753 424 1840 equitum
449 1752 669 1840 (Germanici)
687 1751 785 1817 litore
801 1751 925 1818 Oceani
939 1758 1052 1840 petere
1070 1751 1225 1817 Rhenum
1242 1752 1345 1818 iussa.
1362 1791 1405 1801 —
1425 1751 1514 1842 ¹³⁶7·
1537 1823 1539 1827 ι

272 1860 432 1947 (Caecina
447 1859 544 1924 docet
571 1858 711 1945 milites)
741 1858 799 1923 illa
819 1858 995 1946 emptione
1019 1857 1062 1922 ad
1090 1857 1247 1924 Rhenum
1274 1860 1454 1947 perveniri.
1474 1897 1516 1911 -

278 1990 306 2043 ι,
326 1966 381 2056 69.
392 1966 433 2030 Ni
449 1966 843 2055 Agrippinaimpositum
856 1965 975 2031 Rheno
990 1972 1128 2054 pontem
1143 1964 1229 2030 solvi
1240 1965 1479 2055 prohibuisset.
1490 2016 1514 2032 ..

273 2113 316 2123 -
338 2098 368 2153 a,
392 2073 423 2138 6.
451 2073 590 2138 Rhenus
611 2096 677 2138 uno
698 2072 794 2137 alveo
819 2073 1044 2139 continuus..
1080 2072 1170 2161 apud
1207 2073 1409 2161 principium
1445 2073 1517 2161 agri

273 2181 393 2246 Batavi
406 2180 501 2246 velut
514 2182 547 2245 in
564 2180 649 2245 duos
664 2202 781 2245 annues
806 2179 1008 2247 dividitur...
1028 2219 1072 2229 ·-
1089 2204 1121 2259 a,
1135 2205 1166 2269 7.
1191 2178 1321 2245 Cuncta
1341 2180 1429 2246 inter
1443 2204 1517 2246 cas·

272 2286 392 2352 tellum
409 2286 585 2352 Alisonem
610 2310 648 2352 ac
674 2286 830 2351 Rhenum
845 2287 944 2351 novis
974 2284 1139 2351 limitibus
1161 2285 1409 2375 aggeribusque
1442 2310 1515 2375 per-

275 2395 405 2459 munita
427 2396 459 2481 (a
478 2394 707 2481 Germanico).
723 2432 766 2441 —
783 2418 814 2476 a,
836 2396 886 2469 ld·
908 2392 1027 2481 (Apud
1048 2392 1171 2458 milites
1190 2393 1327 2459 disserit
1340 2394 1518 2459 Germani·

276 2503 352 2588 cus)
367 2502 561 2590 propiorem
575 2502 641 2566 iam
657 2500 773 2565 Albim
797 2523 899 2588 quam
914 2500 1083 2568 Rhenum.
1098 2539 1133 2549 -
1153 2525 1183 2580 2,
1202 2524 1255 2566 aa.
1266 2495 1517 2581 (Germanicus)

274 2609 464 2695 congeriem
490 2631 659 2672 armorum
678 2608 804 2672 struxit
818 2606 965 2694 superbo
989 2629 1065 2672 cum
1087 2606 1199 2685 titulo,
1221 2605 1400 2672 debellatis
1428 2607 1516 2673 inter

276 2716 431 2780 Rhenum
450 2714 634 2803 Albimque
673 2713 1090 2794 nationibus...-a‚83.
1131 2715 1241 2779 Arcus
1269 2714 1318 2800 (in
1354 2715 1516 2779 honorem

273 2823 396 2887 mortui
412 2823 618 2910 Germanici)
634 2821 783 2887 additi...
806 2821 895 2909 apud
911 2822 1019 2909 ripam
1045 2820 1195 2886 Rheni...
1215 2860 1259 2872 -
1275 2824 1306 2902 l,
1320 2822 1352 2887 5.
1371 2822 1511 2886 Praeci-

272 2954 377 3019 puum
397 2930 500 2995 robur
529 2929 685 2994 Rhenum
705 2930 811 3009 iuxta,
839 2952 1019 2994 commune
1039 2929 1073 2993 in
1102 2929 1290 2994 Germanos
1324 2928 1509 3017 Gallosque

272 3037 475 3118 subsidium,
497 3046 573 3104 octo
593 3037 745 3124 legiones
764 3044 872 3103 erant.
891 3076 932 3089 -
953 3038 984 3116 A,
1014 3036 1067 3126 73.
1085 3035 1182 3115 Quod
1198 3036 1256 3101 ubi
1287 3037 1326 3102 L.
1362 3038 1515 3124 Apronio

274 3145 440 3211 inferioris
461 3145 663 3211 Germaniae
684 3168 744 3233 pro
766 3153 920 3232 praetore
940 3144 1170 3232 cognitum...,
1188 3151 1370 3234 utrumque
1389 3146 1516 3211 exerci-

275 3261 345 3318 tum
362 3253 481 3317 Rheno
497 3252 674 3317 devectum
690 3252 807 3318 Frisiis
840 3250 967 3317 intulit.
998 3290 1038 3300 —
1060 3274 1110 3332 ιι,
1133 3251 1182 3317 ι8.
1201 3250 1391 3317 Corbulo...
1413 3252 1516 3317 trire-

273 3384 344 3425 mes
358 3360 454 3426 alveo
464 3359 584 3436 Rheni,
596 3368 724 3425 ceteras
740 3360 890 3436 narium,
900 3366 1097 3447 utquaeque
1113 3358 1254 3436 habiles,
1271 3382 1331 3446 per
1347 3360 1512 3425 aestuaria

272 3476 305 3533 ct
321 3467 430 3532 lossas
453 3466 577 3554 adegit.
595 3505 638 3517 -
658 3491 708 3548 rr,
729 3491 778 3555 ¹9·
799 3465 963 3532 Claudius
992 3464 1075 3530 adeo
1103 3489 1226 3530 novam
1256 3466 1292 3529 in
1315 3464 1516 3531 Germanias

271 3576 340 3640 vim
357 3573 540 3663 prohibuit,
556 3582 593 3639 ut
605 3573 720 3639 referri
736 3573 904 3661 praesidia
924 3574 973 3637 cis
993 3572 1150 3637 Rhenum
1166 3571 1308 3638 iuberet.
1324 3610 1370 3623 -
1392 3597 1440 3650 rr,
1460 3597 1513 3640 ao.

273 3684 358 3748 tt...
377 3681 474 3746 miles
493 3682 600 3747 otium
634 3689 785 3756 exueret,
815 3679 991 3768 (Corbulo)
1016 3679 1105 3745 inter
1130 3680 1263 3745 Mosam
1289 3678 1514 3769 Rhenumque

274 3791 373 3855 trium
390 3798 423 3855 et
438 3789 559 3875 viginti
575 3788 705 3852 milium
722 3788 831 3875 spatio
842 3788 968 3852 fossam
984 3786 1154 3874 perduxit,
1169 3810 1236 3875 qua
1250 3787 1378 3852 incerta
1392 3788 1516 3854 Oceani

272 3898 470 3962 vitarentur.
489 3934 531 3946 -
553 3921 602 3972 ra,
621 3919 674 3984 ²7·
693 3894 886 3983 (Vbiorum)
898 3902 1036 3981 gentem
1052 3894 1209 3959 Rhenum
1222 3904 1513 3981 transgressam...

271 4005 423 4093 Agrippa
439 4004 473 4068 in
490 4003 590 4068 tidem
607 4005 818 4092 (acceperat).
836 4042 880 4051 -
905 4002 955 4079 13,
970 4000 1023 4069 53.
1040 4000 1203 4067 Paulinus
1219 4002 1445 4090 Pompeius...
1464 4004 1515 4067 in-

279 4112 437 4177 cohatum
453 4119 531 4176 anto
548 4119 616 4175 tres
635 4118 669 4176 et
684 4110 859 4197 sexaginta
874 4131 1014 4173 annosa
1031 4109 1141 4174 Druso
1157 4132 1314 4196 aggerem
1329 4110 1514 4176 coercendo

273 4220 390 4284 Rheno
406 4217 564 4284 absolvit.
577 4254 621 4267 -
638 4216 687 4299 13,
700 4216 753 4283 56.
770 4217 932 4305 (Duvius)
960 4216 1084 4282 Avitus
1110 4216 1235 4303 scripto
1274 4215 1316 4281 ad
1335 4217 1515 4283 Curtilium

272 4326 440 4391 Manciam
461 4325 643 4413 superioris
668 4325 837 4389 exercitus
853 4324 1015 4411 legatum,
1041 4330 1080 4389 ut
1098 4323 1253 4390 Rhenum
1282 4331 1515 4412 transgressus

273 4456 364 4497 arma
385 4456 403 4497 a
425 4440 518 4519 tergo
534 4433 776 4520 (Ampsivariis
790 4454 974 4519 eorumque
990 4431 1103 4518 sociis)
1118 4431 1323 4497 ostenderet.
1349 4469 1393 4483 -
1415 4434 1439 4508 l,
1459 4435 1513 4513 51,

274 4541 357 4606 Pars
373 4539 573 4619 Galliarum,
590 4563 677 4628 quae
697 4539 854 4605 Rhenum
880 4538 1012 4604 accolit.
1032 4577 1073 4588 -
1087 4538 1130 4616 ll,
1150 4540 1203 4605 32.
1217 4539 1310 4605 Tunc
1332 4541 1516 4608 Suetonius

274 4648 478 4714 Paulinus...
496 4647 656 4713 disseruit
677 4648 863 4713 exercitum
880 4644 1009 4712 Vitellii
1024 4646 1220 4712 universum
1242 4646 1432 4728 advenisse,
1453 4672 1515 4715 neo

272 4755 416 4820 multum
438 4755 560 4819 virium
575 4777 592 4819 a
610 4763 715 4841 tergo,
743 4755 947 4843 quoniam...
965 4753 1119 4819 deserere
1141 4754 1251 4820 Rheni
1268 4756 1375 4843 ripam
1395 4757 1511 4845 inrup-

272 4855 358 4920 turis
373 4861 443 4920 tam
455 4853 588 4919 infestis
606 4852 802 4919 nationibus
830 4876 898 4918 non
920 4852 1128 4920 conducat...
1158 4892 1197 4902 -
1220 4854 1276 4934 lV,
1299 4877 1349 4918 ra.
1381 4854 1512 4937 Batavi,

273 4961 380 5027 donec
407 4968 501 5028 trans
530 4961 688 5027 Rhenum
726 4960 883 5049 agebant.
916 4983 996 5049 pars
1026 4958 1286 5043 Chattorum...,
1323 4961 1513 5033 insulam...
