3709 6234
661 876 663 879 ’
758 894 937 948 ornentur
1439 891 1493 946 aer

253 1057 318 1123 que
330 1058 368 1100 ac
380 1041 509 1100 sextam
522 1035 636 1100 traxit.
647 1070 688 1084 -
700 1034 756 1111 IV,
781 1059 830 1122 ¹7·
847 1033 1027 1121 (Loquitur
1054 1034 1158 1099 lulius
1172 1033 1306 1121 Civilis)
1337 1063 1352 1092 a
1365 1035 1489 1101 ...Esse

251 1164 365 1206 seeum
381 1149 558 1207 veteranas
574 1142 741 1214 cohortos
765 1140 890 1229 quibus
914 1164 1021 1228 nuper
1039 1141 1183 1207 Othonis
1203 1142 1355 1228 legiones
1372 1165 1491 1230 procu·

252 1248 396 1313 buerint.
419 1275 435 1308 a
453 1287 497 1296 —
521 1247 580 1325 iv,
601 1246 655 1324 54.
676 1248 930 1337 lncesseratque
953 1247 1038 1311 sama
1062 1248 1228 1335 primores
1240 1247 1427 1313 Galliarum
1448 1249 1489 1313 ab

252 1355 386 1421 Othone
424 1354 588 1419 adversus
626 1353 801 1420 Vitellium
836 1356 971 1429 missos,
1010 1362 1190 1442 antequam
1220 1354 1487 1442 digrederemur.

251 1457 432 1550 pepigisse.
455 1485 496 1526 ne
512 1461 669 1526 deessent
686 1461 846 1532 libertati.
865 1462 935 1528 si...
959 1461 1000 1512 -’
1018 1465 1054 1539 O,
1078 1486 1128 1551 ¹7·
1151 1491 1166 1520 α
1193 1461 1292 1527 lllum
1313 1462 1440 1528 Galbae
1456 1473 1489 1528 et

251 1568 395 1634 Othonis
408 1577 441 1634 et
454 1568 582 1634 Vitellii
598 1568 738 1656 longum
754 1577 787 1634 et
802 1593 908 1634 unum
923 1570 1076 1636 annum.¹
1094 1599 1109 1628 a

207 1675 473 1742 ΟΤΗΟΝΙΑΝΙ.
492 1712 533 1723 -
550 1676 575 1748 l,
587 1677 640 1752 34.
655 1675 754 1741 llulti
780 1675 1032 1742 arbitrabantur
1046 1678 1271 1764 compositum
1286 1685 1488 1766 auctumque

248 1807 417 1848 rumorem
431 1782 547 1847 mixtis
562 1784 629 1847 iam
646 1781 859 1854 Othonianis,
876 1784 934 1871 qui
950 1783 992 1846 ad
1006 1784 1217 1849 evocandum
1240 1782 1383 1848 Galbam
1401 1784 1488 1851 laeta

249 1890 333 1955 lalso
348 1889 575 1976 vulgaverint.
591 1928 634 1938 ·-
650 1891 675 1962 l,
689 1891 744 1978 75.
760 1889 978 1954 lnsidiatores
998 1890 1040 1955 ab
1062 1889 1194 1956 Othone
1205 1891 1238 1954 in
1256 1891 1486 1971 Germaniam,

249 2023 268 2062 a
292 1996 430 2063 Vitellio
443 1997 476 2061 in
497 1996 615 2061 urbem
632 1997 738 2062 missi.
757 1997 918 2085 Vtrisque
934 1998 1056 2062 trustra
1074 1998 1176 2063 luit...
1196 1997 1378 2063 Othoniani
1394 1999 1487 2062 novi-

250 2104 463 2180 tatevultuS,
486 2104 692 2169 omnibusiu
722 2105 829 2168 vicem
859 2106 985 2188 gnaris,
1020 2104 1260 2191 prodebantur.
1287 2144 1330 2153 —
1354 2103 1396 2180 ll,
1435 2131 1484 2171 ia.

249 2213 377 2279 Marius
415 2212 570 2277 Maturus
607 2212 864 2298 (maritimarum
898 2210 1039 2298 Alpium
1083 2215 1335 2299 procurator)...
1373 2236 1485 2278 arcere

249 2320 441 2409 provinciae
467 2318 590 2383 tinibus
606 2317 816 2383 Othonianos
842 2318 996 2383 intendit.
1015 2359 1058 2370 -
1080 2317 1122 2389 ll.
1150 2320 1198 2382 ιε’).
1218 2319 1266 2384 Ne
1287 2320 1487 2384 Othonianis

248 2428 383 2515 quidem
394 2428 569 2491 incruenta
580 2426 719 2490 victoria
736 2425 809 2499 luit,
825 2449 968 2513 quorum
986 2425 1171 2512 improvide
1185 2435 1317 2491 secutos
1333 2428 1485 2492 conversi

248 2536 378 2623 equites
429 2536 765 2599 circumvenerunt...
816 2533 999 2598 Othoniani
1049 2532 1281 2618 .llbigaunum
1315 2534 1484 2598 interioris

249 2644 403 2730 Liguriae
434 2642 683 2729 (municipium)
709 2649 886 2705 revertere.
905 2679 949 2688 —
963 2640 1005 2714 ll,
1026 2666 1077 2706 eo.
1096 2641 1295 2720 Caecina...
1324 2649 1486 2729 temptata

248 2750 517 2814 Othonianorum
538 2747 602 2812 lide
618 2772 677 2835 per
691 2747 908 2834 conloquium
920 2756 954 2813 et
966 2748 1174 2835 promissa...
1191 2747 1287 2824 -ll,
1307 2772 1360 2813 αι.
1381 2748 1486 2814 Otho·

249 2859 338 2922 niani
359 2857 459 2921 sudes
488 2862 521 2921 et
542 2856 726 2919 immensas
755 2855 904 2942 lapidum
929 2879 968 2920 ac
999 2855 1129 2943 plumbi
1158 2856 1310 2944 aerisque
1336 2854 1482 2922 moles...

248 2964 471 3029 obruendis..
503 2963 656 3027 hostibus
678 2962 875 3050 expediunt.
905 3001 950 3012 -
984 2962 1027 3042 ll,
1066 2987 1118 3026 22.
1147 2963 1308 3050 lngerunt
1335 2962 1479 3051 desuper

246 3072 428 3137 euboniam
444 3070 510 3157 pila
523 3069 644 3134 librato
657 3070 764 3156 magis
779 3078 813 3134 et
833 3077 924 3134 certo
940 3070 1007 3135 ictu
1019 3070 1181 3135 adversus
1197 3078 1321 3135 temere
1338 3069 1483 3135 subeun-

246 3189 295 3244 tes
330 3180 485 3243 cohortes
516 3179 804 3242 Germanorum...
833 3217 874 3225 -
899 3176 942 3252 tl,
971 3177 1024 3241 23.
1056 3178 1245 3265 ltepressus
1275 3178 1483 3242 vincentium

245 3288 403 3375 impetus,
431 3309 513 3349 ne...
533 3287 735 3371 Suspectum
751 3284 785 3347 id
807 3283 1009 3349 Othonianis
1030 3283 1104 3357 tuit,
1124 3286 1236 3349 omnia
1257 3285 1381 3349 ducum
1397 3285 1483 3349 lacta

244 3418 345 3483 prave
382 3390 707 3457 aestimantibus-
738 3391 781 3461 ll,
813 3390 865 3456 αδ,
900 3390 1021 3455 lulium
1067 3392 1270 3457 Frontonem
1310 3391 1482 3456 tribunum

248 3501 478 3567 Othoniani...
494 3500 703 3584 (vinxerant,
721 3506 893 3585 tamquam
910 3498 1133 3584 proditionem
1168 3507 1283 3584 ageret
1302 3499 1393 3564 tratri
1422 3523 1483 3564 suo

245 3609 328 3673 lulio
361 3610 467 3672 Grato
501 3607 669 3694 praelecto
699 3613 887 3670 castrorum
921 3604 1111 3691 Caecinae).
1135 3644 1176 3655 -
1208 3605 1249 3676 ll.
1284 3607 1338 3683 34.
1370 3606 1459 3671 Otho

243 3717 335 3779 niani
357 3716 389 3779 in
413 3714 495 3777 Padi
526 3714 596 3799 ripa
629 3714 747 3777 turrim
777 3720 976 3776 struxerant
1001 3735 1148 3799 saxaque
1182 3721 1214 3777 et
1245 3714 1335 3777 laces
1354 3714 1480 3779 iacula·

243 3821 367 3888 bantur
403 3822 582 3907 (adversus
613 3819 837 3898 l'itellianosl.
861 3856 901 3867 -
924 3818 967 3895 ll,
991 3819 1044 3882 35.
1064 3819 1156 3898 Quae
1176 3829 1296 3884 cuncta
1325 3821 1358 3885 in
1375 3823 1482 3886 oculis

244 3931 418 4017 utriusque
457 3928 626 3992 exercitus
660 3935 788 4014 quanto
818 3925 957 3990 laetiora
990 3925 1192 3996 Vitellianis,
1240 3936 1335 3993 tanto
1372 3930 1483 3995 acrius

241 4037 422 4102 Othoniani
446 4058 582 4099 causam
613 4043 852 4121 auctoremque
877 4032 983 4097 cladis
1009 4033 1275 4099 detestabantur.
1297 4036 1399 4110 -ll,
1422 4041 1478 4115 4¹·

243 4146 329 4209 llum
355 4144 505 4228 legiones
539 4142 579 4205 de
607 4142 725 4205 ordine
748 4141 893 4225 agminis
913 4141 1112 4216 sortiuntur,
1141 4143 1271 4230 equites
1299 4167 1481 4232 prorupere

240 4262 329 4328 et...‚
353 4277 370 4314 a
405 4249 619 4337 paueiorihus
652 4247 853 4311 Othonianis
878 4248 1059 4335 quominus
1085 4248 1118 4311 in
1152 4248 1280 4313 vallum
1308 4251 1482 4339 impinge-n

240 4368 366 4435 rentur,
403 4357 535 4422 Italicae
560 4355 704 4442 legionis
742 4354 867 4419 virtute
895 4354 1047 4420 deterriti
1074 4365 1194 4421 sunt..
1227 4356 1329 4445 Apud
1374 4358 1480 4424 Otho-

242 4468 360 4532 nianos
408 4464 521 4552 pavidi
561 4464 676 4538 (luces,
715 4461 811 4526 miles
857 4461 1000 4526 ducibus
1044 4463 1237 4530 intensus...
1280 4464 1477 4544 -11.42.

240 4575 375 4637 Ornisso
391 4595 523 4659 pugnae
552 4570 669 4634 ardore.
697 4569 879 4634 Othoniani
903 4569 993 4634 ultro
1018 4569 1208 4635 salutavere
1234 4571 1477 4659 (Vitellianos),

196 4755 200 4763 Ι
245 4693 277 4746 et
311 4680 424 4744 hostili
460 4702 629 4742 murmure
651 4678 824 4764 excepti...
858 4676 1053 4751 Othoniani,
1084 4701 1288 4766 quamquam
1320 4679 1476 4768 dispersi.

240 4790 426 4878 pauciores,
460 4786 551 4860 lessi,
586 4785 750 4871 proelium
777 4793 888 4849 tamon
913 4784 1034 4849 aeriter
1067 4808 1252 4872 sumpsere.
1283 4824 1326 4835 -
1354 4788 1395 4862 ll,
1421 4792 1475 4868 lt.

228 5030 233 5062 ¹
257 5028 289 5076 Υ.
301 5028 382 5076 ctiam
403 5027 421 5087 l,
440 5028 479 5089 37,
497 5028 534 5076 38.
550 5043 589 5088 72,
605 5029 651 5088 843
674 5026 705 5076 11.
721 5040 756 5075 12.
770 5028 809 5075 ³2.
822 5027 861 5088 37.
