3709 6234
307 861 358 916 156
891 860 1013 913 CAESAR

349 1006 468 1070 civitas
483 1004 674 1094 loquitur...
695 1002 856 1068 Eiusdem
880 1003 985 1068 animi
1009 1011 1061 1069 est
1077 1002 1267 1091 Poppaeam
1283 1002 1397 1067 divam
1413 1025 1481 1066 non
1509 1025 1580 1067 cre·

347 1113 438 1185 dere,
455 1113 552 1178 cuius
569 1112 604 1176 in
625 1118 697 1176 acta
722 1111 799 1176 Divi
815 1112 964 1197 Augusti
979 1119 1013 1177 et
1028 1111 1106 1176 Divi
1128 1109 1205 1176 Iulii
1225 1132 1292 1174 non
1308 1110 1430 1176 iurare.
1453 1131 1531 1174 »-
1552 1109 1578 1187 Ι,

349 1224 402 1297 la.
421 1220 472 1294 ΙΙ.
491 1220 625 1305 tinius)
642 1227 720 1284 ante
733 1218 850 1283 aedem
866 1218 943 1283 Divi
965 1218 1039 1282 lulii
1060 1218 1162 1284 iacuit
1177 1217 1285 1306 primo
1314 1217 1382 1282 ictu
1409 1217 1443 1281 in
1465 1215 1577 1304 popli-

350 1336 429 1393 tem.
447 1366 491 1378 -
505 1327 531 1393 Ι,
548 1327 601 1393 50.
617 1352 631 1390 a
652 1326 819 1391 Mansisse
836 1326 921 1390 Gaio
949 1325 1046 1405 Iulio,
1074 1326 1239 1390 mansisse
1260 1327 1403 1390 Caesare
1422 1326 1580 1410 Augusto

348 1436 475 1501 victore
496 1435 715 1523 imperium...
737 1463 752 1493 o
778 1473 807 1484 -
830 1432 856 1514 Ι,
875 1435 930 1498 86.
950 1432 1107 1520 Prodigia
1124 1434 1262 1521 insuper
1280 1431 1491 1501 terrebant...
1511 1439 1580 1496 sta-

350 1552 440 1607 tuam
458 1542 535 1607 Divi
553 1542 628 1608 lulii
644 1543 678 1607 in
694 1540 804 1606 insula
825 1541 973 1606 Tiberini
988 1542 1098 1606 amnis
1112 1564 1230 1606 sereno
1247 1548 1280 1605 et
1296 1540 1435 1605 immoto
1450 1539 1505 1604 die
1538 1538 1579 1603 ab

347 1649 520 1715 occidente
548 1650 581 1714 in
610 1648 774 1713 orientem
798 1670 995 1713 conversam
1017 1701 1038 1714 ..
1060 1686 1099 1699 -
1127 1648 1151 1725 l,
1170 1673 1224 1736 90·
1247 1646 1352 1725 Quasi
1379 1646 1578 1712 dictatorem

348 1756 525 1821 Caesarem
546 1764 604 1821 aut
627 1756 862 1843 imperatorem
892 1757 1086 1841 ,lugustum
1107 1760 1403 1843 prosequerentur.
1434 1755 1479 1820 ita
1506 1761 1577 1819 stu·

347 1863 411 1926 diis
425 1863 580 1951 votisque
593 1862 780 1928 certabant.
805 1902 843 1914 -
867 1861 927 1932 ΙΙΙ,
946 1861 1000 1950 37.
1020 1861 1149 1927 Consul
1161 1885 1228 1926 uno
1244 1861 1339 1927 die...
1358 1861 1465 1928 luerat
1480 1862 1579 1926 Cani·

346 1970 422 2034 nius
438 1968 576 2034 Rebilus
588 1969 626 2036 C.
646 1971 789 2034 Caesare
809 1970 986 2045 dictatore,
1000 1991 1076 2033 cum
1093 1967 1172 2033 belli
1186 1968 1295 2032 civilis
1320 1969 1469 2056 praemia
1487 1967 1577 2032 lesti-

345 2085 517 2143 narentur.
535 2114 579 2127 -
595 2075 654 2157 ΙΙΙ,
670 2075 724 2145 66.
740 2076 874 2141 «Nona
891 2074 1034 2141 Caesare
1050 2076 1260 2164 Pompeium,
1278 2099 1346 2141 non
1360 2077 1401 2142 ab
1418 2077 1577 2162 Augusto

345 2184 533 2251 Antonium
546 2182 734 2249 incolumes
749 2182 897 2248 relictos.
912 2208 930 2245 n
947 2180 1066 2258 -ΙΙΙ,
1082 2180 1137 2246 68.
1152 2181 1341 2270 Repentina
1355 2182 1406 2247 vis
1427 2180 1576 2245 dictato--

346 2316 414 2358 rem
448 2291 626 2358 Caesarem
655 2297 881 2378 oppresserat.
903 2327 944 2338 -
976 2287 1033 2355 lt'.
1052 2287 1106 2353 55.
1135 2288 1240 2353 lulius
1262 2289 1448 2355 Sabinus...
1480 2289 1577 2374 (lere-

345 2400 416 2488 bat)
445 2400 618 2488 proaviam
643 2421 740 2463 suam
768 2397 855 2462 Divo
874 2397 958 2462 lulio
973 2420 1032 2485 per
1047 2396 1175 2461 Gallias
1196 2396 1337 2463 bellanti
1359 2419 1498 2482 corpore
1527 2406 1576 2462 at-

344 2530 409 2595 que
440 2505 604 2571 adulterio
641 2504 821 2592 placuisse.
852 2544 894 2552 —
923 2503 982 2584 IV,
1013 2502 1067 2589 57.
1099 2501 1299 2568 Obtestante
1328 2502 1431 2591 (apud
1460 2503 1578 2568 Gallos

346 2613 462 2700 Billio)
480 2612 647 2678 l'ocula...
663 2611 783 2676 melius
799 2612 885 2676 l)iv0
902 2610 988 2675 lulio
1005 2611 1158 2698 Divoquc
1173 2610 1331 2698 Augusto
1347 2618 1446 2676 notos
1460 2634 1575 2676 eorum

343 2721 475 2784 animos
497 2725 615 2808 (quam
631 2717 816 2804 Galbae)...
841 2757 880 2768 -
897 2718 1003 2784 (1'.28.
1027 2717 1217 2783 Validiores
1232 2716 1313 2782 olim
1329 2716 1507 2784 Gallorum
1524 2743 1576 2784 res

344 2828 448 2891 luisse
466 2828 581 2915 (quam
599 2827 863 2911 Germanorum)
876 2848 1032 2890 summus
1051 2833 1228 2891 auctorum
1249 2825 1357 2891 Divus
1387 2825 1492 2893 lulius
1511 2835 1576 2892 tra-

343 2934 403 3001 dit.
420 2972 461 2983 -
478 2936 531 3023 37.
549 2933 617 2998 N'ec
641 2934 778 3022 impune
793 2933 831 2999 C.
856 2933 984 2998 Marius
999 2934 1033 2997 in
1055 2932 1163 3011 ltalia,
1194 2932 1301 2997 Birus
1324 2932 1429 2998 lulius
1444 2934 1478 2999 in
1498 2932 1577 2998 Cal·

344 3043 429 3107 lia...
448 3041 665 3130 (Germanos)
681 3041 908 3128 perculerunt.
925 3076 971 3090 —
989 3040 1035 3111 Α,
1058 3038 1107 3104 13.
1126 3039 1262 3103 Primus
1276 3040 1429 3105 omnium
1452 3041 1575 3106 Boma-

344 3172 463 3214 norum
480 3149 586 3214 Birus
616 3148 722 3212 lulius
736 3171 813 3213 cunr
842 3147 993 3212 exercitu
1015 3147 1225 3211 Britanniam
1249 3148 1436 3235 ingressus,
1460 3172 1576 3237 quam·

342 3279 442 3343 quam
457 3279 617 3345 prospera
633 3279 745 3343 pugna
766 3256 923 3320 terruerit
943 3254 1071 3319 incolas
1087 3278 1125 3319 ac
1139 3253 1238 3319 litore
1249 3254 1377 3342 potitus
1392 3256 1447 3334 sit,
1466 3263 1577 3344 potest

342 3364 449 3428 videri
464 3364 654 3428 ostendisse
666 3363 822 3450 posteris,
841 3385 907 3426 non
926 3361 1118 3427 tradidisse.
1138 3399 1180 3412 -
1203 3359 1252 3428 15.
1272 3362 1427 3427 Britanni
1447 3363 1577 3449 agitare

344 3472 430 3536 inter
456 3495 491 3534 se
517 3472 603 3535 mala
636 3471 850 3535 servitutis...
885 3500 899 3530 κ
926 3469 1133 3534 Beccssuros
1165 3469 1378 3558 (Romanos),
1407 3478 1443 3535 ut
1471 3469 1577 3535 Birus

345 3578 448 3642 lulius
464 3579 669 3657 recessisset,
695 3577 795 3641 modo
818 3578 978 3641 virtutem
1014 3577 1176 3641 maiorum
1202 3600 1341 3642 suorum
1364 3576 1576 3643 aemularen-

342 3693 396 3749 tur
417 3709 445 3750 n.
463 3688 557 3752 -o,
579 3684 947 3775 17.‹1.0quitu=·.=tpert
983 3708 999 3748 a
1032 3683 1234 3748 Nostrorum
1255 3694 1444 3772 temporum
1469 3686 1576 3750 diser-

343 3794 384 3855 tis
399 3801 602 3880 anteponere
614 3791 772 3858 soletis...
792 3792 989 3855 Ciceronem
1002 3791 1223 3856 etCaesarem
1233 3799 1266 3856 et
1282 3791 1434 3857 Caelium
1451 3801 1486 3857 et
1501 3791 1576 3858 Cal-

343 3923 420 3963 vum
436 3908 469 3964 et
490 3902 627 3964 Brutum
645 3908 678 3963 et
695 3900 853 3963 Asinium
870 3906 902 3964 et
919 3897 1144 3964 Messalam...
1178 3899 1252 3985 lpse
1266 3922 1329 3986 ego
1350 3900 1383 3964 in
1402 3900 1574 3965 Britannia

343 4006 410 4069 ridi
427 4030 554 4077 senem.
572 4008 629 4093 qui
654 4029 690 4069 se
712 4006 874 4071 fateretur
892 4007 922 4070 ei
938 4029 1072 4094 pugnae
1088 4005 1294 4076 interfuisse.
1311 4030 1377 4094 qua
1396 4009 1574 4074 Caesarem

343 4114 540 4178 inserentem
555 4136 645 4177 arma
663 4114 812 4178 Britanni
828 4136 941 4178 arcere
959 4113 1157 4179 litoribuset
1174 4113 1298 4201 pellere
1313 4115 1465 4201 adgressi
1481 4125 1572 4183 sunt.

341 4220 387 4285 lta
405 4222 432 4283 si
448 4243 537 4297 eum,
561 4222 618 4308 qui
634 4230 786 4286 armatus
802 4220 840 4288 C.
855 4221 992 4285 Caesari
1008 4221 1145 4301 restitit,
1171 4221 1226 4285 vel
1241 4222 1421 4309 captivitas
1447 4223 1502 4288 vel
1521 4248 1574 4287 ro-

342 4328 455 4393 luntas
471 4327 521 4391 vel
542 4328 646 4393 latum
663 4327 801 4416 aliquod
835 4330 868 4393 in
885 4327 1003 4392 urbem
1024 4330 1257 4416 pertraxisset.
1287 4352 1393 4417 aeque
1419 4330 1508 4394 idem
1542 4339 1575 4397 ct

341 4438 520 4499 Caesarem
548 4436 657 4523 ipsum
688 4444 719 4500 et
737 4436 934 4501 Ciceronem
964 4436 1080 4500 audire
1103 4437 1213 4524 potuit
1232 4444 1265 4502 ct
1296 4438 1421 4503 nostris
1440 4462 1575 4527 quoque

342 4542 531 4607 actionibus
547 4543 709 4608 interesse
730 4572 758 4608 o,
777 4580 805 4590 -
838 4568 890 4610 αι.
915 4569 930 4607 a
950 4543 1185 4608 Concedamus
1200 4566 1280 4608 sane
1296 4543 1334 4611 C.
1361 4546 1511 4622 Caesari,
1539 4555 1575 4612 ut

341 4657 477 4738 propter
493 4649 762 4735 magnitudinem
778 4650 1021 4735 cogitationum
1038 4659 1070 4715 ct
1085 4651 1323 4738 occupationes
1339 4675 1451 4717 rerum
1464 4654 1575 4718 minus

341 4758 375 4820 in
399 4754 591 4842 eloquentia
606 4756 765 4824 ellecerit.
778 4779 878 4844 quam
893 4756 1044 4821 divinum
1061 4757 1133 4821 eius
1148 4758 1321 4845 ingenium
1337 4760 1573 4846 postulabat...

342 4863 415 4927 Nisi
431 4862 516 4927 lorte
532 4864 711 4951 quisquam
723 4872 781 4929 aut
798 4865 953 4929 Caesaris
969 4888 1030 4953 pro
1046 4865 1148 4930 Decio
1163 4864 1314 4931 Samnite
1330 4875 1388 4932 aut
1408 4866 1503 4933 Bruti
1514 4891 1575 4956 pro

344 4971 500 5034 Deiotaro
514 4994 592 5056 rege
620 4979 818 5061 ceterosque
837 4973 988 5037 eiusdem
1015 4971 1230 5039 lentitudinis
1259 4997 1297 5039 ac
1321 4976 1448 5062 teporis
1470 4976 1575 5042 libros
