3709 6234
760 902 881 955 BATAVI
1408 896 1459 953 123

223 1044 308 1111 tio...
334 1081 368 1092 -
390 1043 447 1124 lV,
471 1066 520 1109 ιο.
537 1044 622 1109 Tum
638 1043 795 1109 invectus
805 1050 857 1109 est
868 1042 1048 1108 Musonius
1065 1040 1175 1107 Rulus
1187 1040 1222 1106 in
1236 1042 1275 1108 P.
1290 1040 1456 1114 Celerem.

222 1174 241 1216 a
266 1175 335 1242 quo
365 1150 504 1217 barcam
533 1153 701 1218 Soranum
731 1150 816 1216 lalso
836 1149 1032 1216 testimonio
1047 1148 1316 1214 circumventum
1341 1171 1459 1234 argue·

221 1258 321 1327 bat...
339 1259 462 1325 Sorani
477 1265 594 1325 sancta
616 1259 779 1324 memoria
799 1258 917 1347 (erat);
934 1256 1031 1323 Celer
1054 1255 1228 1344 prolessus
1243 1255 1456 1345 sapientiam,

220 1366 298 1433 dein
315 1367 412 1432 testis
425 1368 459 1432 in
472 1369 625 1444 Baream,
638 1366 1044 1455 proditorcorruptorque
1056 1363 1222 1429 amicitiae
1242 1415 1263 1430 ..
1280 1404 1322 1415 —
1333 1367 1391 1451 lV,
1401 1365 1456 1439 do.

222 1475 341 1563 Repeti
376 1475 453 1540 inde
468 1475 698 1562 cognitionem
730 1474 819 1539 inter
833 1473 1029 1539 Musonium
1058 1470 1184 1537 llulnm
1197 1480 1230 1537 et
1251 1473 1288 1538 P.
1306 1473 1457 1544 Celerem

221 1582 348 1672 placuit
362 1581 609 1670 damnatusque
624 1581 767 1646 Publius
790 1588 824 1646 et
842 1580 962 1646 Sorani
978 1578 1133 1645 manibus
1153 1580 1393 1652 satisfactum¹.

178 1688 457 1768 BABGIOBAS,
480 1712 513 1755 v.
536 1686 1026 1754 lOANNESBAllGlOBAS.

177 1795 368 1862 BAlllVM.
386 1836 430 1847 -
463 1795 512 1872 16,
543 1820 576 1884 9.
604 1795 676 1883 (L.)
693 1794 870 1863 Silanus...
893 1793 1078 1882 municipio
1092 1792 1248 1882 Apuliae,
1264 1796 1318 1861 cui
1335 1820 1456 1863 nomen

221 1905 358 1969 Barium
374 1911 438 1980 est,
453 1904 634 1969 clauditur.

179 2010 443 2078 anltlbltst
467 2050 511 2098 ··.
533 2012 577 2091 ll,
596 2016 649 2100 78.
669 2011 770 2100 (Divo
791 2010 961 2097 Carmelo)
983 2010 1185 2076 sacrificanti
1205 2011 1456 2100 Vespasiano...

221 2117 387 2186 Basilides
402 2119 559 2185 sacerdos
579 2119 742 2207 inspectis
753 2118 937 2184 identidem
953 2120 1084 2184 extis..

180 2226 442 2292 BASlLlDES³.
459 2265 502 2276 —
527 2225 583 2306 lV,
607 2228 661 2291 82.
685 2226 943 2314 (Vespasianus)
959 2226 1133 2314 ingressus
1155 2225 1333 2314 (templum
1357 2228 1458 2294 Sera-

219 2333 321 2422 pidis)
354 2334 571 2423 intentusque
600 2333 731 2399 numini
764 2333 912 2422 respexit
939 2356 1026 2420 pone
1048 2341 1180 2418 tergum
1206 2356 1223 2398 e
1250 2333 1456 2421 primoribus

219 2442 467 2529 Aegyptiorum
483 2443 618 2508 nomine
639 2442 822 2522 Basiliden,
838 2465 939 2530 quem
955 2442 1072 2530 procul
1087 2440 1338 2508 Alexandria...
1354 2466 1457 2531 aegro

218 2571 359 2636 corpore
378 2547 522 2614 detineri
546 2548 637 2614 haud
666 2548 855 2635 ignorabat.
888 2549 1111 2614 Percontatur
1140 2548 1344 2630 sacerdotes,
1377 2574 1458 2616 num

218 2654 277 2720 illo
296 2655 351 2721 die
368 2655 532 2721 Basilides
548 2655 712 2744 templum
728 2656 889 2725 inisset...
903 2657 996 2721 Tunc
1013 2655 1162 2720 divinam
1178 2657 1325 2745 speciem
1341 2666 1374 2723 et
1389 2658 1456 2723 vim

218 2763 371 2852 responsi
387 2786 427 2828 ex
442 2764 578 2828 nomine
595 2763 754 2829 Basilidis
769 2763 1012 2852 interpretatus
1029 2770 1093 2829 est.

183 2869 360 2951 BASSVS,
383 2894 416 2936 v.
435 2868 714 2937 CAESELLIVS
740 2870 919 2948 BASSVS,
940 2869 1148 2935 LVClLlVS
1170 2871 1354 2938 BASSVS.

181 2976 463 3043 BASTABNAE.
491 3015 535 3027 -
559 3002 591 3055 2,
613 2977 667 3043 65.
699 2978 957 3066 (Rhescuporis)
987 2977 1123 3065 scripsit
1161 2977 1202 3043 ad
1244 2979 1455 3050 Tiberium...

217 3083 327 3150 Simul
351 3082 480 3150 bellum
510 3083 672 3149 adversus
702 3085 885 3149 Bastarnas
907 3083 919 3123 ⁴
942 3083 1155 3173 Scythasque
1191 3086 1455 3173 praetendens..

216 3232 259 3245 ·-
276 3193 314 3257 G.
329 3192 383 3269 46.
401 3193 552 3273 Peucini,
565 3215 651 3281 quos
665 3192 803 3281 quidam
820 3194 1004 3257 Bastarnas
1015 3201 1150 3273 vocant,
1166 3217 1333 3277 sermono,
1349 3195 1455 3270 cultu.

218 3299 299 3366 sede
317 3323 356 3365 ac
372 3300 552 3365 domiciliis
568 3309 605 3366 ut
620 3300 781 3365 Germani
802 3307 918 3387 agunt.

181 3405 598 3474 BATAVODVBVM.—
628 3407 669 3486 V,
700 3432 752 3473 20.
790 3406 1004 3472 Praesidia...
1054 3406 1173 3471 Civilis
1213 3408 1457 3498 quadripertito

218 3515 431 3601 (invasit)...,
451 3514 660 3600 legionem...
679 3512 863 3579 secundam
883 3514 1130 3583 Batavoduri...
1158 3514 1296 3581 Interim
1316 3517 1457 3581 Germa-

219 3644 340 3687 norum
392 3644 513 3686 manus
560 3620 766 3687 Batavoduri
809 3620 1053 3708 interrumpere
1085 3621 1280 3688 inchoatum
1319 3631 1456 3711 pontem

219 3727 427 3795 nitebantur.

182 3836 362 3912 BATAVL
386 3835 607 3902 BATAVVS.
624 3874 668 3886 -
693 3860 725 3916 a,
743 3837 774 3901 b'.
794 3835 908 3903 lnsula
925 3836 1143 3917 Batavorum,
1162 3837 1196 3901 in
1210 3860 1312 3925 quam
1326 3862 1456 3905 conve-

218 3945 331 4010 nirent
359 3943 478 4031 (naves
506 3967 524 4008 a
553 3943 755 4009 Germanico
794 3943 1001 4031 fabricatae),
1050 3944 1222 4034 praedicta
1265 3945 1308 4012 ob
1341 3945 1457 4014 faciles

218 4050 424 4141 adpulsus...
446 4088 490 4099 -
515 4075 546 4128 2,
564 4052 596 4116 8.
615 4050 828 4116 Postremum
844 4051 1048 4116 auxiliorum
1072 4075 1193 4139 agmen
1211 4053 1398 4144 Batavique
1420 4056 1455 4121 in

219 4176 312 4255 parte
327 4190 378 4241 ea,
402 4166 481 4231 dum
501 4165 668 4232 insultant
687 4166 784 4255 aquis
799 4176 974 4256 artemque
990 4168 1105 4250 ,nandi
1125 4175 1311 4250 ostentant,
1330 4169 1456 4236 turbati
1542 4156 1552 4166 ⁸

218 4281 251 4339 et
273 4273 413 4362 quidam
437 4273 548 4338 hausti
573 4281 664 4339 sunt.
691 4313 735 4323 —
760 4298 791 4355 2,
827 4298 876 4338 rr.
908 4273 1133 4340 Chariovalda
1156 4275 1226 4340 dux
1251 4275 1455 4344 batavorum

219 4382 267 4468 (in
281 4380 432 4446 exercitu
446 4380 639 4446 Germanici
659 4381 938 4471 merentium).—
956 4381 981 4463 l,
999 4383 1053 4471 59.
1074 4382 1180 4448 lulius
1199 4382 1320 4449 deinde
1335 4382 1456 4449 Civilis

218 4486 368 4576 periculo
381 4494 559 4577 exemptus
579 4488 612 4575 (a
626 4487 790 4574 Vitellio),
812 4496 1015 4577 praepotens
1029 4490 1118 4555 inter
1138 4490 1297 4568 Batavos,
1314 4514 1356 4557 ne
1370 4516 1456 4580 sup-

208 4704 215 4737 ¹
231 4704 263 4753 V.
281 4706 364 4754 etiam
380 4704 416 4760 16.
428 4705 467 4754 δι.

207 4784 357 4842 ²Proser..
379 4786 419 4833 ⁵2.

207 4864 218 4898 ³
232 4866 353 4927 Prason,
366 4868 406 4915 δι.

207 4942 217 4977 ⁴
233 4944 258 4995 Ι
270 4961 276 4994 :
287 4944 440 4995 basternas.
452 4945 529 4996 Corr.
540 4947 695 4997 Rhenanus.
708 4975 736 4985 -
749 4966 761 4996 ι
774 4951 924 5000 Bastarnae
939 4950 987 4999 hat
996 4950 1045 4999 das
1061 4949 1131 5000 tlon.
1144 4950 1265 5013 damst,
1276 4950 1299 5011 5,
1312 4967 1328 4999 u
1346 4950 1454 5012 Onmm.

182 5025 221 5091 75⁰
238 5043 250 5070 ι
267 5026 610 5089 ,xeo-enner-Asunuses).
