3709 6234
765 859 877 913 FABIVS
896 862 1018 914 valuns
1486 854 1536 914 271

298 999 342 1080 ΙΙ,
362 1024 416 1090 ²9·
436 1001 622 1089 Postquam
645 1002 805 1067 immissis
820 1002 997 1068 lictoribus
1020 1002 1144 1068 Valens
1164 1026 1316 1068 coercere
1337 1003 1537 1069 seditionem

297 1109 487 1197 coeptabat,
505 1110 616 1197 ipsum
636 1110 858 1198 invadunt.‚.,
881 1110 990 1198 spolia
1017 1109 1206 1176 Galliarum
1235 1119 1269 1177 et
1291 1110 1536 1177 Viennensium

297 1239 457 1284 aurum...
475 1218 644 1284 occultare
659 1217 914 1284 clamitantes...
934 1218 1060 1283 Valens
1073 1218 1187 1283 servili
1207 1227 1302 1284 veste
1324 1219 1414 1307 apud
1435 1220 1537 1284 decu-

297 1324 425 1390 rionem
443 1327 594 1414 equiturn
609 1325 826 1414 tegebatur...
843 1325 887 1390 Vt
904 1349 983 1390 vero
999 1325 1160 1391 deformis
1175 1332 1209 1392 et
1232 1328 1318 1391 tlens
1342 1335 1375 1392 et
1404 1335 1537 1415 practer

296 1456 390 1520 spem
406 1433 585 1498 incolumis
602 1434 726 1498 Valens
743 1434 927 1521 processit,¹
942 1433 1116 1520 gaudium,
1138 1434 1324 1515 miseratio,
1339 1433 1474 1501 lavor...
1489 1472 1532 1482 -

300 1539 341 1614 ΙΙ,
364 1542 417 1607 30.
444 1541 675 1606 Munientibus
706 1550 816 1607 castra
844 1540 933 1630 apud
955 1542 1109 1606 Ticinum
1141 1541 1183 1607 de
1208 1541 1349 1607 adversa
1372 1542 1536 1608 Caecinae

299 1671 411 1737 pugna
431 1648 595 1726 adlatum,
615 1656 649 1713 et
678 1673 780 1736 prope
808 1657 967 1714 renovata
1000 1649 1132 1730 seditio,
1159 1657 1331 1738 tamquam
1358 1648 1476 1715 fraude
1503 1656 1537 1716 et

297 1756 570 1823 cunctationibus
585 1756 738 1822 Valentis
753 1756 881 1844 proelio
894 1757 1122 1823 defuissent...
1148 1757 1358 1846 lmprospera
1383 1756 1537 1823 Valentis

298 1864 385 1929 larua
406 1864 495 1953 apud
508 1865 694 1930 exercitum
710 1865 873 1931 Caecinae
897 1873 1009 1931 crat...
1023 1864 1066 1930 Et
1087 1887 1292 1954 qtramquam
1304 1864 1382 1953 plus
1396 1865 1533 1946 virium,

297 1996 399 2060 prope
432 1972 624 2059 duplicatus
642 1972 814 2058 legionum
835 1972 1105 2061 auxiliorumque
1126 1996 1285 2038 numerus
1303 1980 1375 2038 erat
1387 1972 1534 2054 Valenti,

298 2079 409 2145 studia
424 2088 535 2146 tamen
544 2080 688 2146 militum
700 2081 733 2144 in
747 2081 924 2146 Caecinam
937 2079 1155 2146 inclinabant.
1165 2134 1171 2147 .
1180 2132 1186 2147 .
1195 2119 1238 2130 -·
1248 2080 1290 2162 ll,
1301 2080 1337 2144 31
1348 2132 1354 2144 .
1367 2080 1536 2146 Coniunc-

298 2187 341 2252 tis
357 2187 520 2254 Caecinae
545 2212 582 2253 ac
596 2187 750 2253 Valentis
765 2188 872 2275 copiis
882 2188 975 2253 nulla
992 2187 1079 2253 ultra
1093 2211 1197 2275 penes
1211 2188 1238 2249 V
1242 2187 1411 2254 itellianos
1428 2211 1533 2270 mora,

296 2295 377 2384 quin
404 2297 485 2363 totis
523 2296 652 2361 viribus
685 2304 925 2362 certarent-
946 2295 988 2373 ll,
1016 2298 1068 2371 lr.
1097 2294 1283 2361 Caecina...
1312 2303 1467 2361 revectus
1500 2295 1535 2359 in

297 2413 407 2471 castra
427 2405 542 2471 datum
558 2406 653 2471 iussu
675 2404 769 2470 l'abii
794 2404 948 2469 Valentis
963 2427 1096 2492 pugnae
1112 2403 1248 2490 signum
1278 2411 1312 2469 et
1336 2403 1479 2469 militem
1500 2403 1534 2468 in

297 2513 400 2578 armis
416 2514 556 2579 invenit.
575 2554 614 2562 —
633 2512 676 2593 ΙΙ,
691 2514 744 2589 43.
773 2512 923 2577 Ducibus
950 2511 1094 2577 Othonis
1114 2512 1181 2576 iam
1210 2512 1340 2600 pridem
1367 2511 1531 2599 profugis,

297 2620 441 2687 Caecina
465 2646 503 2687 ac
532 2620 658 2685 Valens
697 2618 858 2685 subsidiis
892 2642 972 2684 suos
1001 2618 1192 2685 lineabant.
1223 2618 1326 2700 -ΙΙ,
1354 2620 1407 2683 ι’)ι.
1438 2618 1535 2706 (Post

297 2728 399 2796 funus
428 2730 573 2795 Othonis
607 2728 745 2815 milites)
773 2727 815 2792 ad
837 2727 1034 2814 Verginium
1055 2726 1156 2808 versi,
1181 2726 1281 2791 modo
1309 2734 1348 2792 ut
1373 2724 1535 2814 reciperet

296 2837 486 2926 imperium.
505 2860 593 2902 nunc
610 2846 647 2902 ut
662 2836 831 2923 legatione
843 2834 934 2923 apud
950 2835 1130 2900 Caecinam
1151 2857 1189 2899 ac
1205 2833 1383 2900 Valentem
1411 2833 1532 2921 lunge·

296 2953 398 3023 retur,
418 2945 613 3010 minitantes
624 2943 777 3009 orabant.
795 2981 838 2991 -
855 2942 898 3015 ΙΙ,
917 2941 972 3021 5Ι,
988 2942 1101 3007 Donec
1118 2942 1240 3007 missae
1253 2941 1306 3007 all
1309 2941 1385 3007 abio
1393 2940 1533 3007 Valente

295 3053 459 3141 epistulae
473 3052 647 3117 demerent
661 3059 787 3116 metum
802 3049 1107 3138 (senatoribus,qui
1123 3049 1292 3116 Othonem
1305 3049 1410 3115 secuti
1424 3050 1532 3114 Bono·

296 3161 370 3225 niae
390 3159 664 3248 agebant).-ll‚
681 3158 734 3223 55.
755 3158 927 3223 Recitatae
944 3157 1086 3246 (Itomae
1102 3157 1135 3221 in
1157 3158 1290 3245 senatu)
1304 3155 1398 3221 Fabii
1411 3155 1531 3221 Valen-

295 3268 339 3333 tis
354 3266 517 3356 epistulae
533 3267 575 3332 ad
585 3267 743 3331 consules
756 3266 900 3352 scriptae
917 3264 1006 3329 haud
1020 3264 1238 3329 immoderate
1252 3284 1259 3345 ;
1275 3264 1402 3351 gratior
1415 3263 1532 3329 Caeci·

295 3398 357 3441 nae
378 3374 543 3440 modestia
564 3374 638 3445 luit.
661 3373 752 3462 quod
773 3395 839 3438 non
860 3373 1064 3461 scripsisset.
1087 3371 1189 3452 -ΙΙ,
1209 3370 1260 3436 56.
1288 3368 1402 3436 Minus
1422 3369 1532 3436 avari·

295 3483 359 3548 tiae
388 3483 422 3548 in
438 3482 594 3558 Caecina,
621 3480 698 3569 plus
725 3480 920 3545 ambitionis
940 3500 946 3554 ;
966 3479 1092 3545 Valens
1107 3479 1150 3544 ob
1185 3478 1276 3545 lucra
1303 3487 1336 3544 et
1369 3487 1531 3567 quaestus

294 3590 428 3655 internis
468 3612 573 3679 eoque
615 3589 745 3654 alienae
786 3589 886 3653 ctiam
916 3587 1035 3675 culpae
1073 3585 1371 3652 dissimulator.-
1394 3585 1437 3666 ll,
1473 3586 1528 3674 59,

294 3698 433 3764 Praesto
448 3698 539 3763 luero
554 3695 719 3782 (Vitellio)
735 3695 916 3782 Luguduni
931 3695 1120 3760 victricium
1138 3694 1370 3782 victarumque
1385 3694 1531 3781 partium

292 3805 407 3871 duces.
442 3805 619 3870 Valentem
651 3812 684 3869 ct
707 3804 887 3869 Caecinam
926 3827 986 3891 pro
1026 3802 1183 3868 contione
1221 3800 1376 3868 laudatos
1423 3800 1531 3866 curuli

295 3936 374 3979 suae
424 3913 678 4001 circumposuit.
721 3911 839 3988 -ΙΙ,
877 3911 932 4001 67.
974 3911 1118 3976 Caecina
1162 3909 1360 3988 Cremonae,
1405 3909 1530 3976 t'alens

295 4021 464 4087 Bononiae
491 4020 723 4109 spectaculum
749 4018 974 4106 gladiatorum
1005 4018 1104 4084 edere
1136 4018 1312 4106 parabant.
1338 4056 1372 4067 —
1403 4015 1445 4097 ΙΙ,
1475 4042 1527 4107 70.

292 4130 445 4197 Aderant
459 4130 585 4196 Valens
598 4138 631 4195 et
647 4130 790 4195 Caecina
806 4126 1267 4216 monstrabantque(Vitellio
1284 4123 1531 4214 Bedriacensis)

292 4264 425 4329 pugnae
444 4239 550 4304 locos.
573 4281 602 4289 -
628 4237 669 4302 ll.
685 4262 738 4324 7³.
758 4236 844 4300 Exin
859 4236 1030 4300 Bononiae
1046 4259 1064 4300 a
1082 4234 1185 4300 Fabio
1206 4232 1349 4299 Valente
1366 4232 1530 4319 gladiato·

292 4371 367 4414 rum
383 4346 612 4436 spectaculum
632 4344 782 4410 editur...
804 4341 847 4408 Vt
863 4344 998 4408 Valenti
1015 4350 1049 4408 et
1064 4342 1227 4408 Caecinae
1251 4361 1377 4406 vacuos
1393 4339 1530 4404 honoris

293 4478 426 4523 menses
439 4456 583 4544 aperiret
594 4451 935 4540 (Jl'itcllius),eourtati
951 4451 1093 4515 aliorum
1108 4448 1400 4514 consulatus...-—
1417 4447 1460 4529 ΙΙ,
1474 4466 1527 4535 77.

292 4564 419 4652 (Verba
435 4563 514 4628 lacit
529 4561 618 4650 apud
640 4561 886 4649 Vespasianum
915 4557 1108 4643 Mucianus)
1140 4581 1156 4620 a
1189 4556 1294 4621 Nobis
1328 4552 1411 4619 nibil
1440 4555 1530 4620 ultra

290 4672 472 4759 adrogabo,
488 4694 589 4760 quam
609 4693 650 4734 ne
678 4678 754 4757 post
769 4668 946 4733 Valentem
962 4673 995 4731 et
1010 4664 1189 4731 Caecinam
1204 4682 1420 4728 numeremur
1435 4689 1463 4726 n.
1486 4696 1529 4710 -

290 4779 334 4864 ΙΙ,
350 4805 405 4870 92.
420 4777 607 4866 (Vitellius)
625 4784 865 4865 praeposuerat
879 4771 1102 4862 praetorianis
1119 4770 1303 4837 Publilium
1319 4769 1526 4836 Sabinum...

292 4887 412 4954 lulium
425 4887 620 4952 Priscum...
640 4883 948 4963 l'riscusValentiS,
961 4880 1108 4948 Sabinus
1121 4879 1284 4946 Caecinae
1301 4878 1408 4965 gratia
1424 4875 1530 4965 polle·

290 4996 383 5062 bant.
407 4995 499 5060 lnter
526 4993 699 5058 discordes
726 4991 863 5057 Vitellio
898 4989 981 5055 nibil
1014 4987 1237 5055 auctoritatis.
1251 4984 1369 5053 blunia
1397 4981 1529 5073 imperii
