3709 6234
286 798 337 856 158
840 805 1007 858 elusanus

287 946 655 1024 Nltltt'.l(1.-ll‹ls.alr,
673 969 706 1012 r.
731 947 902 1014 NERVA.

286 1053 517 1119 'l'llAlANl'S
528 1053 753 1139 (CAESAR),
769 1077 804 1121 r.
827 1054 1072 1119 TRAIANVS.

287 1161 482 1237 CAESAR,
523 1160 747 1226 CAESARIS
792 1160 1087 1229 VOCABl'lA'll.
1111 1198 1153 1207 -
1185 1158 1281 1243 1,62.
1316 1160 1496 1225 Caesarem
1529 1181 1563 1223 sc

330 1267 492 1356 appellari
508 1268 609 1332 etiam
632 1267 739 1331 victor
766 1264 939 1352 probibuit
966 1265 1125 1332 Vitellius
1154 1305 1197 1315 -
1214 1264 1257 1343 ll,
1284 1265 1339 1332 62.
1375 1249 1563 1355 (Vitellius)

330 1376 504 1463 praemisit
522 1375 556 1439 in
571 1374 689 1439 urbem
706 1372 866 1454 edictum,
883 1396 950 1461 quo
970 1373 1175 1439 vocabalum
1211 1373 1360 1460 Augusti
1400 1373 1561 1452 differret,

330 1481 485 1549 Caesaris
501 1505 566 1548 non
583 1482 783 1570 reciperet...

286 1590 544 1656 CAESAREA.
562 1629 605 1638 —
622 1590 665 1666 ll,
682 1614 735 1678 79.
755 1589 950 1653 Discessere
972 1588 1150 1653 Mucianus
1172 1588 1404 1662 Antiochiam,
1435 1588 1564 1676 Vespa-

329 1698 444 1763 sianus
460 1697 661 1763 Caesaream
678 1717 685 1775 ;
702 1695 759 1761 illa
776 1695 906 1782 Syriae,
922 1695 985 1760 hoc
1003 1695 1145 1761 Iudaeae
1161 1703 1263 1785 caput
1276 1703 1339 1762 est.

287 1805 537 1881 CAliSAltliS,
561 1804 811 1869 CAESARVM
826 1803 1033 1884 Fanum,
1067 1803 1319 1870 CAIlSAllVll
1336 1802 1501 1870 DOMVS.
1520 1842 1561 1853 -

334 1937 360 1987 r,
379 1911 410 1976 3.
427 1914 646 1999 Augustus..
663 1910 797 1998 genitos
811 1910 963 1999 Agrippa
984 1911 1107 1976 Gaium
1120 1935 1158 1976 ac
1176 1911 1317 1977 Lucium
1334 1912 1368 1976 in
1400 1910 1563 1976 familiam

329 2021 511 2085 Caesarum
539 2019 730 2084 induxerat,
749 2055 791 2066 -
833 2040 918 2094 ι,ιο.
938 2018 1074 2084 Livia...
1103 2018 1217 2106 gravis
1236 2019 1352 2084 domui
1382 2018 1563 2085 Caesarum

329 2150 484 2192 noverca.
502 2165 547 2178 -
567 2151 593 2196 r.
610 2129 663 2215 74.
682 2125 825 2190 Addidit
853 2125 961 2213 Hispo
984 2134 1131 2191 statuam
1157 2125 1311 2193 Marcelli
1337 2127 1439 2192 altius
1463 2149 1564 2215 quarn

329 2237 511 2300 Caesarum
532 2235 644 2300 sitam.
681 2272 723 2281 —
756 2258 786 2313 2,
806 2257 858 2322 ²7·
892 2233 1039 2297 Firmius
1073 2235 1177 2300 Catus
1202 2243 1349 2316 senator,
1371 2258 1413 2300 ex
1446 2234 1564 2299 intima

329 2342 468 2408 Libonis
488 2342 647 2421 amicitia,
666 2341 863 2406 iuvenem...
883 2340 1031 2428 impulit,
1043 2340 1124 2405 dum
1140 2365 1305 2429 proavum
1322 2341 1562 2430 Pompeium...

330 2450 550 2515 consobrinos
563 2448 752 2514 Caesares..
785 2455 993 2515 ostentat-
1007 2472 1036 2526 a,
1059 2449 1111 2512 3ο.
1130 2449 1205 2514 l'no
1214 2456 1327 2516 tamen
1338 2448 1454 2514 libello
1463 2472 1564 2514 manu

331 2557 470 2621 libonis
483 2555 678 2621 nominibus
694 2556 877 2621 Caesarum
900 2562 959 2621 aut
979 2563 1173 2621 senatorum
1193 2556 1326 2622 additas
1346 2563 1477 2622 atroces
1510 2555 1565 2621 rel

331 2663 482 2728 occultas
499 2672 596 2729 notas
611 2671 787 2729 accusator
802 2663 976 2750 arguebat.
992 2701 1036 2714 -
1052 2687 1083 2739 a,
1101 2666 1155 2741 ta.
1189 2664 1234 2730 Vt
1264 2688 1360 2730 versa
1381 2664 1564 2731 Caesarum

332 2770 450 2835 subole
486 2771 663 2859 imperium
706 2771 848 2858 adeptus
880 2778 933 2836 est
971 2771 1196 2858 (Tiberius)...
1227 2811 1270 2820 —
1296 2797 1328 2855 a,
1354 2773 1408 2850 61.
1438 2771 1565 2838 Structi

331 2888 362 2943 et
408 2901 505 2943 arcus
544 2879 671 2943 circum
703 2879 809 2943 latera
846 2877 965 2966 templi
1005 2877 1125 2944 Martis
1165 2878 1292 2944 Vltoris
1341 2902 1417 2944 cum
1455 2877 1566 2965 effigie

332 2987 527 3051 Caesarum.
565 3025 608 3034 —
635 3010 666 3061 2,
710 2986 764 3074 76.
808 2985 924 3073 (Apud
975 2986 1038 3052 Cn.
1080 2986 1239 3051 Pisonem
1272 2987 1320 3054 M.
1361 2987 1441 3052 Piso
1476 2985 1566 3050 tilius

332 3093 574 3182 disserebant„
643 3116 708 3157 non
761 3092 941 3157 duraturos
984 3094 1018 3158 in
1075 3094 1228 3181 partibus
1289 3094 1391 3180 (eius)
1450 3101 1565 3159 centu·

332 3202 442 3267 riones
463 3201 667 3289 militesque,
684 3199 775 3288 apud
789 3224 917 3288 quos...
935 3201 1069 3288 penitus
1085 3201 1209 3267 infixus
1229 3202 1263 3265 in
1288 3201 1448 3267 Caesares
1473 3223 1566 3265 amor

330 3308 550 3396 praevaleret.
577 3344 610 3356 -
633 3308 663 3382 3,
692 3331 723 3396 9.
759 3307 877 3374 Piso...
905 3307 1016 3373 'l'iberi
1041 3307 1244 3375 derectus..
1285 3332 1407 3374 navem
1434 3307 1565 3373 tumulo

329 3416 511 3482 Caesarum
544 3415 761 3502 adpulerat...
800 3454 842 3463 —
876 3416 907 3491 3,
927 3440 979 3503 ²9-
1017 3416 1223 3503 (lmperante
1257 3419 1429 3504 Augusto)
1471 3417 1566 3482 initia

328 3525 454 3610 lastigii
469 3523 670 3588 Caesaribus
693 3531 789 3587 erant
811 3524 987 3611 magisque
1007 3524 1041 3587 in
1057 3523 1164 3588 oeulis
1184 3531 1282 3590 vetus
1310 3548 1395 3588 mos.
1420 3566 1448 3575 -
1474 3526 1510 3601 t,
1533 3525 1563 3591 3.

331 3632 435 3697 Plena
452 3632 634 3695 Caesarum
651 3630 784 3706 domus,
803 3630 936 3694 iuvenis
958 3629 1049 3696 tilius
1076 3631 1243 3720 (Tiberii),
1285 3639 1427 3720 nepotes
1457 3631 1566 3697 adulti

332 3762 460 3804 moram
473 3738 596 3825 cupitis
611 3738 753 3825 (Seiani)
770 3737 981 3803 adferebant.
998 3776 1041 3786 -
1061 3742 1093 3818 A,
1110 3741 1164 3816 Ao.
1183 3738 1238 3803 Ad
1258 3762 1297 3804 ea
1327 3738 1480 3804 Tiberius
1495 3738 1567 3804 lau·

331 3846 408 3911 data
429 3846 553 3934 pietate
577 3845 731 3910 Seiani...
759 3845 940 3910 adiunxit:
961 3874 975 3905 α
1013 3846 1234 3933 ..Simplicius
1255 3855 1423 3927 acturum,
1441 3846 1483 3913 de
1502 3847 1566 3911 ini·

332 3952 467 4016 micitiis
482 3951 626 4038 primum
642 3952 863 4039 Agrippinae,
881 3977 966 4040 quas
984 3952 1083 4039 longe
1100 3954 1210 4019 acrius
1220 3977 1367 4036 arsuras,
1397 3954 1425 4018 si
1450 3954 1567 4020 matri·

335 4060 484 4123 monium
494 4059 608 4122 Liviae
620 4057 712 4123 velut
725 4059 758 4122 in
770 4068 883 4146 partes
897 4059 1037 4125 domum
1044 4062 1226 4126 Caesarum
1242 4061 1567 4127 distraxisset...»-

333 4169 364 4243 4,
394 4165 446 4253 75.
470 4165 507 4229 ln
529 4165 622 4252 (Cn.)
651 4165 799 4229 Domitio
828 4189 930 4254 super
948 4175 1150 4233 vetustatem
1172 4170 1305 4255 generis
1339 4168 1566 4258 propinquum

334 4272 536 4337 Caesaribus
562 4273 761 4358 sanguinem
787 4272 960 4358 delegerat
984 4274 1178 4362 (Tiberius).
1207 4315 1242 4328 -
1263 4278 1296 4352 6,
1319 4275 1374 4354 46.
1392 4276 1451 4342 Sin
1473 4285 1567 4342 extra

333 4380 1475 4470 domumsuccessorquaereretur‚nememoriaAugusti‚nenomen
1486 4386 1568 4449 Cae·

335 4511 447 4552 sarum
465 4488 498 4551 in
522 4486 709 4551 ludibriact
736 4488 961 4554 contumelias
974 4496 1156 4570 verterent,
1175 4489 1348 4556 metuebat
1369 4490 1565 4579 (Tiberius).

334 4633 376 4645 —
401 4619 450 4674 ra,
466 4620 496 4657 a.
527 4593 639 4659 Pallas
663 4594 842 4682 (suadebat
870 4595 1025 4673 Claudio,
1055 4604 1093 4661 ut
1108 4597 1346 4686 Agrippinam,
1375 4597 1570 4664 Germanici

337 4702 453 4780 tiliam,
470 4724 610 4766 uxorem
632 4701 797 4787 duceret),
814 4726 855 4768 ne
871 4703 994 4768 lomina
1010 4712 1168 4791 expertae
1186 4703 1413 4782 fecunditatis,
1436 4706 1568 4795 integra

337 4811 485 4886 iuventa,
503 4809 737 4874 claritudinem
756 4810 939 4876 Caesarum
955 4811 1058 4877 aliam
1072 4812 1106 4877 in
1122 4811 1259 4877 domum
1275 4812 1387 4879 [erret.
1404 4851 1450 4865 -
1468 4838 1517 4896 ra,
1534 4813 1567 4879 6.

335 4918 390 5004 (L.
421 4916 578 4981 Vitellius
621 4916 781 4982 disseruit
808 4916 897 5005 apud
932 4922 1100 5005 senatum)
1121 4970 1143 4985 ..
1186 4919 1358 4986 audivisse
1397 4944 1413 4986 a
1449 4944 1570 5010 paren-
