3709 6234
824 852 967 906 aululae
1484 846 1538 901 303

299 990 435 1056 nomina
456 991 706 1080 supplerentur.
731 1032 771 1041 —
790 994 832 1066 ll.
851 992 906 1058 61.
921 994 1089 1059 Mariccus
1103 992 1252 1082 quidam,
1276 1017 1293 1056 e
1323 990 1420 1080 plebe
1441 989 1537 1054 lloio-

300 1122 431 1174 rum...,
450 1099 603 1165 adsertor
618 1100 804 1166 Galliarum
822 1109 855 1166 et
868 1101 963 1178 deus,
987 1124 1065 1165 nam
1082 1100 1115 1164 id
1130 1100 1194 1165 sibi
1215 1099 1395 1170 indiderat.
1427 1096 1537 1163 conci·

300 1206 343 1271 tis
358 1214 434 1272 octo
450 1206 587 1271 milibus
610 1208 782 1273 bominum
804 1209 978 1296 proximos
1002 1207 1197 1273 Aeduorum
1227 1230 1332 1295 pagos
1371 1204 1535 1270 trahebat.

298 1352 340 1363 -
356 1314 398 1394 ΙΙ,
411 1313 465 1380 86.
481 1314 693 1402 Spargantur
707 1317 739 1403 (a
753 1315 895 1380 ducibus
915 1315 1101 1402 Flavianis)
1126 1338 1186 1404 per
1214 1313 1343 1378 Gallias
1363 1312 1535 1391 litterae...

297 1457 340 1471 -
362 1421 404 1498 ll,
423 1424 477 1510 94.
497 1423 722 1487 Contionante
744 1422 881 1487 Vitellio
897 1422 1113 1511 postulantur
1133 1421 1174 1486 ad
1203 1420 1405 1509 supplicium
1439 1419 1537 1483 Asia-

297 1529 383 1594 ticos
397 1537 431 1594 et
452 1528 576 1594 Flavus
590 1538 623 1594 et
646 1530 789 1595 llullnus
803 1530 906 1595 (luces
938 1529 1138 1608 Galliarum,
1169 1529 1259 1618 quod
1292 1552 1352 1617 pro
1396 1527 1537 1591 Vindice

297 1635 541 1701 bellassent-
558 1635 599 1704 ll.
615 1640 669 1726 98.
686 1637 894 1725 Deprehensi
910 1661 988 1703 cum
1004 1637 1125 1703 litteris
1140 1636 1326 1723 edictisque
1340 1635 1538 1723 Vespasiani

300 1766 358 1830 per
375 1743 573 1808 llaetiamet
587 1744 717 1809 Gallias
738 1745 882 1811 militum
904 1754 937 1810 et
951 1744 1186 1810 centurionum
1216 1743 1392 1832 quidam...
1411 1780 1454 1790 -
1476 1741 1535 1822 ΙΙΙ,

301 1874 332 1917 2.
364 1851 534 1916 Antonius
565 1852 753 1924 Primus...
785 1853 1036 1918 festinationem
1058 1852 1140 1939 ipsis
1169 1851 1370 1939 (Flavianis)
1407 1849 1536 1930 utilem,

301 1957 437 2023 Vitellio
453 1960 630 2024 exitiosam
646 1959 845 2026 disseruit...
870 1960 938 2025 Nec
952 1959 1070 2047 procul
1084 1960 1313 2035 Germaniam,
1330 1957 1419 2023 unde
1435 1958 1536 2036 vires,

301 2066 510 2131 Britanniam
526 2066 611 2132 lreto
632 2067 755 2146 dirimi,
790 2068 883 2133 iuxta
914 2066 1045 2133 Gallias
1080 2067 1339 2155 llispaniasque,
1370 2066 1539 2153 utrimque

299 2173 402 2247 viros,
415 2197 532 2261 equos
553 2174 719 2240 tributa...
742 2174 859 2250 -ΙΙΙ,
884 2176 932 2239 ι3.
957 2174 1101 2239 Gaecina
1114 2174 1215 2261 tapud
1239 2173 1404 2260 primores
1417 2181 1536 2238 centu-

299 2281 433 2346 rionum
447 2290 480 2347 et
493 2304 620 2369 paucos
632 2282 803 2366 militum).
812 2334 832 2347 ..
844 2282 1042 2369 Vespasiani
1053 2282 1213 2346 virtutem
1225 2282 1381 2369 viresque
1393 2281 1539 2368 partium

299 2388 489 2467 extollit...‚
507 2389 668 2454 adversas
683 2389 849 2477 (Vitellio)
866 2388 996 2454 Gallias
1016 2389 1308 2477 llispaniasque...
1336 2427 1378 2438 —
1402 2387 1461 2453 ΙΙΙ.
1485 2387 1536 2451 15.

301 2496 474 2561 Britannia
490 2495 669 2585 Galliaque
684 2505 718 2562 et
735 2498 896 2585 llispunia
921 2496 1047 2561 auxilia
1060 2496 1218 2561 Vitellius
1234 2496 1464 2561 acciverat-
1475 2494 1535 2570 ΙΙΙ,

300 2604 354 2668 35.
369 2603 406 2668 ln
423 2603 570 2669 Galliam
587 2604 710 2669 lulium
726 2604 1085 2692 Culcnum(Aeduum)
1099 2603 1272 2669 tribunum
1288 2603 1469 2690 (exercitus
1483 2602 1539 2667 Vi·

300 2710 486 2797 telliani)...
505 2712 665 2797 (victores
688 2711 853 2799 llaviani)
879 2712 1027 2777 ostentui
1041 2712 1173 2777 misere.
1188 2750 1230 2759 —
1248 2710 1310 2788 ΙΙΙ,
1328 2714 1383 2786 dr.
1399 2710 1539 2797 (Fabius

301 2817 440 2900 Valens)
456 2826 553 2883 atrox
567 2818 746 2882 consilium
760 2819 846 2895 iniit,
865 2827 902 2883 ut
913 2819 1057 2906 arreptis
1071 2818 1214 2883 navibus
1228 2819 1262 2882 in
1287 2841 1539 2907 quamcumque

300 2933 430 3013 partem
456 2924 686 2991 Narbonensis
714 2927 904 3014 prouinciae
930 2949 1089 3013 egressus
1105 2925 1282 2991 Galliaset
1309 2927 1478 2991 exercitus
1507 2934 1540 2991 et

299 3033 499 3097 Germaniae
513 3041 633 3119 gentes
653 3056 846 3122 novumque
866 3032 993 3098 bellum
1002 3034 1116 3100 cieret.
1136 3072 1176 3084 -
1195 3032 1254 3106 ΙΙΙ,
1273 3036 1328 3111 dt.
1350 3034 1479 3099 Cuncta
1497 3033 1539 3098 ad

299 3140 439 3205 victoris
455 3140 681 3227 (Vespasiani)
696 3164 777 3229 opes
793 3164 998 3206 conversa...
1028 3140 1095 3205 Nec
1116 3140 1247 3205 Galliae
1272 3140 1534 3206 cunctabantur.

299 3285 342 3297 -
357 3246 417 3324 ΙΙΙ,
436 3247 488 3310 53.
508 3248 678 3312 Antonius
695 3248 901 3334 (l'rirnus).,.
918 3247 1047 3313 litteras
1068 3247 1110 3312 ad
1125 3248 1371 3335 Vespasianum
1403 3271 1540 3335 compo·

299 3354 436 3420 suit
460 3355 530 3417 suis
546 3354 840 3420 exhortationibus
858 3354 987 3419 Gallias
1018 3354 1276 3442 Hispaniasque,
1296 3353 1539 3419 validissimam

299 3467 464 3526 terrarum
480 3469 621 3548 partem,
646 3461 687 3525 ad
704 3462 950 3550 Vespasianum
964 3485 1157 3526 conversas.
1186 3501 1227 3513 -
1245 3461 1301 3538 lV,
1332 3460 1363 3527 3.
1396 3462 1539 3548 Sumpta

300 3590 359 3655 per
379 3567 508 3633 Gallias
526 3567 773 3656 llispaniasque
794 3568 907 3633 civilia
922 3592 1026 3643 ruma,
1043 3569 1143 3632 motis
1166 3568 1208 3632 ad
1234 3566 1360 3632 bellum
1399 3570 1540 3631 Germa·

299 3675 376 3754 niis,
400 3699 478 3739 mox
494 3674 670 3761 lllyrico...
687 3713 731 3725 -
746 3675 802 3748 ll',
826 3700 875 3742 ra.
899 3675 1015 3740 Cladis
1027 3676 1246 3741 Germanicae
1264 3675 1387 3740 lamam
1413 3697 1539 3762 nequa-

298 3803 399 3868 quam
419 3790 547 3846 maesta
562 3782 682 3847 civitas
698 3782 942 3870 excipiebat,...
967 3783 1150 3847 descivisse
1167 3781 1295 3847 Gallias
1310 3805 1375 3847 non
1390 3791 1428 3848 ut
1450 3782 1538 3846 mala

301 3887 538 3976 loquebantur.
557 3926 600 3940 -
619 3889 675 3962 lV,
706 3893 754 3967 ¹4·
783 3890 904 3974 (lulius
934 3889 1053 3955 Civilis
1081 3889 1170 3977 apud
1201 3891 1347 3955 Batavos
1390 3890 1541 3976 disserit)

303 4023 318 4056 u
390 3995 453 4058 sibi
471 3996 574 4060 robur
594 3996 744 4084 perlitum
768 3999 998 4086 equitumque,
1032 3998 1303 4084 consanguineos
1338 3998 1538 4077 Gerunanos,

301 4103 430 4167 Gallias
447 4104 534 4168 idem
552 4104 766 4191 cupientes...
788 4134 863 4166 u-
894 4106 951 4186 lV,
983 4130 1032 4194 ¹7·
1067 4105 1354 4195 (Batavi)magna
1372 4130 1431 4193 per
1456 4105 1541 4171 Ger-

302 4212 430 4275 manias
442 4210 637 4299 Galliasque
654 4212 741 4276 lania
754 4212 921 4278 libertatis
932 4222 1087 4278 auctores
1098 4212 1397 4280 celebrabantur...
1416 4213 1541 4278 Gallia-

302 4341 374 4383 rum
399 4319 592 4383 societatem
610 4318 728 4383 (lirilis
739 4329 809 4385 arte
824 4319 990 4407 donisque
1004 4320 1206 4400 adfectabat,
1225 4328 1342 4410 captos
1352 4320 1541 4387 cohortium

301 4426 488 4512 praelectas
508 4428 635 4490 suasin
670 4428 825 4492 ciuitates
857 4428 1102 4494 remittendo...
1127 4457 1142 4488 a
1174 4428 1285 4493 Prima
1331 4429 1400 4493 acie
1429 4429 1539 4493 lusum

300 4533 494 4621 victumque
516 4534 728 4604 Romanum:
747 4536 872 4622 quidsi
892 4534 1023 4600 Galliae
1048 4537 1164 4621 iugum
1196 4545 1336 4616 exuant,
1376 4545 1541 4624 quantum

301 4640 336 4704 in
353 4640 449 4706 ltalia
463 4640 630 4729 reliquum
646 4645 701 4707 l...
722 4642 769 4707 Ne
786 4641 938 4708 Vindicis
952 4643 1057 4707 aciem
1073 4643 1260 4731 cogitarent
1277 4666 1328 4713 :...
1346 4668 1465 4709 rere...
1489 4669 1543 4709 re·

299 4748 498 4835 putantibus
517 4748 681 4814 Galliam¹
701 4750 842 4815 suismet
858 4751 986 4815 viribus
1020 4750 1247 4817 concidisse...
1277 4749 1405 4817 Multos
1435 4752 1542 4816 adhuc

290 5019 297 5052 ¹
316 5017 412 5065 qurm
425 5019 541 5066 coniecit
557 5034 562 5064 ;
583 5019 695 5067 Gallias.
