3709 6234
835 839 922 891 OTHO
1463 839 1517 893 ⁴99

280 979 558 1069 suit(Siluris)...
584 981 708 1046 'laedio
736 1003 892 1045 curarum
911 979 1022 1045 lessus
1056 980 1211 1045 Ostorius
1242 983 1410 1049 concessit
1431 984 1513 1062 vita,

279 1088 377 1155 laetis
409 1090 577 1167 hostibus,
608 1097 782 1176 tamquam
808 1087 928 1153 ducem
964 1087 1052 1152 haud
1083 1087 1352 1175 spernendum...
1387 1090 1514 1157 bellum

280 1195 535 1285 absumpsisset.
572 1236 615 1246 —
642 1197 688 1263 A.
722 1198 770 1272 nt.
808 1194 1046 1261 Consularium
1070 1195 1199 1282 primus
1223 1196 1334 1262 Aulus
1362 1197 1516 1264 Plautius

280 1302 500 1391 (Britanniae)
521 1304 735 1391 praepositus
764 1326 802 1368 ac
828 1301 972 1367 subinde
998 1302 1153 1367 Ostorius
1182 1303 1338 1392 Scapula,
1374 1314 1515 1394 uterque

280 1409 369 1476 bello
382 1412 539 1498 egregius
554 1411 576 1477 ¹.

238 1517 374 1598 OTHO,
420 1519 466 1585 M.
491 1517 626 1595 OTHO,
654 1517 779 1582 NERO
808 1517 966 1583 OTllO².
987 1556 1031 1569 -
1061 1518 1110 1596 ι3,
1141 1544 1190 1584 ra.
1218 1518 1364 1607 Delapso
1384 1519 1516 1587 Nerone

279 1626 313 1690 in
329 1649 481 1691 amorem
500 1625 653 1702 libertae,
671 1626 725 1689 eui
739 1623 944 1689 vocabulum
960 1625 1047 1691 Acte
1063 1625 1137 1706 luit,
1158 1626 1259 1690 simul
1273 1625 1462 1714 adsumptis
1481 1628 1515 1693 in

277 1734 520 1799 conscientiam
531 1734 579 1799 M.
590 1739 601 1773 ³
611 1733 745 1798 Othone
761 1740 794 1797 et
810 1732 953 1798 Claudio
967 1732 1162 1811 Senecione,
1181 1733 1445 1799 adulescentulis
1456 1734 1516 1800 de-

277 1841 376 1921 coris,
394 1863 537 1928 quorum
555 1839 645 1906 Otho
665 1839 792 1904 familia
806 1839 1067 1905 consulari...—
1088 1840 1139 1911 13.
1159 1839 1216 1918 45,
1235 1840 1441 1928 (Poppaeam
1457 1840 1517 1906 Sa·

278 1946 406 2035 binam)
422 1955 620 2033 agentem...
648 1947 680 2011 in
696 1947 912 2012 matrimonio
930 1945 1038 2012 liufrii
1054 1945 1243 2040 Crispini...
1272 1947 1361 2013 Otho
1377 1947 1517 2035 pellexit

280 2053 417 2118 iuventa
439 2078 477 2119 ae
491 2054 574 2119 luxu
591 2061 625 2120 et
640 2055 719 2142 quia
735 2054 1027 2138 flagrantissimus
1042 2054 1076 2117 in
1093 2054 1238 2119 amicitia
1259 2054 1402 2120 Neronis
1418 2055 1518 2120 habe·

253 2160 390 2227 ‘batua
427 2201 470 2211 —
509 2163 558 2240 13,
587 2161 639 2238 46.
667 2161 757 2225 Otho
784 2162 990 2225 siveamore
1019 2161 1176 2226 incautus
1201 2160 1338 2227 laudare
1373 2163 1515 2227 lormam

279 2268 550 2357 elegantiamque
588 2268 704 2333 uxoris
726 2268 816 2355 apud
832 2266 1031 2355 principem,
1054 2268 1125 2332 sive
1144 2276 1182 2333 ut
1195 2268 1393 2334 accenderet
1413 2294 1464 2351 ae,
1488 2270 1516 2335 si

287 2374 541 2441 eademlemina
557 2376 757 2463 potirentur,
777 2374 810 2438 id
831 2397 965 2463 quoque
981 2374 1155 2439 vinculum
1175 2376 1360 2462 potentiam
1388 2377 1416 2440 ei
1446 2376 1519 2441 adi-

281 2492 412 2550 ceret...
430 2484 464 2549 Si
484 2482 571 2548 ultra
589 2506 691 2548 unam
708 2483 916 2569 alteramque
945 2490 1078 2547 noctem
1101 2482 1300 2548 attineretur
1316 2484 1515 2571 (Poppaea),

280 2599 420 2677 nuptam
437 2613 510 2655 csse
543 2614 578 2655 se
593 2589 765 2668 dictitans,
784 2613 845 2653 nec
875 2612 973 2676 posse
991 2589 1242 2654 matrimonium
1263 2591 1430 2667 amittere,
1449 2591 1489 2655 de
1509 2633 1514 2641 -

280 2697 428 2762 vinctam
455 2696 581 2761 Othoni
601 2721 659 2785 per
685 2720 793 2784 genus
812 2698 915 2772 vitae,
933 2696 1024 2785 quod
1049 2720 1148 2762 nemo
1171 2697 1416 2784 adaequaret...
1436 2698 1514 2762 Oci-

277 2805 364 2869 eitur
395 2804 623 2870 familiaritate
649 2813 756 2877 sueta,
783 2814 860 2893 post
883 2828 1067 2891 congressu
1092 2813 1125 2869 et
1154 2805 1317 2870 comitatu
1338 2804 1440 2880 Otho,
1485 2815 1515 2870 et

281 2911 323 2975 ad
355 2921 577 2999 postremum,
614 2935 655 2976 ne
675 2912 709 2975 in
736 2914 817 2976 urbe
836 2911 1025 2977 aemulatus
1045 2920 1170 2997 ageret,
1197 2913 1389 3000 provinciae
1419 2912 1513 2977 Lusi·

282 3019 391 3083 taniae
412 3019 616 3106 praeficitur,
639 3018 696 3083 ubi
720 3042 826 3106 usque
851 3018 894 3083 ad
907 3018 1019 3083 civilia
1036 3042 1130 3084 arma
1156 3042 1224 3084 non
1240 3042 1282 3084 ex
1305 3020 1413 3107 priore
1434 3019 1513 3084 infa-

280 3125 357 3200 mia,
376 3126 436 3190 scd
455 3127 584 3214 integre
616 3135 798 3214 sancteque
823 3126 1038 3214 egit,proeax
1063 3126 1123 3190 otii
1138 3135 1172 3190 et
1186 3127 1365 3213 potestatis
1389 3135 1515 3213 tempe.-

280 3233 417 3297 rantior.
440 3273 481 3284 -
503 3236 553 3309 rt,
577 3233 801 3322 rtLoquitur
821 3232 978 3319 Poppaea
996 3232 1135 3320 Sabina)
1165 3257 1181 3295 a
1206 3233 1304 3310 Ouod
1336 3234 1363 3297 si
1394 3256 1516 3297 nurum

278 3340 466 3427 Agrippina
494 3363 561 3404 non
591 3340 656 3403 nisi
689 3339 757 3402 tilio
783 3339 941 3403 infestam
969 3339 1054 3403 terre
1080 3349 1206 3426 posset,
1226 3339 1422 3405 redderetur
1437 3340 1508 3427 ipsa

280 3447 425 3513 Othonis
444 3447 643 3532 coniugio...
666 3474 679 3503 o
705 3484 748 3495 -
769 3446 795 3519 l,
823 3471 849 3511 r.
869 3446 954 3510 hlihi
979 3445 1100 3516 Galba.
1130 3445 1232 3520 Otho,
1268 3445 1426 3511 Vitellius
1456 3470 1517 3512 nee

281 3554 442 3621 beneficio
459 3579 519 3618 nec
529 3555 650 3618 iniuria
669 3554 806 3638 cogniti.
832 3592 877 3602 -
894 3554 919 3625 l,
942 3552 991 3631 13,
1005 3553 1131 3634 (Amici
1147 3552 1288 3639 Galbae)
1309 3554 1397 3617 eirea
1409 3555 1518 3618 eonsi-

279 3664 361 3728 lium
378 3662 523 3748 eligcndi
548 3661 751 3725 successoris
780 3661 813 3724 in
839 3661 922 3724 duas
945 3659 1107 3724 sactiones
1126 3659 1379 3726 scindebantur.
1398 3659 1517 3725 Vinius

278 3794 338 3858 pro
351 3770 398 3834 hl.
412 3769 586 3834 Othone...
609 3767 725 3854 Ncqnc
742 3775 814 3831 erat
835 3765 964 3831 Galbae
991 3767 1106 3849 ignota
1122 3765 1268 3830 Othonis
1286 3789 1324 3831 ae
1344 3767 1410 3831 Titi
1426 3767 1516 3831 Vinii

280 3878 424 3942 amicitia
440 3898 446 3945 :
465 3884 498 3939 ct
517 3873 709 3938 rumoribus
729 3873 812 3937 nihil
842 3873 977 3938 silentio
991 3873 1308 3947 transmittentium,
1327 3874 1404 3961 quia
1419 3873 1517 3938 Vinio

280 3984 381 4049 vidua
398 3983 478 4047 lilia.
497 3981 631 4047 caelebs
645 3980 747 4060 Otho,
761 4004 864 4067 gener·
879 4003 917 4044 ac
934 4003 1030 4045 socer
1044 3978 1315 4046 destinabantur.
1348 3980 1457 4046 Credo
1485 3989 1518 4046 et

280 4094 326 4157 rei
346 4090 501 4178 publicae
524 4112 637 4153 euram
655 4088 799 4168 subisse,
819 4088 978 4153 lrustraa
1004 4087 1137 4152 Nerone
1168 4088 1362 4165 translatae,
1380 4089 1407 4151 si
1428 4089 1517 4177 apud

280 4200 448 4266 Othonem
466 4196 727 4284 relinqueretur.
750 4195 903 4282 Namque
927 4195 1016 4260 Otho
1037 4195 1215 4281 pueritiam
1235 4195 1415 4272 incuriose,
1437 4196 1517 4260 adu-

281 4306 476 4370 lescentiam
498 4302 690 4390 petulanter
715 4310 842 4386 egerat,
866 4309 985 4388 gratus
1014 4300 1138 4366 Neroni
1158 4301 1382 4367 aemulatione
1405 4302 1516 4371 luxus.

269 4576 274 4608 ¹
296 4574 422 4622 l'.ctiunr
455 4574 544 4621 1232.

266 4654 277 4690 ¹
293 4655 330 4705 hl.
342 4654 448 4701 Salvius
460 4654 541 4704 Otho,
559 4653 627 4715 lurp.
640 4652 676 4699 ll.
691 4651 761 4700 Otho
773 4652 871 4700 Cacsar
881 4637 1033 4712 linguatus.
1050 4651 1172 4704 l’nosor„
1187 4651 1214 4701 S.
1234 4665 1286 4713 109.

267 4735 278 4769 ²
293 4736 327 4783 n.
343 4736 406 4784 add.
425 4735 538 4781 lin-ren:
553 4753 565 4780 a
581 4732 870 4780 l'racnorncnOthonis
882 4732 1009 4779 transumi
1020 4735 1084 4779 csta
1098 4733 1188 4793 priore
1200 4733 1309 4780 nominc
1325 4732 1516 4780 conscientiam

235 4816 276 4864 vel
296 4817 332 4862 ibi
354 4833 369 4863 n
390 4816 541 4862 recentiore
570 4814 659 4860 scriba
688 4816 713 4860 in
743 4809 876 4879 ἆρχετύπῳ
904 4813 1088 4870 ireglccturn...
1106 4813 1185 4859 tlertc
1213 4809 1294 4864 nnnc,
1326 4813 1373 4860 ubi
1400 4814 1517 4874 primunr

235 4899 336 4944 mentio
348 4897 463 4943 Othonis
489 4896 558 4942 lacta
576 4899 613 4940 cst
635 4896 659 4940 in
684 4895 844 4942 Annalibus.
864 4893 980 4940 alterum
1003 4907 1100 4939 nomen
1122 4893 1217 4940 nbcssc
1238 4893 1343 4955 nequit.
1361 4893 1474 4940 l'crindc
1491 4895 1517 4941 in

236 4977 374 5026 Historiis.
387 4975 407 5024 l.
423 4976 465 5024 13:
489 4974 583 5022 Vinius
599 4989 649 5037 pro
666 4974 762 5023 Marco
777 4975 912 5023 Othone...
928 4991 940 5018 s
