3709 6234
808 874 909 927 vsnvs
1445 874 1499 928 707

221 1016 249 1077 V
252 1013 527 1083 ELLOCATVS.
548 1056 587 1068 -
604 1015 664 1095 ΙΙΙ,
686 1016 740 1093 45.
765 1015 1020 1103 (Cartimandua
1032 1016 1231 1105 Brigantum
1247 1018 1376 1107 regina)
1385 1025 1499 1107 spreto
1561 1079 1566 1089 .

265 1123 424 1200 Venutio,
439 1124 468 1188 is
484 1123 548 1189 luit
562 1124 715 1198 maritus,
733 1123 938 1211 armigerum
953 1122 1025 1188 eius
1040 1122 1252 1191 Vellocatum
1274 1126 1308 1190 in
1325 1123 1499 1192 matrimo-

264 1231 357 1295 nium
371 1254 581 1320 regnumque
596 1230 737 1319 accepit.

220 1340 230 1360 '
250 1338 431 1413 VENEDI,
448 1363 481 1403 v.
498 1338 661 1403 VENllTl
683 1338 885 1426 (Germani).

219 1444 399 1509 VENETI¹
414 1446 663 1532 (Germani).-
678 1446 717 1510 G.
732 1446 786 1523 (6.
800 1429 1025 1512 Peucinorum
1034 1447 1308 1536 Venetorumquc
1319 1456 1352 1514 et
1368 1448 1498 1514 Fenno-

263 1576 337 1615 rum
353 1552 507 1617 nationes
522 1552 702 1616 Germanis
716 1574 759 1616 an
774 1551 939 1617 Sarmatis
954 1551 1155 1630 adscribam,
1187 1552 1346 1622 dubito...
1378 1555 1497 1622 Veneti

264 1658 407 1724 multum
423 1683 465 1724 ex
479 1658 629 1724 moribus
641 1657 894 1746 (Peucinorum)
920 1667 1108 1738 traxerunt,
1131 1683 1208 1725 nam
1223 1661 1389 1750 quidquid
1410 1662 1498 1728 inter

263 1766 428 1831 Peucinos
457 1766 656 1855 Fennosque
684 1766 848 1831 silvarum
873 1789 910 1831 ac
937 1766 1105 1833 montium
1133 1768 1286 1857 erigitur,
1310 1768 1497 1836 latrociniis

262 1882 448 1961 pererrant.

219 1979 381 2045 VENETl
397 1981 526 2067 (Galli).
558 2020 601 2030 —
632 2006 682 2060 ιι,
702 1982 755 2045 nil.
784 2010 800 2041 a
820 1981 875 2045 An
893 1982 1118 2071 parumquod
1149 1984 1267 2050 Veneti
1282 1994 1316 2051 et
1339 1984 1497 2051 Insubres

262 2089 389 2154 curiam
406 2089 596 2177 inruperint
615 2092 672 2155 l...
698 2114 715 2153 a
1372 2076 1374 2080 ’

219 2194 422 2261 VENETVS
443 2197 631 2262 PAVLVS.
648 2235 692 2246 -
708 2197 756 2275 15,
781 2195 832 2262 50.
847 2197 1009 2264 Adscitae
1025 2207 1105 2265 sunt
1120 2200 1218 2288 (inC.
1233 2200 1368 2266 Pisonis
1382 2202 1496 2267 coniu⁶

262 2304 440 2392 rationem)
469 2328 571 2393 super
612 2303 771 2370 Subrium
806 2313 840 2370 ot
869 2306 1099 2393 Sulpicium...
1126 2306 1289 2373 militares
1318 2331 1493 2389 manus...‚

261 2411 431 2477 Maximus
441 2413 587 2477 Scaurus
602 2420 637 2477 et
651 2412 800 2478 Venetus
814 2411 941 2477 Paulus
950 2413 1164 2480 centuriones
1181 2416 1384 2503 (cohortium
1399 2439 1495 2504 prae-

262 2519 452 2606 toriarurn).

219 2625 256 2692 l'.
284 2624 538 2700 VENTIDIVS
567 2625 845 2692 VENTllllVSl.
874 2666 917 2675 -
951 2626 993 2702 V,
1009 2651 1041 2717 9.
1062 2627 1247 2717 Postquam
1273 2630 1306 2695 in
1330 2630 1495 2698 dicionem
1602 2701 1608 2726 κ

261 2730 307 2795 M.
327 2731 467 2797 Antonii
486 2732 679 2820 provinciae
693 2739 878 2802 cesserant.
895 2756 955 2797 rex
979 2732 1181 2799 Parthorum
1207 2735 1355 2801 Pacorus
1371 2735 1494 2801 Iudaea

260 2839 388 2927 potitus
404 2839 700 2928 interfectusquea
717 2839 755 2904 P.
788 2838 946 2904 Ventidio
974 2847 1007 2905 et
1043 2840 1158 2907 Parthi
1182 2849 1275 2908 trans
1299 2842 1493 2931 Euphraten

260 2946 399 3012 redacti.
414 2985 459 2997 —
477 2951 515 3012 G.
544 2946 585 3035 37
617 2947 706 3026 Quid
721 2946 811 3011 enim
831 2946 924 3011 aliud
951 2945 1049 3012 nobis
1077 2971 1179 3037 quam
1208 2949 1349 3016 'caedem
1365 2943 1491 3031 Crassi,

258 3058 382 3119 amisso
396 3062 430 3120 et
444 3055 515 3142 ipse
541 3055 680 3135 Pacoro,
698 3053 785 3120 inira
798 3052 995 3119 Ventidium
1011 3054 1162 3122 deiectus
1179 3057 1301 3122 Oriens
1311 3057 1493 3124 obiecerit?

216 3160 460 3228 VENTIDIVS
499 3160 731 3238 CVMANVS
763 3161 1017 3226 CVMANVS3.
1041 3199 1083 3213 -
1104 3186 1154 3239 12,
1186 3163 1240 3242 54.
1271 3164 1417 3230 Aemulo
1451 3164 1493 3230 ad

258 3269 437 3334 deterrima
455 3268 611 3334 Ventidio
628 3270 780 3333 Cumano
792 3268 812 3349 '¹‚
830 3267 884 3333 cui
895 3292 975 3356 pars
990 3270 1183 3356 provinciae
1203 3271 1375 3360 (Iudaeae)
1391 3273 1493 3338 habe·

258 3374 370 3458 hatur,
388 3376 434 3441 ita
447 3376 586 3451 divisae,
599 3383 638 3441 ut
670 3375 746 3439 huic
774 3374 1004 3441 Galilaeorum
1040 3378 1143 3459 natio,
1177 3377 1280 3443 Felici
1308 3378 1493 3445 Samaritae

258 3493 425 3571 parerent,
443 3483 616 3548 discordes
638 3482 760 3548 olim...
779 3481 886 3571 Igitur
896 3491 1030 3571 raptare
1047 3485 1135 3550 inter
1150 3508 1227 3552 se...
1262 3485 1436 3576 spoliaque
1452 3494 1492 3552 'et

257 3591 399 3679 praedas
414 3590 457 3656 ad
477 3598 709 3678 procuratores
725 3588 887 3657 referre...
903 3589 1076 3656 Cumanus
1091 3600 1124 3658 et
1136 3591 1232 3658 Felix
1243 3595 1491 3659 cunctationem

257 3697 454 3764 adferebant
465 3696 651 3786 (meidio
668 3696 839 3776 Quadrato
859 3697 977 3784 Syriae
992 3697 1131 3788 legato),
1143 3701 1221 3789 quia
1238 3700 1401 3766 Claudius
1416 3725 1493 3767 cau-

258 3807 303 3871 sis
328 3805 522 3871 rebellionis
565 3805 689 3870 auditis
734 3804 786 3869 ius
824 3804 996 3870 statuendi
1012 3806 1112 3871 etiam
1145 3807 1187 3871 de
1217 3807 1492 3896 procuratoribus

256 3914 405 3979 dederat.
422 3913 488 3979 Sed
504 3912 696 3992 Quadratus
712 3911 858 3977 Felicem
878 3912 967 3977 inter
986 3912 1114 3978 iudices
1138 3915 1362 3982 ostentavit...
1391 3916 1492 3982 Dam-

257 4029 423 4110 natusque
439 4020 655 4107 flagitiorum,
673 4042 759 4109 quae
778 4017 845 4084 duo
858 4017 1083 4107 deliquerant,
1097 4021 1311 4089 Cumanus...

212 4126 372 4202 VENVS,
392 4167 433 4178 -
453 4130 485 4207 3,
512 4126 567 4192 62.
596 4126 914 4216 Aphrodisiensium
939 4127 1059 4193 civitas
1081 4129 1261 4195 Veneris...
1293 4129 1491 4216 religionem

256 4236 427 4322 (tuebatur
446 4236 479 4300 in
500 4243 621 4301 senatu
645 4234 686 4300 de
702 4237 772 4300 iure
788 4233 875 4321 asyli
890 4233 1157 4323 disceptante)...
1181 4237 1299 4325 Cyprii
1322 4236 1430 4303 tribus
1450 4239 1491 4304 de

255 4343 419 4423 delubris,
437 4366 580 4432 quorum
605 4342 875 4407 vetustissimum
897 4340 1045 4429 Paphiae
1066 4342 1189 4407 Veneri
1215 4352 1332 4409 auctor
1357 4346 1488 4428 Aerias,

256 4450 443 4540 post.lilius
468 4452 540 4515 eius
574 4449 742 4515 Amathus
769 4449 890 4513 Veneri
922 4448 1187 4516 Amathusiae...
1218 4452 1423 4539 posuissent.
1447 4494 1490 4504 -

244 4661 249 4695 ¹
269 4660 363 4710 Tacito
385 4662 558 4711 scribendum
576 4665 660 4714 luisse
681 4667 782 4715 Venedi
804 4669 886 4718 docet
909 4670 1300 4725 uunrr-smwsnm-siomn.
1322 4677 1397 4732 Quae
1418 4680 1489 4742 vulg.

211 4741 292 4790 lectio
308 4746 358 4792 est.

241 4825 253 4859 ²
269 4823 297 4875 P.
317 4823 461 4872 Ventidius
477 4824 586 4883 Bassus,
600 4842 655 4879 cos.
673 4843 697 4877 a.
713 4830 843 4891 711243.

241 4904 253 4940 ³
271 4907 393 4959 Pnosor..
408 4905 463 4953 250.

241 4986 252 5021 ⁴
268 4987 389 5034 Cumano
405 4987 431 5033 in
450 5001 534 5050 marg.
546 4985 572 5038 Μ
589 4991 745 5053 suppletum
763 4995 805 5041 est
817 4992 851 5040 ab
865 5007 922 5043 rec.
937 5010 973 5043 rn.

100 5195 837 5521 R
