3709 6234
870 818 1019 870 ocelnvs
1517 813 1569 868 2187

292 955 532 1023 OCCIDENS.
550 995 592 1009 -
614 959 644 1034 3,
659 957 712 1035 34.
731 959 914 1049 (Loquitur
952 958 1082 1022 Drusus
1108 959 1141 1022 in
1161 957 1297 1043 senatu)
1319 986 1378 1022 a...
1407 959 1570 1036 Quotiens

337 1063 459 1129 Divum
485 1066 678 1152 Augustum
688 1066 722 1130 in
739 1064 958 1131 Occidentem
970 1074 1070 1153 atquc
1082 1064 1252 1130 Orientem
1266 1065 1431 1130 meavisse
1447 1052 1568 1130 comite

338 1171 432 1236 Livia
451 1174 457 1237 ἔ
478 1199 493 1232 ιι
510 1209 555 1223 -
574 1173 624 1252 ι3,
644 1173 698 1238 53.
721 1173 774 1260 (L.
794 1173 977 1261 Antistius)
999 1173 1105 1237 Vetus
1119 1171 1296 1237 Mosellam
1313 1180 1413 1260 atque
1426 1173 1567 1236 Ararim

335 1277 422 1344 lacta
442 1280 529 1345 inter
545 1288 723 1368 utrumque
739 1280 829 1344 fossa
844 1288 1021 1346 conectere
1035 1279 1187 1367 parabat,
1210 1288 1288 1348 ut...
1317 1279 1502 1346 sublatis..
1516 1280 1568 1343 iti-

336 1386 427 1449 neris
451 1385 709 1451 dillicultatibus
725 1385 928 1472 navigabilia
968 1387 1056 1452 inter
1076 1410 1111 1451 se
1141 1387 1334 1453 Occidentis
1362 1387 1568 1473 Septentrio-

336 1492 455 1580 nisque
477 1493 573 1558 litora
591 1494 814 1570 tierent-l,
844 1518 874 1558 2.
899 1494 1082 1581 Prosperae
1109 1495 1141 1558 in
1167 1493 1317 1572 Oriente,
1349 1493 1507 1559 adversae
1535 1495 1568 1557 in

336 1599 518 1665 Occidente
538 1624 603 1666 res.
625 1642 661 1654 -
678 1601 705 1679 l,
726 1601 780 1690 89.
799 1602 882 1666 Tum
899 1602 1048 1688 legiones
1063 1601 1296 1690 classesque...
1320 1603 1352 1665 in
1369 1602 1473 1666 aciem
1498 1601 1568 1689 (de-

335 1706 481 1791 ductae),
500 1707 621 1773 Oriens
646 1708 877 1797 Occidensque
906 1716 940 1773 et
972 1708 1138 1797 quidquid
1164 1710 1332 1797 utrimque
1369 1708 1491 1773 virium
1516 1717 1569 1772 est

337 1839 355 1878 a
373 1821 524 1901 tergo...,
542 1814 645 1902 longo
661 1814 750 1880 hello
767 1816 917 1880 materia.
932 1852 976 1867 -
1004 1815 1047 1888 ll,
1081 1817 1113 1882 6,
1143 1815 1292 1898 (llellum
1308 1815 1421 1901 civile)
1446 1816 1567 1880 Oriens

336 1933 417 1990 tunc
442 1922 587 2010 primum
604 1922 740 2010 parabat
756 1941 921 2010 ,namque
937 1922 1016 1986 olim
1038 1921 1245 1986 validissima
1272 1922 1359 1987 inter
1383 1946 1418 1986 sc
1442 1923 1565 1987 civium

335 2055 427 2096 arma
452 2031 486 2094 in
506 2029 600 2094 ltalia
617 2029 771 2094 Galliave.
784 2029 912 2093 viribus
927 2029 1120 2094 Occidentis
1135 2037 1264 2115 coepta.
1292 2067 1334 2079 -
1360 2035 1398 2094 O.
1420 2029 1470 2106 (5.
1508 2031 1567 2095 Fe.-

334 2138 496 2204 cundiora
511 2138 614 2225 igitur
630 2160 765 2201 nemora
786 2137 947 2224 lucosque
964 2137 1046 2201 sicut
1065 2136 1213 2226 Orientis
1234 2138 1385 2217 secrctiS,
1410 2136 1466 2202 ubi
1496 2145 1567 2203 tura

334 2246 553 2334 balsamaque
568 2244 742 2324 sudantur,
762 2244 806 2308 ita
822 2242 1142 2309 Occidentisinsnlis
1159 2244 1324 2332 terrisque
1337 2245 1445 2309 inesse
1460 2245 1567 2309 credi-

334 2354 481 2419 derim...
512 2389 553 2402 —
579 2351 623 2418 A.
651 2350 704 2416 30.
735 2351 917 2439 (Loquitur
963 2350 1145 2436 Calgacus)
1176 2375 1192 2413 (ι
1211 2352 1354 2416 llomaui
1388 2376 1473 2440 quos
1500 2375 1567 2416 non

334 2461 466 2539 OrienS,
483 2483 550 2524 non
565 2459 731 2523 Occidens
742 2459 927 2525 satiaverit.
947 2487 961 2517 ιι

289 2567 511 2634 OCEANVS.
535 2605 576 2616 -
603 2592 675 2655 r,9.
696 2567 775 2654 (Oui
800 2566 902 2631 vitam
936 2566 1084 2650 Augusti
1113 2565 1333 2642 extollebant,
1360 2566 1568 2632 adnotabant

333 2699 373 2740 eo
388 2674 553 2762 principe)
579 2674 661 2738 mari
680 2675 814 2738 Oceano
832 2681 888 2737 aut
906 2672 1272 2761 amnibuslonginquis
1288 2682 1443 2762 saeptum
1462 2675 1568 2762 impe-

333 2782 431 2848 rium.
457 2819 503 2832 -
521 2805 549 2858 1,
568 2781 622 2846 63.
646 2782 891 2869 l’arsequitum
906 2781 1131 2867 (Germanici)
1159 2780 1256 2847 litore
1292 2783 1416 2847 Oceani
1456 2789 1569 2870 petere

333 2890 489 2955 llhenum
511 2889 613 2955 iussa.
631 2927 673 2936 —
695 2914 722 2960 ι,
742 2915 795 2975 70·
813 2889 930 2954 Sidere
946 2888 1163 2976 aequinoctii,
1184 2912 1251 2977 quo
1268 2890 1413 2955 maxime
1432 2891 1569 2955 'tumes-

332 2998 378 3063 cit
391 2996 557 3062 Oceanus.
574 3034 619 3048 -
639 3022 670 3075 ι,
687 2996 719 3061 6.
737 2996 917 3062 llhcnus...
936 2995 1042 3060 donec
1054 2994 1187 3061 Oceano
1202 2997 1409 3063 misceatur..
1437 2995 1567 3085 (Mosae

334 3104 483 3188 Vahalis)
522 3105 687 3168 immenso
708 3127 763 3168 ore
779 3104 934 3168 eumdem
962 3103 995 3166 in
1017 3102 1188 3169 Oceanum
1205 3105 1398 3171 cllunditur.
1417 3144 1461 3153 —
1486 3130 1516 3184 2,
1534 3105 1565 3168 8.

334 3212 583 3299 (Germanicus)
613 3211 747 3276 lacus..
779 3218 812 3275 et
851 3214 1022 3275 Oceanum
1052 3234 1157 3299 usque
1183 3211 1226 3276 ad
1246 3212 1410 3277 Amisiam
1444 3214 1568 3276 llumcu

332 3320 479 3385 secunda
495 3320 709 3406 navigatione
726 3317 931 3406 pervehitur.
954 3357 996 3366 —
1025 3342 1055 3396 2,
1079 3317 1127 3383 15.
1159 3319 1332 3404 (Germani
1352 3319 1454 3383 duces
1479 3319 1568 3405 apud

333 3427 456 3493 milites
469 3450 549 3492 suos
564 3429 745 3513 testantur)
762 3426 947 3491 classem...
965 3434 998 3489 ct
1019 3426 1092 3489 avia
1116 3425 1239 3490 l'lceani
1264 3427 1416 3514 quaesita
1433 3426 1465 3502 (a
1486 3427 1568 3491 Ger·

333 3535 492 3616 manico).
524 3557 606 3599 ne...
631 3572 671 3584 -
696 3558 727 3608 2,
749 3533 800 3597 23.
843 3533 962 3598 l'lures
983 3534 1148 3619 (legiones
1176 3534 1414 3616 Germanicus)
1443 3535 1568 3599 (laesae

331 3643 431 3710 classi
452 3642 626 3729 impositas
646 3665 704 3728 per
719 3643 841 3705 llumen
860 3642 1024 3706 Amisiam
1059 3643 1191 3706 Oceano
1208 3641 1376 3706 invexit...
1411 3641 1564 3728 (Auster)

332 3752 442 3839 rapuit
458 3750 656 3836 disiecitque
671 3772 773 3814 naves
788 3751 821 3813 in
842 3757 956 3836 aperta
972 3750 1108 3813 Oceani.
1133 3785 1177 3796 -
1207 3772 1238 3820 α,
1256 3751 1308 3824 24.
1335 3755 1469 3828 Quanto
1498 3748 1567 3812 vio-

333 3859 454 3924 lentior
473 3866 583 3923 cetcro
600 3858 681 3920 mari
699 3863 894 3923 Oceanus..·
911 3895 953 3905 -
969 3859 1000 3933 el,
1020 3882 1072 3944 72.
1092 3855 1251 3925 Castello.
1274 3856 1328 3920 cni
1356 3879 1478 3921 nomen
1492 3854 1568 3920 Fle-

333 3987 433 4046 vum,
450 3974 483 4031 et
504 3966 592 4030 haud
614 3965 802 4054 spernenda
825 3965 893 4029 illic
909 3965 1033 4029 civium
1059 3965 1293 4051 sociorumque
1327 3986 1447 4030 manus
1470 3962 1566 4028 litora

333 4077 455 4142 Oceani
469 4072 692 4162 praesidebat.
707 4112 748 4121 -
771 4098 778 4135 ι
792 4098 819 4153 1,
834 4093 886 4137 20.
903 4072 1079 4160 (Corbulo)
1096 4074 1182 4137 inter
1195 4073 1326 4137 Mosam
1344 4072 1567 4160 Rhenumque

388 4183 513 4248 fossam
543 4181 710 4268 perduxit.
738 4205 802 4268 qua
833 4181 959 4245 incerta
983 4180 1106 4246 Oceani
1129 4181 1328 4245 vitarentur.
1363 4216 1408 4230 -
1438 4179 1488 4260 13,
1512 4181 1565 4244 53.

332 4293 385 4378 (l.
404 4289 588 4376 Antistius)
602 4289 707 4354 l'ctus
724 4287 900 4353 Mosellam
913 4296 1014 4377 atquc
1028 4286 1170 4352 Ararim
1183 4288 1270 4353 lacta
1283 4288 1371 4352 inter
1386 4295 1567 4376 utrumque

333 4398 420 4464 lossa
432 4405 605 4463 conectere
617 4396 767 4483 parabat.
788 4404 825 4460 ut
841 4394 955 4482 copiae
971 4419 1029 4482 per
1041 4419 1144 4474 marc,
1155 4395 1232 4460 dein
1245 4395 1449 4460 llhodanoet
1461 4396 1567 4459 Arare

333 4506 525 4575 subvectae.
542 4529 599 4592 per
619 4527 693 4568 cam
711 4505 846 4579 lassam,
863 4526 940 4567 mox
958 4504 1060 4566 lluvio
1076 4502 1218 4567 Mosella
1245 4503 1278 4566 in
1292 4502 1459 4577 ltlrcnum,
1478 4504 1567 4567 exim

333 4616 503 4679 Oceanum
521 4612 776 4676 decurrerent...
793 4648 838 4660 —
855 4612 904 4686 ιιί,
917 4609 970 4676 32.
986 4610 1056 4675 lam
1068 4611 1223 4674 Oceanus
1237 4617 1377 4674 cruento
1392 4610 1567 4697 adspectu,

332 4720 502 4785 dilabente
518 4727 612 4784 aestu
632 4719 855 4782 humanorum
876 4741 1054 4805 corporum
1070 4715 1200 4804 efligies
1212 4716 1358 4798 relictae,
1378 4723 1415 4781 ut
1434 4717 1568 4781 llritan-

333 4828 385 4893 nis
402 4827 444 4892 ad
459 4851 565 4914 spem.
583 4826 626 4890 ita
645 4826 814 4890 veteranis
834 4825 876 4889 ad
892 4833 1019 4891 melum
1036 4824 1267 4891 trahebantur.
1287 4863 1327 4876 -
1348 4826 1397 4901 ιιί.
1414 4825 1467 4912 39.
1497 4824 1567 4889 Nec

331 4935 437 5004 deluit
460 4933 657 5020 l'olyclitus,
674 4957 740 5021 quo
769 4934 881 4998 minus
909 4933 1038 5020 ingenti
1063 4934 1197 5020 agmine
1226 4933 1341 4998 ltaliae
1370 4931 1568 5020 Galliaeque
