3709 6234
754 850 984 903 Deuosrnrlats
1457 848 1511 902 239

273 991 418 1071 Tiberio,
449 1015 524 1058 cum
551 991 775 1057 Delmaticum
792 990 918 1055 bellum
931 991 1122 1070 conficeret,
1137 990 1228 1055 haud
1242 990 1407 1078 inglorius
1419 993 1514 1057 auxi·

272 1099 384 1166 liator.
415 1137 459 1149 -
485 1098 528 1181 11,
554 1098 608 1163 86.
628 1098 737 1164 functi
753 1097 830 1163 inde
845 1098 985 1163 Moesici
998 1122 1036 1164 ae
1053 1098 1237 1164 Pannonici
1251 1099 1419 1165 exereitus
1435 1098 1514 1164 Del·

270 1207 429 1272 maticum
450 1206 592 1271 militem
611 1212 744 1271 traxere
761 1205 807 1290 (in
824 1212 937 1293 partes
958 1205 1185 1294 Vespasiani).

229 1313 386 1380 DELOS.
416 1351 458 1362 —
484 1315 515 1394 3,
551 1313 603 1377 61.
625 1312 803 1400 Ephesii...
822 1320 1049 1377 memorantes
1062 1334 1141 1389 non,
1157 1320 1195 1377 ut
1210 1312 1332 1398 vulgus
1347 1311 1510 1393 crederet,

273 1420 415 1486 Dianam
436 1430 536 1510 atque
550 1418 746 1508 Apollinem
762 1418 847 1484 Delo
860 1419 1036 1505 genitos...

228 1528 410 1593 leLPlll.
428 1568 472 1578 -
487 1554 518 1608 a,
537 1530 589 1604 5).
610 1526 729 1615 (Clari)
747 1549 814 1591 non
835 1526 1016 1603 femina...,
1034 1534 1071 1590 ut
1091 1525 1181 1614 apud
1195 1525 1344 1614 Delphos
1362 1525 1512 1614 (oracula

274 1634 444 1723 Apollinis
469 1634 623 1723 profert.)
652 1672 694 1682 -
723 1634 763 1699 F.
792 1637 823 1697 8.
852 1633 1005 1720 (Locri...
1032 1634 1090 1721 qui
1105 1634 1199 1698 iuxta
1217 1633 1367 1721 Delphos
1382 1632 1509 1712 colunt,

273 1743 395 1807 Dzolae
415 1749 663 1830 nuncupantur,
685 1748 763 1807 ...ut
780 1739 959 1806 Cornelius
973 1739 1108 1805 Tacitus
1124 1741 1255 1827 refert.)

229 1850 523 1915 leMAllATVS.
541 1886 585 1900 -
605 1872 654 1929 ιι,
678 1851 727 1925 rt.
763 1849 811 1913 At
826 1849 860 1912 in
877 1847 972 1913 ltalia
994 1848 1124 1916 Etrusci
1145 1847 1186 1913 ab
1205 1847 1380 1914 Corinthio
1394 1847 1514 1912 Dema·

273 1964 386 2024 rato...
403 1957 594 2022 didicerunt
607 1956 778 2043 (litteras).

230 2063 523 2131 elisiernus&
549 2103 585 2113 -
623 2063 673 2140 16,
705 2063 758 2141 34.
788 2063 928 2151 (l’aetus
961 2065 1122 2149 Thrasea)
1147 2062 1342 2129 inlustrium
1362 2063 1511 2128 virorum

273 2170 543 2259 feminarumque
570 2178 706 2235 coetum
732 2169 943 2258 frequentem
959 2179 1086 2258 egerat,
1109 2170 1255 2235 maxime
1276 2170 1427 2235 intentus
1446 2171 1512 2235 De-

274 2279 393 2344 metrio
414 2278 560 2364 Cynicae
572 2278 795 2342 institutionis
810 2277 952 2358 doctori,
975 2302 1051 2343 cum
1066 2301 1174 2366 qno...
1190 2277 1232 2341 de
1247 2284 1365 2342 natura
1381 2278 1513 2342 animae

275 2393 309 2450 et
333 2385 572 2451 dissociatione
601 2384 740 2472 spiritus
767 2385 984 2473 corporisque
1015 2383 1219 2473 inquirebat.
1237 2423 1280 2432 —
1304 2384 1354 2466 iti,
1373 2384 1426 2449 35.
1444 2385 1513 2448 Ac-

275 2500 373 2580 cepto
401 2491 522 2557 dehine
546 2500 684 2557 senatus
704 2491 860 2558 consulto
876 2490 1073 2557 Helvidium
1089 2500 1123 2557 et
1137 2492 1347 2556 Demetrium
1362 2491 1396 2555 in
1413 2491 1513 2557 cubi-

275 2598 387 2665 culum
409 2598 579 2664 inducit..
612 2598 694 2663 Post
723 2599 927 2664 lentitudine
954 2599 1065 2665 exitus
1093 2622 1216 2685 graves
1235 2599 1404 2664 eruciatus
1420 2598 1478 2662 adf
1497 2637 1511 2647 -

274 2714 380 2786 rente,
420 2705 573 2771 obversis
601 2707 635 2770 in
667 2706 919 2773 Demetrium...
952 2745 995 2754 —
1024 2705 1080 2781 lV,
1100 2709 1154 2783 (o.
1178 2708 1305 2772 Iustam
1321 2704 1506 2771 vindictam

275 2813 429 2902 explesse
460 2813 639 2878 Musonius
664 2812 863 2895 videbatur;
889 2813 1023 2878 diversa
1050 2813 1138 2878 fama
1160 2813 1331 2878 Demetrio
1348 2813 1511 2899 Cynicam

275 2929 401 2986 sectam
417 2920 580 3009 professo,
598 2920 689 3008 quod
716 2921 933 2987 manifestum
959 2944 1052 2986 reum
1067 2920 1122 3006 (l'.
1142 2920 1325 3006 Egnatium
1346 2919 1512 3005 Celerem)

234 3098 237 3104 ,
275 3028 486 3094 ambitiosius
501 3051 603 3115 quam
616 3028 790 3093 honestius
803 3027 1020 3093 defendisset.

234 3135 470 3201 DEMONAX.
498 3174 541 3183 -
567 3159 615 3212 ιι,
649 3161 681 3222 9.
703 3135 815 3202 Nee...
842 3136 996 3201 restitere
1017 3135 1183 3211 Armenii,
1200 3135 1275 3200 fuso
1290 3134 1347 3223 (ab
1365 3134 1513 3220 lliberis)

276 3243 332 3331 qui
365 3242 529 3330 proelium
554 3266 656 3306 ausus
681 3251 763 3321 erat,
793 3225 999 3308 Demonacte
1023 3242 1192 3330 praefecto
1216 3242 1416 3331 (Parthico).

233 3348 576 3415 DEMDSTMENES.
610 3390 650 3400 -
681 3351 719 3415 0.
760 3373 808 3414 ra.
842 3349 1021 3438 (Loquitur
1041 3348 1229 3436 Maternus)
1275 3374 1290 3413 ιι
1311 3348 1398 3414 Illud
1423 3357 1513 3414 certe

277 3457 357 3521 mihi
372 3456 548 3535 concedes,
571 3457 674 3544 Aper,
699 3480 766 3521 non
791 3457 954 3522 minorem
978 3457 1140 3522 honorem
1157 3456 1304 3521 llomero
1324 3479 1426 3544 quam
1447 3458 1513 3521 De-

277 3564 446 3629 mostheni
465 3563 553 3652 apud
570 3571 771 3651 posteros.»
797 3603 838 3612 -
871 3566 919 3631 ιδ.
942 3564 1124 3651 (Loquitur
1144 3562 1319 3650 Messalla)
1367 3591 1383 3628 ιι
1406 3562 1512 3628 Video

277 3671 378 3737 etiam
398 3671 510 3736 Graiis
535 3670 709 3748 accidisse,
741 3678 778 3736 ut
806 3669 943 3758 longius
961 3671 1050 3736 absit
1064 3671 1108 3734 ab
1135 3670 1305 3735 Aeschine
1325 3671 1513 3735 etDemos-

278 3779 378 3844 thane
396 3777 561 3843 Sacerdos
585 3778 648 3844 iste
674 3778 849 3843 Nicetes...
871 3801 972 3865 quam
987 3777 1186 3864 (Domitius)
1207 3776 1292 3843 Afer
1305 3786 1364 3843 aut
1378 3776 1512 3866 (lulius)

276 3885 458 3951 Africanus
468 3893 527 3950 aut
545 3910 607 3949 vos
624 3885 686 3973 ipsi
703 3909 722 3949 a
738 3884 899 3950 Cicerone
914 3893 972 3950 aut
1001 3885 1122 3949 Asinio
1137 3884 1324 3950 recessistis
1341 3909 1372 3950 ».
1389 3924 1431 3937 -
1461 3884 1510 3952 16.

276 3993 455 4082 (Loquitur
474 3993 580 4081 Aper)
611 3991 755 4059 «Vos...
787 3995 839 4078 (ut
857 3992 1027 4080 antiquos)
1057 3992 1320 4057 Demosthenem
1350 3992 1513 4082 etllype-

277 4100 383 4166 ridem
397 4099 566 4187 profertis,
582 4123 668 4188 quos
686 4099 770 4165 satis
785 4108 919 4165 constat
933 4099 1082 4188 Philippi
1103 4106 1137 4164 et
1153 4098 1341 4165 Alexandri
1355 4100 1513 4187 tempori·

276 4206 341 4272 bus
368 4207 535 4289 floruisse,
552 4206 598 4271 ita
619 4214 732 4272 tamen
765 4215 802 4272 ut
831 4207 964 4295 utrique
997 4207 1197 4295 superstites
1228 4214 1354 4273 essent.
1373 4207 1425 4271 Ex
1445 4230 1513 4295 quo

279 4322 417 4403 apparet
448 4337 515 4380 non
541 4312 648 4380 multo
677 4313 791 4402 plures
818 4337 919 4402 quam
934 4313 1203 4402 quadringentos
1221 4337 1329 4379 annos
1350 4315 1512 4379 interesse

278 4422 365 4486 inter
384 4429 534 4486 nostram
558 4430 592 4486 et
621 4421 859 4486 Demosthenis
885 4429 1072 4487 aetatem...
1095 4421 1173 4487 Si...
1195 4422 1223 4485 is
1242 4429 1293 4487 est
1317 4444 1460 4508 magnus
1480 4427 1514 4486 et

279 4550 380 4593 verus
410 4550 532 4609 annus,
561 4549 629 4615 quo
659 4526 778 4592 eadem
803 4527 926 4616 positio
959 4527 1044 4592 caeli
1072 4527 1330 4617 siderumque...
1365 4528 1511 4609 exsistit,

280 4633 440 4722 ...incipit
456 4633 759 4710 Demosthenes...,
777 4656 878 4721 quem
894 4658 956 4698 vos
967 4641 1114 4700 veterem
1129 4642 1163 4700 et
1178 4635 1355 4723 antiquum
1370 4634 1510 4722 fingitis,

278 4741 437 4809 ...eodem
453 4764 553 4813 anno,
578 4765 646 4831 quo
667 4765 770 4807 nos...
792 4741 976 4807 exstitisse.
998 4766 1014 4805 ι)
1043 4779 1084 4790 -
1107 4744 1160 4805 25.
1184 4742 1364 4830 (Loquitur
1382 4742 1514 4830 Vipsta-

266 4980 275 5014 ¹
293 4977 416 5037 Prason,
435 4978 474 5029 δι.
