3709 6234
346 871 400 926 352
805 872 1010 927 uonefioatvs
1030 873 1170 927 Feaccvs

391 1015 480 1101 nes,)
497 1014 710 1079 Hordeonius
727 1013 869 1079 Flaccus
883 1036 1043 1102 praesens
1064 1021 1251 1094 monuerat,
1273 1012 1434 1078 inclinato
1452 1012 1487 1077 iu
1498 1013 1625 1101 Vespa·

392 1122 523 1186 sianum
540 1122 652 1186 animo
666 1130 700 1187 et
716 1122 761 1185 rei
786 1120 941 1209 publicae
956 1144 1078 1186 cura...
1100 1158 1145 1171 -
1169 1121 1227 1197 IV,
1249 1120 1297 1186 18.
1315 1120 1362 1185 At
1379 1119 1520 1185 Flaccus
1537 1119 1625 1184 Hor-

390 1228 531 1294 deonius
559 1229 685 1317 primos
720 1228 838 1294 Civilis
867 1236 1010 1293 conatus
1042 1251 1101 1315 per
1127 1227 1432 1293 dissimulationem
1464 1227 1559 1294 aluit.
1582 1266 1625 1276 -

392 1335 449 1418 lV,
486 1360 535 1424 ¹9·
568 1336 708 1403 Flaccus
747 1335 853 1401 multa
887 1334 1104 1400 concedendo
1154 1337 1374 1422 (batavorum
1416 1334 1625 1423 cohortibus)

392 1444 476 1507 nihil
509 1443 601 1508 aliud
621 1445 900 1532 ellecerat,quam
921 1451 960 1508 ut
989 1444 1099 1508 acrius
1122 1452 1356 1532 exposcerent,
1373 1466 1459 1532 quae
1475 1443 1627 1509 sciebant

391 1559 604 1637 negaturum.
637 1551 758 1639 Spreto
790 1550 911 1615 Flacco
934 1549 1127 1615 inleriorem
1156 1551 1373 1615 Germaniam
1398 1551 1558 1639 petivere,
1589 1557 1626 1615 ut

391 1656 491 1722 Civili
521 1658 750 1746 iungerentur.
785 1657 1041 1724 llordeonius...
1074 1657 1293 1736 consultavit,
1319 1681 1402 1722 nuru
1425 1657 1624 1746 obsequium

390 1764 577 1829 abnuentes
591 1766 625 1829 vi
640 1772 850 1831 coerceret...
874 1764 916 1829 llt
936 1765 1080 1852 opprimi
1091 1773 1258 1852 poterant,
1274 1765 1388 1830 sihinc
1400 1764 1625 1843 llordeoniuS,

392 1872 470 1936 inde
499 1871 719 1960 (Herennius)
745 1871 907 1938 Gallus...
946 1872 1076 1936 medios
1111 1871 1325 1938 clausissent.
1358 1871 1499 1937 Flaccus
1513 1871 1627 1936 omisit

391 1978 718 2068 incepturualiisque
743 1979 864 2044 litteris
891 1978 1029 2044 Gallum
1054 1980 1197 2055 monuit,
1211 2003 1252 2045 ne
1273 1979 1624 2045 terreretabeuutes...

391 2124 433 2134 -
448 2085 507 2167 lV,
530 2089 582 2164 aa.
607 2086 749 2152 Flaccus
777 2086 911 2151 interim
945 2087 1081 2172 cognito
1113 2095 1302 2152 castrorum
1317 2086 1447 2151 obsidio
1464 2094 1498 2152 et
1512 2086 1627 2151 missis

390 2215 449 2280 per
465 2191 607 2272 Gallias,
625 2195 683 2282 qui
699 2193 824 2259 auxilia
837 2194 1052 2260 concirent...
1068 2193 1221 2282 (Milites)
1234 2193 1463 2261 fremebant...
1482 2192 1626 2259 Civilern

390 2309 477 2366 stare
502 2309 630 2379 contra,
666 2310 795 2366 struere
825 2303 951 2381 aciem,
984 2299 1215 2366 llordeonium
1240 2327 1258 2366 e
1282 2300 1436 2366 eubiculo
1452 2309 1485 2366 et
1502 2300 1627 2367 lectulo

391 2406 505 2473 iubere
524 2408 689 2496 quidquid
708 2408 797 2474 hosti
817 2408 1025 2474 conducat...
1045 2408 1278 2474 Flammavere
1302 2410 1440 2497 insuper
1453 2408 1585 2474 adlatae
1608 2431 1628 2472 a

391 2515 599 2602 Vespasiano
613 2515 758 2592 litterae,
786 2538 870 2604 quas
890 2513 1045 2596 Flaccus,
1071 2516 1151 2604 quia
1172 2516 1334 2581 occultari
1350 2515 1547 2605 nequibant,
1566 2537 1626 2602 pro

390 2623 546 2688 contione
560 2623 725 2700 recitavit,
752 2622 964 2710 vinctosque,
978 2623 1036 2710 qui
1051 2621 1257 2702 adtulerant,
1272 2622 1314 2688 ad
1326 2623 1499 2688 Vitellium
1521 2622 1624 2688 misit.

393 2767 436 2778 -
450 2729 507 2808 lV,
528 2731 579 2794 25.
600 2729 699 2794 Miles
714 2728 848 2817 culpam
874 2729 983 2794 cladis
1007 2730 1041 2793 in
1072 2728 1304 2794 llordeonium
1320 2730 1515 2798 vertebat...
1543 2729 1629 2794 llor-

392 2835 535 2900 deonius
557 2834 769 2923 exemplares
789 2837 941 2901 omnium
971 2837 1170 2914 litterarum,
1190 2836 1314 2924 quibus
1329 2860 1388 2925 per
1407 2836 1627 2925 (provincias)

390 2942 516 3007 auxilia
549 2942 679 3021 orabat,
701 2943 863 3009 exercitui
905 2944 1101 3009 recitavit...
1124 2943 1194 3007 Nec
1212 2952 1374 3009 terrorem
1390 2945 1492 3009 unius
1511 2943 1629 3009 militis

391 3049 527 3114 vincula
554 3049 759 3131 indiderant,
791 3051 874 3140 quin
907 3051 996 3115 idem
1023 3050 1080 3116 illo
1107 3050 1271 3136 arguebat
1286 3050 1375 3116 ultro
1387 3052 1629 3117 conscientiam

391 3156 498 3237 ducis,
513 3163 686 3245 tamquam
711 3158 850 3223 nuntius
861 3158 949 3222 inter
969 3157 1112 3223 Civilem
1134 3157 1358 3247 Flaccumque
1384 3157 1470 3223 lalso
1490 3158 1629 3223 crimine

392 3265 487 3329 testis
503 3265 573 3329 veri
588 3265 875 3352 opprimeretur...
898 3265 996 3329 Exim
1026 3287 1195 3330 consensu
1219 3264 1532 3356 ducem(1)illium)
1563 3266 1629 3330 Vo-

390 3371 500 3435 culam
533 3371 764 3459 poscentibus
797 3372 940 3436 Flaccus
980 3396 1147 3438 summam
1177 3395 1287 3437 rerurn
1322 3373 1352 3436 ei
1385 3374 1550 3460 permisit.
1587 3412 1629 3420 -

391 3478 448 3558 lV,
470 3504 524 3566 27.
547 3478 647 3544 lledit
669 3480 703 3543 in
736 3479 966 3544 llordeonium
992 3481 1130 3556 iuvidia;
1161 3479 1257 3543 illum
1278 3489 1449 3545 auctorem
1476 3480 1626 3558 sceleris,

390 3586 479 3651 hunc
495 3586 715 3673 (Herennium
737 3586 889 3672 Gallum)
905 3588 1098 3652 ministrum
1122 3595 1256 3662 vocant,
1279 3586 1386 3651 donec
1402 3588 1542 3653 exitium
1568 3588 1630 3650 rni-

391 3692 578 3758 nitantibus
597 3694 780 3758 exterritus
811 3694 1037 3781 proditionem
1063 3703 1097 3759 et
1126 3695 1198 3782 ipse
1231 3695 1630 3759 llordeonioobiecit.-

388 3799 446 3880 lV,
465 3800 518 3866 31.
539 3800 644 3865 Vetus
660 3800 757 3865 miles
771 3799 1005 3867 cunctabatur.
1025 3801 1091 3866 Sed
1107 3801 1264 3887 adigente
1280 3801 1474 3865 llordeonio
1492 3800 1625 3877 Flacco,

388 3906 594 3972 instantibus
619 3906 775 3988 tribunis,
793 3908 880 3973 dixit
904 3909 1134 3995 (Vespasiani)
1150 3917 1412 3973 sacramentum.
1430 3945 1474 3956 -
1496 3908 1554 3984 lV,
1574 3908 1627 3973 36.

391 4013 554 4099 Legiones
579 4013 777 4079 donativum
804 4023 1003 4102 exposcunt,
1035 4023 1209 4102 comperto
1233 4017 1413 4102 pecuniam
1439 4040 1457 4079 a
1494 4013 1632 4080 Vitellio

390 4121 539 4186 missam.
559 4120 627 4185 Nec
643 4121 702 4186 diu
715 4131 893 4187 cunctatus
906 4122 1122 4186 llordeonius
1134 4123 1268 4186 nomine
1282 4122 1478 4210 Vespasiani
1494 4121 1629 4188 dedit...

393 4228 546 4292 Veterem
559 4229 591 4291 iu
607 4228 838 4293 llordeoniurn
848 4229 933 4292 irum
944 4236 1119 4310 renovant,
1132 4252 1194 4293 nec
1204 4228 1274 4294 ullo
1287 4228 1476 4314 legatorum
1485 4229 1633 4294 tribuno.

390 4357 507 4399 rumve
532 4334 696 4399 obsistere
714 4359 808 4416 auso,
844 4336 969 4424 quippe
1002 4359 1136 4399 omnem
1158 4335 1320 4422 pudorem
1353 4361 1420 4401 nox
1442 4335 1628 4408 ademerat,

391 4452 598 4528 protractum
613 4469 629 4506 e
651 4442 754 4507 cubili
773 4443 993 4507 interliciunt.
1011 4481 1054 4490 -
1066 4442 1122 4522 lV,
1140 4443 1192 4508 55.
1211 4445 1303 4508 Ante
1320 4443 1430 4508 Flacci
1447 4443 1633 4508 llordeonii

388 4549 525 4614 caedem
534 4549 616 4612 nihil
627 4551 791 4636 prorupit,
805 4572 872 4637 quo
884 4550 1070 4613 coniuratio
1079 4549 1343 4636 intellegeretur.
1356 4551 1535 4616 lnterl'eeto
1547 4550 1632 4614 llor-

389 4655 510 4720 deonie
525 4679 756 4721 commeavere
772 4657 882 4721 nuntii
898 4657 985 4721 inter
996 4656 1140 4721 Civilem
1157 4656 1561 4746 Classicunrque...-lV,
1576 4677 1630 4746 77.

390 4763 570 4850 (Loquitur
583 4762 724 4828 l'etilius
736 4762 892 4848 Cerialis)
912 4791 926 4820 α
947 4762 1022 4828 Non
1041 4763 1210 4834 Flaccum.
1240 4764 1361 4853 inquit.
1384 4788 1453 4829 non
1470 4764 1632 4829 Voculam

390 4869 560 4935 deseritis:
581 4869 674 4935 nulla
686 4870 738 4933 lrie
755 4871 940 4957 proditio».
954 4909 997 4918 —
1014 4872 1053 4951 V,
1067 4871 1119 4935 26.
1132 4870 1251 4934 Civilis
1265 4872 1309 4936 ita
1325 4872 1452 4960 coepit:
1470 4901 1485 4930 a
1499 4869 1634 4949 ...Quae

390 4976 905 5065 Antoniusll’rirnus)elristulis‚
916 4976 1129 5041 llordeonius
1142 4978 1282 5042 Flaccus
1288 5002 1448 5066 praesens
1461 4979 1632 5045 monebat·
