3709 6234
351 829 403 887 193
897 826 1079 881 curvarum

395 970 705 1059 coniugioaccepit.
721 1008 765 1020 -
780 969 812 1052 6,
825 971 880 1047 45.
897 969 980 1034 Post
1002 976 1146 1036 mortem
1165 967 1339 1050 Claudiae,
1366 991 1469 1057 quam
1489 975 1630 1056 nuptam

395 1080 494 1166 (Gaio
511 1077 663 1160 Caesari)
678 1075 806 1143 rettuli.

349 1185 586 1274 (CLAVDIA)
605 1182 737 1265 ACTE,
759 1207 792 1250 v.
813 1183 943 1249 ACTE.

350 1292 613 1380 (Ctavbma)
625 1289 843 1372 ANTONIA,
862 1314 896 1357 v.
913 1289 1120 1356 ΑΝΤΟΝΙΑ
1135 1289 1284 1378 (Claudii
1298 1289 1395 1372 filia).

349 1397 829 1489 (C1.AvD1n)AVGVSTA,
847 1421 881 1466 v.
899 1398 1126 1464 AVGVSTA.
1147 1397 1308 1484 (Neronis
1325 1396 1419 1480 filia).

352 1505 585 1594 (CLAVDlA)
608 1504 823 1588 OCTAVIA,
840 1529 873 1571 v.
891 1504 1095 1571 OCTAVlA
1115 1504 1264 1592 (Claudii
1284 1504 1380 1592 lilia).

351 1613 555 1680 CLAVDIA
570 1611 798 1697 PVLCHRA,
812 1612 1029 1679 PVLCHRA
1042 1613 1064 1681 ¹.
1082 1653 1125 1662 -
1139 1615 1172 1693 d,
1191 1612 1245 1678 52.
1255 1613 1303 1677 At
1318 1612 1445 1677 Romae
1460 1621 1631 1678 commota

396 1721 562 1810 principis
591 1720 704 1796 domo,
730 1727 769 1787 ut
790 1721 895 1786 series
916 1719 1019 1786 luturi
1038 1722 1071 1786 in
1088 1720 1314 1808 Agrippinam
1334 1720 1430 1785 exitii
1455 1721 1631 1807 inciperet,

396 1827 693 1894 ClaudiaPulchra
708 1827 845 1892 sobrina
860 1829 933 1893 eius
944 1827 1136 1916 postulatur
1148 1836 1329 1894 accusante
1343 1827 1492 1893 Domitio
1504 1827 1630 1895 Atro...

397 1935 534 2002 Crimen
545 1935 788 2023 impudicitiae,
802 1935 994 2001 adulterum
1002 1936 1176 2018 Furnium,
1185 1915 1348 2001 veneficia
1359 1936 1393 2001 in
1405 1936 1591 2024 principem
1600 1943 1634 2001 et

396 2044 595 2110 devotiones
605 2042 1172 2132 obiectabat.Agrippina...pergit
1186 2043 1229 2108 ad
1238 2041 1451 2110 Tiberium...
1468 2064 1475 2111 :
1495 2070 1511 2103 a
1530 2042 1633 2108 Frus-

394 2160 447 2218 tra
467 2151 647 2218 Pulchram
672 2150 865 2238 praescribi,
891 2151 946 2216 cui
960 2151 1033 2216 sola
1046 2150 1141 2216 exitii
1161 2174 1263 2216 causa
1282 2150 1338 2233 sit,
1361 2150 1452 2239 quod
1465 2150 1629 2238 Agrippi-

396 2282 476 2325 nam
497 2256 601 2323 stulte
625 2281 765 2345 prorsus
789 2258 832 2323 ad
846 2258 976 2324 cultum
1002 2258 1166 2345 delegerit
1185 2309 1207 2323 ..
1228 2257 1409 2323 »Pulchra
1433 2264 1467 2322 et
1486 2256 1633 2322 Furnius

396 2367 614 2432 damnantur.
653 2404 696 2414 -
729 2377 761 2448 4,
797 2365 850 2431 66.
886 2365 1170 2454 Corripueratque
1214 2366 1341 2430 Varum
1385 2364 1631 2444 Quintilium...

399 2474 568 2539 Domitius
603 2472 687 2538 Aser
715 2471 878 2539 Claudiae
906 2471 1078 2543 Pulchrae.
1104 2474 1223 2539 matris
1251 2474 1323 2538 eius
1347 2473 1631 2539 condemnator...

362 2580 565 2647 CLAVDIA
586 2579 757 2659 QVINTA
767 2579 791 2647 Ι.
809 2620 852 2629 —
867 2588 900 2661 a,
923 2580 977 2657 dl.
1001 2580 1118 2666 (Cum)
1142 2582 1274 2647 cunctis
1302 2581 1429 2646 circum
1459 2580 1634 2668 flagranti-

399 2689 463 2754 bus
474 2685 546 2753 sola
562 2686 686 2753 Tiberii
700 2686 871 2773 effigies...
889 2688 1053 2753 inviolata
1072 2689 1266 2771 mansisset,
1285 2686 1547 2776 (memorabant)
1558 2710 1634 2753 eve-

397 2795 488 2861 nisse
503 2795 538 2860 id
552 2794 634 2859 olim
660 2794 821 2860 Claudiae
836 2795 982 2873 Quintae
996 2796 1136 2883 eiusque
1158 2803 1305 2861 statuam
1329 2795 1398 2860 vim
1422 2795 1552 2882 ignium
1581 2793 1633 2860 bis

398 2902 547 2991 elapsam
565 2902 708 2967 maiores
724 2900 813 2990 apud
828 2901 947 2967 aedem
958 2903 1076 2968 matris
1092 2902 1192 2969 deum
1211 2904 1475 2969 consecravisse.
1489 2903 1633 2967 Sanctus

399 3018 624 3099 acceptosque
639 3009 837 3075 numinibus
859 3008 1019 3077 Claudios
1041 3062 1063 3079 ..

357 3117 561 3186 CLAVDIA
580 3116 806 3183 SACRATA.
829 3158 872 3167 -
893 3118 935 3200 V,
955 3143 995 3183 22
1032 3120 1221 3208 (Germani)
1236 3120 1439 3208 praetoriam
1455 3141 1632 3200 navem...,

397 3225 468 3291 illic
478 3226 598 3291 ducem
610 3225 686 3304 rati,
697 3224 882 3312 abripiunt.
894 3225 1066 3315 (Petilius)
1075 3226 1216 3293 Cerialis
1226 3226 1306 3292 alibi
1317 3234 1450 3292 noctem
1461 3233 1588 3312 egerat,
1598 3235 1635 3292 ut

398 3334 552 3423 plerique
562 3332 747 3416 credidere,
764 3331 807 3396 ob
818 3340 975 3421 stuprum
987 3334 1148 3400 Claudiae
1156 3333 1336 3400 Sacratae³
1354 3332 1631 3399 mulieristiae.

356 3439 620 3507 CLAVDlALE
638 3438 926 3505 FLAMONIVM.
940 3481 983 3490 -
1004 3441 1053 3523 13,
1073 3467 1103 3507 2.
1123 3442 1258 3506 llecreti
1274 3449 1338 3507 eta
1359 3449 1479 3507 senatu
1494 3440 1635 3529 (Agrip-

398 3548 511 3637 pinae)
526 3548 593 3613 duo
611 3548 759 3625 lictores,
775 3548 972 3612 flamonium
990 3547 1208 3615 Claudiale...
1233 3545 1234 3549 ¹

355 3654 638 3732 CLAVDIANA,
656 3654 736 3719 VM.
750 3693 793 3703 -
815 3657 865 3736 il,
889 3678 938 3721 ιι.
958 3655 1060 3743 (Nero
1076 3654 1199 3721 litteris
1213 3655 1256 3720 ad
1280 3664 1437 3721 senatum
1459 3663 1538 3744 post
1552 3679 1635 3721 cae-

398 3763 474 3828 dem
488 3761 698 3850 agrippinae
714 3761 843 3848 missis)
860 3769 1051 3850 temporum
1065 3786 1200 3851 quoque
1212 3762 1480 3830 Claudianorum
1495 3762 1634 3852 obliqua

399 3868 621 3933 insectatione
636 3876 758 3932 cuncta
776 3868 849 3932 eius
869 3868 1110 3934 dominationis
1124 3870 1252 3956 flagitia
1266 3871 1300 3934 in
1319 3878 1462 3937 matrem
1486 3878 1635 3936 transtu-

399 3974 481 4043 lit...
499 4016 542 4024 —
558 3974 602 4059 ll,
615 3976 669 4041 85.
687 3975 798 4040 Tertia
814 3974 903 4062 legio
918 3976 1112 4065 exemplum
1128 3977 1248 4042 ceteris
1266 3977 1414 4043 Moesiae
1441 3977 1635 4065 legionibus

399 4083 556 4173 praebuit
574 4082 859 4171 (transgrediendi
884 4084 917 4148 in
944 4091 1057 4171 partes
1085 4084 1300 4173 Vespasiani)
1319 4107 1326 4166 ;
1345 4093 1464 4151 octava
1491 4094 1563 4153 erat
1597 4110 1635 4152 ac

400 4190 543 4278 septima
563 4187 763 4271 Claudiana,
787 4189 935 4256 imbutae
955 4190 1069 4257 lavore
1094 4191 1280 4259 Othonis...
1296 4233 1339 4242 -
1358 4192 1419 4269 ΙΙΙ,
1433 4218 1467 4282 9.
1495 4193 1635 4259 Interim

306 4293 314 4307 ‘
399 4298 556 4385 Aponius
571 4296 775 4362 Saturninus
790 4320 866 4362 cum
883 4298 1016 4385 legione
1030 4299 1173 4387 septima
1198 4298 1386 4366 Claudiana
1398 4301 1546 4366 advenit.
1575 4303 1635 4367 Le-

389 4549 397 4581 ¹
418 4547 545 4609 Pansam,
562 4552 633 4614 ⁸75?

516 4630 652 4693 Beiname,
675 4634 737 4682 weil
760 4636 799 4684 sie
819 4637 862 4685 dic
887 4637 973 4687 ltinlte
986 4638 1103 4687 Tochter
1128 4653 1194 4690 war.
1212 4655 1225 4685 »
1240 4639 1588 4702 (Nireunnur-Amrrrnsnx.)
1606 4666 1636 4675 -

387 4633 425 4674 2«
445 4628 501 4677 Der·

356 4728 366 4749 a
388 4708 426 4755 lm
444 4709 524 4757 Sinnc
547 4712 595 4758 des
619 4713 728 4762 'lucitus
753 4716 789 4765 ist
805 4717 904 4772 Ouinia
923 4719 999 4767 niclrt
1020 4720 1060 4768 als
1075 4720 1219 4778 Varnamc,
1233 4720 1349 4767 sanaem
1367 4721 1405 4768 uls
1426 4720 1581 4782 Cognomen
1603 4736 1634 4767 zu

356 4788 456 4837 sussen.
471 4791 600 4850 »illarum
625 4792 644 4851 l,
662 4802 741 4851 ¹l-t-
759 4796 906 4846 Beroaldus
919 4815 925 4849 :
938 4798 1074 4859 Quintiae.

386 4883 398 4901 ·'
415 4879 576 4933 auspicatur
599 4878 705 4932 Maura,
724 4876 742 4930 l,
768 4877 805 4933 13,
830 4879 954 4929 Tacitum
977 4881 1004 4928 in
1024 4882 1190 4943 designanda
1216 4881 1329 4930 muliere
1351 4882 1486 4930 interioris
1510 4882 1559 4930 loci
1579 4883 1634 4931 duo

357 4950 463 4999 nomina
481 4966 683 5003 nnnnnnnnnnnn
683 4957 691 5003 l
695 4957 824 5009 tribuisse.
