3709 6234
293 809 343 863 los
846 810 1011 863 cauatam

292 951 555 1031 CAMILLVS',
578 975 611 1016 v.
635 951 691 1014 Fl'
696 951 799 1017 llll'S
815 949 1019 1017 CAMlLLV
1023 950 1058 1015 S.

290 1059 522 1125 CAMlLLl'S
547 1057 892 1136 SCRlBONIAa'vs,
925 1056 1170 1136 CAMILLt's
1200 1054 1571 1123 scamoniam&

332 1206 376 1216 -
391 1167 422 1246 6,
443 1191 470 1232 r.
488 1165 550 1255 Cn.
570 1166 740 1231 Domitius
755 1173 788 1230 et
815 1163 982 1230 Camillus
1011 1163 1255 1229 Scribonianus
1281 1163 1496 1229 consulatum
1508 1163 1574 1227 ini-

333 1281 469 1340 erant...
490 1311 529 1323 -
552 1298 601 1350 ra,
625 1275 678 1338 52.
713 1273 815 1338 Pater
837 1271 1052 1338 Scriboniani
1068 1269 1235 1335 Camillus
1254 1294 1347 1336 arma
1362 1270 1575 1359 perDalma-

333 1382 414 1448 tiam
427 1388 596 1462 moverat3
611 1380 712 1469 idque
742 1380 783 1445 ad
811 1378 1028 1445 elementiam
1051 1376 1207 1444 trahebat
1225 1377 1414 1466 (Claudius)
1434 1378 1572 1456 Caesar,

331 1487 422 1577 quod
438 1489 577 1577 stirpem
593 1487 752 1553 hostilem
775 1488 896 1552 iterum
915 1492 1142 1551 conservaret.
1168 1524 1210 1534 —
1231 1485 1256 1565 l,
1281 1487 1336 1573 89.
1360 1484 1574 1550 Scriboniani

331 1603 449 1661 contra
466 1594 648 1660 Claudium
667 1596 800 1682 incepta
816 1593 917 1660 simul
935 1593 1048 1658 audita
1066 1599 1099 1657 et
1114 1593 1270 1659 coercita.
1287 1630 1331 1641 —
1350 1592 1394 1670 ll,
1417 1593 1470 1680 75.
1490 1593 1575 1658 «sie

331 1702 590 1769 Scribonianum
630 1702 693 1767 sub
720 1700 864 1766 Claudio
893 1700 1121 1779 interfectum,
1151 1701 1201 1765 sie
1242 1723 1476 1787 percussorem
1500 1701 1574 1766 eius

332 1810 548 1896 Volaginium
570 1833 587 1874 e
611 1809 766 1897 gregario
791 1809 834 1873 ad
858 1831 990 1873 summa
1013 1807 1154 1873 militiae
1177 1815 1426 1895 proveetum.»

288 1917 513 1983 CAMPANI.
533 1956 574 1966 -
595 1916 626 1994 3,
649 1941 679 1982 a.
704 1916 881 2003 (Edixerat
896 1915 1080 2003 Tiberius),
1105 1923 1141 1980 ut
1160 1916 1381 2002 magistratus
1396 1914 1574 1981 Calabriae

333 2025 506 2113 Apulique
521 2031 554 2089 et
575 2023 739 2111 Campani
768 2047 925 2111 suprema
948 2046 1028 2109 erga
1053 2022 1249 2088 memoriam
1266 2022 1327 2088 filii
1347 2023 1400 2088 sui
1420 2023 1574 2110 (Germa-

333 2133 412 2219 nioi)
435 2132 548 2197 munia
569 2131 805 2218 fungerentur.

292 2239 547 2306 CAblPANlA.
565 2277 608 2287 -
630 2238 660 2316 3,
678 2238 731 2304 31,
747 2237 829 2302 Eius
849 2238 928 2301 anni
952 2237 1119 2325 principio
1141 2235 1294 2302 Tiberius
1322 2239 1417 2326 quasi
1438 2239 1575 2304 {irman-

329 2348 391 2412 dae
412 2346 597 2412 valetudini
612 2346 646 2410 in
663 2345 883 2432 Campaniam
899 2345 1077 2415 concessit.
1095 2382 1140 2395 -
1155 2344 1173 2406 3
1205 2347 1257 2432 47.
1290 2344 1465 2411 Dolabella
1489 2348 1572 2412 Cor-

331 2454 482 2520 nelius...
505 2454 637 2518 censuit
653 2460 689 2517 ut
708 2475 814 2516 ovans
834 2475 851 2516 e
866 2450 1051 2539 Campania
1067 2451 1185 2517 urbem
1202 2452 1356 2518 introiret
1372 2453 1569 2545 (Tiberius).

331 2598 375 2614 -
389 2562 419 2640 3,
439 2563 492 2649 59.
514 2558 725 2645 (Queruntur
736 2566 909 2623 senatores
925 2559 1073 2623 Drusum
1091 2582 1151 2647 per
1177 2558 1309 2625 litteras
1334 2560 1443 2648 egisse
1457 2571 1572 2649 grates

331 2669 373 2733 de
393 2667 572 2733 tribunicia
602 2674 767 2754 potestate
799 2665 948 2753 conlata)
971 2697 986 2726 «
1007 2666 1182 2732 ...Bellum
1204 2667 1407 2734 scilieetaut
1435 2668 1571 2736 diverso

333 2784 497 2841 terrarum
510 2774 676 2851 distineri,
695 2774 794 2838 litora
811 2781 844 2838 et
859 2773 953 2839 lacus
969 2773 1173 2861 Campaniae
1197 2797 1272 2839 cum
1303 2776 1448 2841 maxime
1468 2801 1572 2865 pera-

331 2890 527 2969 grantem...
548 2910 562 2939 a
578 2920 622 2930 -
637 2884 669 2959 4,
694 2881 849 2969 57.lnter
865 2903 951 2969 quae
971 2933 991 2947 ..
1018 2880 1153 2945 tandem
1174 2880 1353 2970 (Tiberius)
1384 2881 1509 2948 Caesar
1537 2887 1571 2951 in

270 2994 274 3004 '
333 2989 553 3075 Campaniam
568 2987 774 3075 (abscessit).
790 3026 834 3038 -
859 2991 889 3066 l,
906 2987 962 3077 67.
980 2990 1028 3053 At
1044 2987 1180 3064 Caesar,
1202 2988 1364 3054 dedicatis
1378 3013 1437 3078 per
1468 2993 1571 3057 Cam·

332 3096 465 3184 paniam
501 3095 675 3183 templis...
701 3134 741 3144 —
763 3098 794 3172 4,
822 3098 875 3183 74.
907 3095 1000 3160 Satis
1034 3096 1146 3160 visum
1183 3096 1330 3186 (Tiberio
1359 3105 1392 3162 et
1431 3097 1570 3188 Seiano)

333 3203 488 3267 omittere
518 3201 666 3266 insulam
700 3210 733 3265 et
763 3202 797 3265 iu
827 3202 982 3289 proximo
1013 3202 1217 3290 Campaniae
1251 3203 1391 3291 adspioi.
1413 3243 1458 3255 -
1481 3205 1514 3282 6,
1541 3232 1569 3274 1.

334 3310 458 3374 Caesar
482 3309 651 3389 tramisso,
680 3308 770 3396 quod
796 3309 945 3395 Capreas
973 3316 1007 3373 et
1031 3309 1231 3375 Surrentum
1274 3310 1437 3392 interluit,
1485 3312 1572 3380 lreto

334 3417 553 3505 Campaniam
577 3414 803 3503 praelegebat.
819 3454 862 3464 -
884 3415 933 3495 13,
953 3415 1005 3479 26.
1026 3444 1040 3474 a
1064 3416 1153 3494 Quid
1164 3416 1359 3483 enimaliud
1389 3418 1480 3484 laeso
1514 3445 1573 3509 pa·

333 3532 430 3589 trono
444 3546 654 3598 eoncessum,
680 3546 782 3611 quam
815 3530 853 3587 ut
877 3522 1100 3587 centesimum
1135 3523 1224 3589 ultra
1248 3524 1393 3611 lapidem
1423 3527 1457 3591 in
1478 3550 1573 3594 oram

334 3630 536 3718 Campaniae
550 3629 709 3695 libertum
730 3629 855 3716 releget
875 3630 890 3693 ?
909 3657 923 3686 »
944 3667 988 3677 -
1009 3631 1056 3706 πή,
1082 3653 1129 3695 ιο.
1155 3630 1348 3718 (luterleota
1380 3634 1572 3723 Agrippina

334 3738 496 3825 Neronis)
514 3738 654 3804 amici...
668 3738 760 3802 adire
777 3736 914 3824 templa,
933 3744 966 3801 et
980 3744 1099 3824 coepto
1115 3738 1271 3826 exemplo
1292 3741 1445 3826 proxima
1469 3742 1572 3807 Cam-

335 3846 452 3932 paniae
482 3845 661 3932 municipia
697 3844 844 3908 victimis
864 3851 897 3908 et
927 3843 1153 3930 legationibus
1187 3844 1350 3911 laetitiam
1378 3850 1505 3915 testari.
1528 3891 1572 3901 —

340 3954 389 4032 ιά,
416 3952 452 4014 ι3
483 3951 608 4015 'l'amen
625 3952 775 4016 cunctari
791 3951 893 4034 (Nero
907 3951 1131 4038 postcaedem
1149 3953 1373 4041 Agrippinae)
1388 3955 1421 4020 in
1437 3959 1572 4046 oppidis

337 4058 554 4145 Campaniae,
571 4080 718 4145 quonam
736 4058 836 4121 modo
854 4057 971 4123 urbem
986 4058 1573 4144 ingrederetur...-1d,60.Move·

337 4173 431 4231 tur...
450 4165 558 4252 primo
583 4163 738 4251 (Octavia
759 4189 776 4228 a
801 4164 945 4250 Nerone)
960 4165 1070 4229 civilis
1095 4165 1227 4230 discidii
1248 4168 1400 4256 specie...
1435 4171 1518 4237 Mox
1538 4173 1572 4238 in

336 4274 556 4361 Campaniam
578 4272 675 4359 pulsa
692 4280 744 4337 est
759 4273 871 4337 addita
893 4273 1029 4338 militari
1049 4273 1213 4341 custodia.
1240 4316 1272 4328 -
1304 4278 1354 4355 14,
1387 4277 1440 4343 61.
1468 4279 1570 4368 (Que-

335 4383 419 4447 ritur
434 4382 591 4468 Poppaea
606 4380 696 4467 apud
720 4380 912 4465 Neronem)
989 4404 1004 4444 «
1023 4380 1204 4446 Omitteret
1218 4382 1318 4447 modo
1349 4383 1571 4474 Campaniam

333 4498 365 4554 et
390 4490 422 4552 in
443 4488 561 4554 urbem
577 4488 648 4574 ipsa
669 4496 823 4575 pergeret
844 4487 1026 4573 (Octavia),
1054 4488 1095 4552 ad
1125 4489 1220 4553 ouius
1252 4498 1373 4556 nutum
1420 4491 1572 4561 absentis

318 4754 326 4786 ¹
342 4753 394 4801 Pro
410 4755 522 4803 consule
540 4756 661 4804 Africae.

316 4833 328 4867 ²
341 4833 368 4881 L.
386 4836 532 4885 Arruntius
543 4835 671 4886 Camillus
683 4837 879 4885 Scribonianus
890 4838 946 4886 sire
963 4839 1059 4888 Furius
1074 4841 1202 4890 Camillus
1224 4841 1428 4895 Scribonianus.
1446 4844 1572 4908 Pnosor„

287 4915 320 4972 A,
338 4913 393 4975 9³0.
