3709 6234
385 865 440 921 662
954 867 1103 921 TIBElthS

387 1009 607 1082 TIBERlVS.
633 1007 841 1074 TlBElllVS
886 1008 1022 1090 NERO,
1066 1008 1202 1090 NERO,
1231 1009 1439 1075 TIBEllll'S
1466 1009 1676 1089 CAESAR,

432 1117 626 1196 CAESAR,
643 1115 922 1187 TlBEllIOLVS.
942 1116 1123 1182 CAESAR
1144 1116 1355 1182 TIBERIVS
1372 1117 1393 1184 ¹.
1411 1156 1455 1168 -
1473 1142 1499 1198 r,
1530 1143 1559 1184 ι.
1573 1119 1679 1185 Tibe-

430 1227 471 1291 rii
486 1225 628 1313 Gaiique
643 1232 676 1289 et
694 1224 827 1289 Claudii
841 1247 880 1289 ac
896 1224 1041 1289 Neronis
1066 1248 1120 1290 res
1144 1224 1342 1290 florentibus
1369 1225 1452 1312 ipsis
1480 1225 1525 1291 ob
1541 1234 1676 1292 metum

430 1334 575 1399 falsae...
594 1331 783 1397 Consilium
799 1332 923 1400 mihi...
941 1331 1114 1399 tradere...
1138 1330 1261 1397 Tiberii
1278 1332 1567 1421 principatum-
1590 1357 1620 1409 1,
1642 1335 1675 1402 3.

431 1442 650 1527 Airgustus...
672 1438 843 1504 Tiberium
859 1438 1028 1504 Neronem
1045 1448 1078 1505 et
1099 1439 1280 1505 Claudium
1312 1440 1461 1504 Drusum
1490 1441 1679 1528 privignos

429 1548 655 1636 imperatoriis
678 1546 875 1611 nominibus
903 1548 1010 1626 auxit,
1033 1548 1166 1634 integra
1193 1548 1387 1612 etiamtum
1413 1547 1514 1612 domo
1537 1568 1675 1615 sua

429 1655 589 1740 (Mortuis
605 1655 770 1742 Agrippa,
790 1654 892 1719 Lucio
908 1662 942 1719 ct
962 1654 1046 1719 Gaio
1068 1653 1298 1743 Caesaribus),
1330 1654 1508 1743 Drusoque
1538 1656 1677 1744 pridem

431 1764 612 1842 exstincto,
626 1761 715 1826 Nero
731 1760 824 1826 solus
840 1762 1034 1848 eprivignis
1049 1768 1132 1827 erat.
1152 1762 1368 1827 llluceuncta
1379 1784 1519 1848 vergere
1538 1782 1545 1828 ε
1564 1762 1676 1842 lilius,

430 1869 561 1956 collega
575 1868 718 1955 imperii,
732 1891 871 1933 consors
893 1867 1091 1934 tribuniciae
1107 1869 1286 1956 potcstatis
1315 1869 1506 1934 adsumitur
1526 1893 1677 1936 omnes-

430 2001 495 2066 que.
517 1999 575 2065 per
595 1976 764 2041 exercitus
794 1983 1028 2042 ostentatur...
1055 1976 1263 2065 (Augustus)
1294 1977 1581 2044 Germanicum...
1616 1978 1678 2042 ad-

430 2086 549 2153 sciri...
566 2107 625 2171 per
640 2082 856 2171 adoptionem
878 2108 895 2148 a
923 2084 949 2147 T
951 2083 1056 2148 iberio
1072 2084 1400 2173 iussit,quamquam
1412 2091 1502 2149 esset
1516 2085 1552 2149 in
1568 2084 1677 2149 domo

430 2190 553 2256 'liberii
581 2190 671 2254 srlins
704 2191 848 2255 iuvenis.
879 2229 923 2241 —
945 2194 1021 2268 hl·
1049 2217 1066 2252 a
1098 2190 1269 2256 Tiberium
1303 2191 1469 2256 Neronem
1496 2200 1674 2258 maturum

429 2299 540 2378 annis,
564 2306 751 2386 spectatum
768 2293 870 2376 bello,
886 2297 946 2362 sed
962 2305 1074 2362 vetere
1090 2305 1191 2386 atque
1206 2299 1308 2363 insita
1329 2297 1492 2364 Claudiae
1520 2298 1676 2365 familiae

431 2405 600 2493 superbia.
614 2405 788 2492 multaque
804 2404 928 2469 indicia
945 2406 1148 2471 saevitiae...
1171 2406 1221 2470 Ne
1247 2407 1288 2470 iis
1309 2405 1447 2494 quidem
1465 2406 1581 2482 annis,
1600 2409 1677 2496 qui·

431 2516 492 2578 bus
513 2512 625 2577 llhodi
641 2513 751 2599 specio
767 2535 920 2578 secessus
936 2512 1016 2577 exul
1037 2514 1279 2599 egerit...»-
1310 2538 1336 2590 1,
1374 2515 1405 2578 5.
1440 2512 1595 2578 l'ixdum
1627 2516 1676 2579 in-

429 2644 566 2705 gressus
578 2619 753 2707 Illyricum
769 2619 922 2684 Tiberius
942 2621 1095 2708 properis
1115 2621 1232 2685 matris
1252 2620 1376 2685 litteris
1398 2621 1542 2701 accitur;
1558 2644 1674 2711 neque

431 2729 514 2792 satis
526 2734 725 2813 conpertum
735 2734 798 2808 est,
810 2728 995 2814 spirantem
1011 2726 1120 2792 adhuc
1138 2729 1334 2814 Augustum
1350 2727 1439 2814 apud
1459 2726 1579 2792 urbem
1604 2729 1674 2794 No·

430 2835 496 2898 lam
513 2857 554 2899 an
571 2836 762 2900 exanimem
787 2835 1012 2923 reppererit...
1037 2835 1187 2899 Provisis
1212 2859 1298 2923 quac
1331 2843 1465 2926 tempus
1489 2837 1670 2914 monebat,

430 2942 532 3007 simul
547 2943 734 3007 excessisse
747 2926 949 3028 ¹Augustum
966 2949 999 3007 et
1020 2965 1131 3006 rerum
1143 2943 1243 3030 potiri
1261 2942 1429 3008 Neronem
1444 2942 1534 3009 lama
1549 2946 1674 3011 eadem

433 3048 520 3115 tulit.
543 3089 586 3098 —
608 3049 681 3126 1‚6.
696 3047 788 3113 Nihil
805 3049 846 3112 (le
867 3049 1037 3133 (Postumi
1058 3050 1229 3137 Agrippae
1255 3049 1371 3137 caede)
1394 3050 1550 3115 'liberius
1581 3054 1676 3141 apud

430 3164 586 3222 senatum
602 3156 772 3221 disseruit.
792 3156 903 3220 Patris
914 3156 1004 3222 iussa
1019 3155 1242 3222 simulabat...
1262 3156 1379 3246 Neque
1393 3164 1537 3223 mortem
1554 3163 1676 3249 nepoti

431 3288 490 3352 pro
505 3265 685 3328 securitate
703 3263 849 3350 privigni
872 3260 1011 3327 inlatam
1031 3263 1191 3328 credibile
1212 3272 1294 3330 erat.
1315 3264 1456 3354 Propius
1470 3289 1551 3330 vero
1571 3267 1675 3333 Tibe·

431 3374 515 3436 rium
529 3396 566 3435 ac
582 3370 827 3438 liviarnillmn
851 3378 955 3439 metu.
975 3371 1059 3434 banc
1076 3371 1312 3435 novercalibus
1337 3372 1434 3442 odiis.
1464 3376 1621 3462 suspecti
1643 3385 1675 3441 et

430 3482 529 3545 invisi
546 3481 677 3543 iuvenis
693 3478 830 3543 caedem
848 3479 1103 3544 festinarisse...
1123 3479 1307 3543 Sallustius
1325 3480 1508 3567 Crispus..
1536 3485 1675 3549 monuit

430 3589 615 3658 Liviam...
634 3610 710 3651 ne...
724 3585 877 3649 Tiberius
897 3587 965 3648 vim
984 3586 1191 3672 principatus
1205 3588 1389 3651 resolveret
1410 3595 1532 3652 cuncta
1550 3590 1596 3652 ad
1615 3615 1674 3655 se·

431 3704 545 3760 natum
563 3693 728 3757 vocando.
748 3731 789 3742 -
812 3718 837 3765 ι,
858 3718 888 3779 7.
907 3695 985 3757 Sex.
1002 3692 1183 3778 Pompeius
1212 3703 1244 3758 et
1274 3695 1352 3760 Sex.
1378 3693 1571 3782 ,lppuleius
1595 3721 1677 3763 eon·

431 3802 522 3866 sules
538 3802 636 3888 primi
654 3802 686 3864 in
708 3799 810 3864 rerba
826 3799 950 3863 'liberii
967 3800 1121 3864 Caesaris
1139 3801 1332 3866 iuravere...
1362 3802 1387 3864 's
1390 3801 1516 3866 iberius
1547 3815 1677 3870 cuncta

430 3934 489 3997 per
509 3907 665 3974 consules
686 3907 909 3993 incipiebat...
941 3907 1153 3978 llrlicturn...,
1176 3932 1242 3996 quo
1268 3918 1380 3996 patres
1409 3910 1596 3975 incuriam
1619 3937 1678 3977 vo-

429 4018 583 4085 cabat...
602 4015 799 4079 tribuniciae
812 4015 989 4100 potestatis
1005 4015 1268 4101 praescriptione
1285 4017 1408 4102 posuit.
1428 4015 1491 4080 sub
1505 4019 1676 4105 Augusto

430 4133 626 4210 acceptae...
641 4162 680 4172 -
707 4147 733 4190 ι,
752 4123 782 4185 8.
797 4123 971 4205 Augrrsti..
1006 4130 1289 4187 testamentum...
1300 4122 1469 4187 'liberium
1489 4133 1524 4189 et
1539 4125 1680 4193 Liviam

432 4231 572 4296 heredes
601 4229 760 4294 habuit...
792 4228 949 4292 Addebat
975 4228 1121 4292 Messala
1159 4230 1312 4293 Valerius
1347 4232 1585 4297 renovandum
1619 4260 1682 4323 pcr

432 4363 538 4403 annos
553 4345 800 4401 sacramentum
816 4337 849 4399 in
868 4359 990 4399 nomen
1005 4335 1140 4413 liberii.
1160 4338 1454 4425 interrogatusque
1478 4361 1496 4401 a
1522 4340 1549 4402 T
1552 4340 1680 4416 iberio.

432 4470 511 4510 num
540 4468 574 4508 se
601 4443 784 4508 niandante
810 4467 882 4506 eam
912 4444 1115 4507 sententiam
1148 4445 1412 4531 prompsisset...
1444 4445 1685 4517 Conclamant

433 4563 545 4642 patres
565 4552 881 4639 corpus(.lngusti)
900 4550 942 4613 ad
955 4575 1072 4635 rogum
1095 4553 1221 4615 umeris
1252 4559 1445 4616 senatorum
1472 4551 1682 4636 ferendum:

433 4661 562 4724 remisit
573 4659 697 4723 Caesar
708 4658 884 4744 adroganti
905 4658 1180 4723 moderatione...
1196 4698 1238 4706 —
1259 4684 1285 4737 ι,
1312 4683 1360 4724 ro.
1378 4660 1458 4745 (Qui
1479 4661 1593 4728 vitam
1609 4670 1686 4733 Au-

432 4769 521 4852 gusti
539 4765 737 4850 arguebant.
755 4764 1022 4848 contendebant)
1041 4788 1081 4828 ne
1098 4764 1269 4829 Tiberium
1286 4766 1422 4852 quidem
1452 4770 1603 4837 ciuitate
1623 4786 1686 4842 aut

421 5000 427 5033 ¹
443 4998 482 5049 Ti.
502 4997 630 5045 Claudius
643 4997 722 5053 Nero,
740 4998 779 5046 Ti.
798 4998 881 5050 lulius
899 4998 1007 5048 Caesar.
1027 4999 1067 5046 Ti.
1084 4998 1184 5045 Caesar
1203 5001 1349 5058 ,trutinae
1368 4998 1491 5057 lunser„
1511 4999 1533 5049 1.
1557 5003 1616 5056 150.
