3709 6234
787 885 927 939 rauvuar
1445 882 1496 941 691

265 1026 386 1093 bellius
401 1028 537 1115 segnior
551 1036 585 1094 et
601 1027 704 1092 nullis
716 1035 904 1093 castrorum
915 1026 1157 1115 experimentis
1177 1028 1334 1094 comitate
1354 1030 1499 1119 quadam

263 1136 403 1201 curandi
428 1135 638 1224 provinciam
668 1135 817 1202 tenuit...
846 1133 1047 1214 Trebellius,
1075 1134 1154 1222 iuga
1174 1158 1211 1200 ac
1232 1135 1370 1201 latebris
1394 1136 1501 1203 vitata

263 1245 434 1310 exercitus
449 1245 499 1310 ira
513 1244 693 1309 indecorus
707 1251 809 1332 atque
830 1243 979 1325 humilis,
1004 1244 1153 1331 precario
1179 1267 1258 1309 mox
1279 1244 1436 1332 praefuit,
1462 1268 1501 1309 ac

263 1353 357 1417 velut
378 1352 467 1440 pacti
502 1352 671 1418 exercitus
696 1350 881 1431 licentiam,
912 1351 981 1416 dux
1011 1351 1157 1416 salutem
1171 1359 1272 1424 esset,
1288 1351 1408 1417 seditio
1427 1351 1500 1418 sine

263 1460 564 1544 sanguinestetit¹.

219 1564 473 1633 TREBONIVS
497 1565 828 1633 GnlthlnNVS·².
862 1602 907 1617 -
936 1565 962 1646 Ι,
994 1591 1025 1655 7.
1062 1565 1248 1655 (Clodium)
1279 1565 1431 1631 Macrum
1464 1565 1499 1630 in

264 1672 378 1738 Africa
394 1673 484 1739 haud
505 1673 605 1739 dubie
621 1674 813 1740 turbantem
835 1673 1024 1739 Trebonius
1047 1673 1277 1740 Garutianus³
1303 1680 1500 1762 procurator

263 1781 358 1846 iussu
373 1781 501 1848 Galbae
511 1781 763 1870 (interiecerat).
1558 1767 1563 1772 .

218 1887 427 1968 TltEVEltl,
456 1889 626 1954 TREVllt
645 1890 748 1977 (sing.
789 1889 884 1977 coll.)
917 1887 1264 1978 TREVllt‚(sing.)⁴.
1294 1927 1336 1940 —
1375 1914 1402 1962 ι,
1442 1892 1497 1968 41.

262 2024 277 2055 «
306 1997 451 2084 Pergere
480 1998 522 2062 ad
556 1998 713 2063 Treviros
744 1997 999 2086 (Agrippinam,
1037 1998 1227 2063 Germanici
1262 2001 1417 2086 uxorem)
1435 2027 1494 2065 »...

263 2104 330 2169 sed
360 2104 443 2169 nihil
470 2128 575 2193 aeque
603 2104 798 2188 (seditiosos
823 2105 965 2193 milites)
987 2106 1082 2170 flexit
1104 2130 1205 2195 quam
1224 2105 1353 2170 invidia
1371 2106 1406 2171 in
1419 2105 1499 2171 Tre-

263 2211 366 2276 viros.
385 2250 428 2260 —
446 2211 478 2288 3,
495 2214 549 2289 to.
569 2212 696 2277 Eodem
726 2235 815 2277 anno
840 2212 1027 2278 Galliarum
1057 2213 1254 2279 civitates...
1282 2212 1499 2279 rebellionem

262 2328 474 2407 coeptavere,
507 2320 602 2385 cuius
631 2320 868 2386 exstimulatur
896 2320 1080 2386 acerrimus
1113 2321 1200 2387 inter
1215 2321 1379 2387 Treveros
1395 2319 1500 2385 lulius

264 2426 425 2493 Florus...
451 2465 495 2477 -
515 2428 546 2508 3,
565 2435 620 2505 Aa.
650 2426 788 2493 lnterim
809 2427 930 2493 Florus
957 2428 1112 2494 insistere
1125 2428 1315 2508 destinatis,
1344 2427 1500 2515 pellicere

263 2533 352 2599 alam
368 2536 534 2623 equitum,
562 2558 648 2623 quae
682 2535 1073 2624 conscriptaeTreveris
1101 2536 1220 2602 militia
1253 2536 1499 2627 disciplinaque

262 2649 376 2707 nostra
411 2641 653 2719 lrabebatur...,
681 2643 846 2732 paucique
871 2643 1023 2731 equitum
1056 2644 1243 2731 corrupti...
1272 2681 1315 2695 —
1334 2645 1365 2726 3,
1381 2647 1435 2722 44.
1452 2646 1500 2709 nt

264 2748 390 2814 llomae
412 2773 478 2814 non
494 2750 659 2816 Treveros
678 2750 825 2816 modoet
840 2750 991 2826 Aeduos,
1009 2750 1068 2816 sed
1091 2758 1252 2840 quattuor
1276 2760 1309 2817 ct
1323 2753 1500 2840 sexaginta

263 2856 449 2922 Galliarum
471 2858 626 2923 civitates
651 2858 834 2924 descivisse
862 2857 1070 2947 (creditum).
1099 2897 1142 2907 -
1172 2859 1203 2940 3,
1236 2859 1290 2937 aa.
1320 2861 1501 2946 (Hortatur

262 2963 366 3029 Silius
386 2965 536 3032 milites:
561 2994 576 3026 α
599 2966 673 3030 Vna
694 2988 801 3054 nuper
820 2966 941 3031 colrors
965 2965 1126 3031 rebellem
1146 2965 1331 3048 Turonum,
1357 2990 1422 3033 una
1448 2967 1500 3033 ala

262 3070 445 3138 Treverum
461 3072 725 3161 (profligavit)...
747 3101 762 3134 r>
779 3110 818 3123 -
832 3073 858 3154 l,
877 3072 930 3138 53.
949 3073 1085 3138 Treveri
1101 3097 1138 3138 ac
1148 3074 1330 3161 Lingones,
1349 3098 1500 3164 quasque

262 3178 345 3244 alias
358 3180 512 3245 civitates
530 3180 700 3245 atrocibus
724 3180 844 3246 edictis
864 3189 921 3246 aut
937 3180 1061 3245 damno
1085 3181 1202 3245 finium
1219 3181 1328 3247 Galba
1342 3182 1500 3270 percule-

262 3296 325 3369 rat,
348 3287 498 3353 hibernis
530 3288 700 3376 legionum
734 3288 1043 3376 (Germanicarum)
1059 3289 1198 3376 propius
1214 3290 1439 3357 miscentur...
1459 3327 1499 3340 -

263 3393 289 3475 Ι,
308 3397 362 3484 57.
390 3394 558 3460 Ardorem
590 3396 799 3461 exercituum
836 3395 1117 3484 Agrippinenses,
1157 3395 1297 3478 Treviri,
1330 3398 1500 3487 Lingones

261 3502 463 3591 aequabant.
494 3539 537 3551 -—
559 3501 583 3581 Ι,
607 3501 661 3569 63.
681 3502 724 3568 Et
752 3502 909 3568 Treviros
937 3501 1073 3592 quidem
1090 3511 1128 3568 ut
1141 3504 1250 3568 socios
1265 3506 1372 3570 securi
1387 3506 1499 3572 adiere

261 3610 449 3697 (Vitelliani
470 3609 622 3697 milites).
644 3608 746 3687 -ΙΙ,
770 3612 821 3687 rt.
834 3608 974 3697 (Fabius
985 3610 1125 3699 Valens)
1136 3612 1331 3677 universam
1346 3613 1497 3678 Treviro-

261 3741 335 3783 rum
363 3719 452 3784 alam
483 3742 559 3784 cum
582 3717 664 3783 lulio
694 3717 844 3783 Classico
877 3718 1046 3806 praelecto
1071 3717 1249 3806 (adversus
1273 3719 1496 3809 Othonianos)

181 3900 188 3915 ι
261 3827 395 3894 misit...
418 3825 630 3892 Trevirorum
648 3834 779 3892 turmae
793 3825 947 3891 obtulere
963 3849 999 3891 se
1016 3826 1105 3891 hosti
1122 3826 1297 3893 incaute...
1321 3867 1361 3879 -
1380 3828 1422 3906 ll,
1442 3831 1495 3896 28.

261 3933 388 3999 Nuntio
404 3933 516 3999 adlato
539 3934 674 4021 pulsam
701 3932 938 3999 Trevirorum⁵
957 3932 1089 3998 alam...
1103 3932 1244 4021 (Fabius
1264 3934 1400 4023 Valens)
1415 3960 1497 4025 par-

262 4049 329 4106 tem
365 4043 570 4106 Batavorum
601 4042 648 4107 ire
667 4042 702 4106 in
718 4040 908 4106 subsidium
943 4039 1077 4106 iubet...
1102 4079 1147 4092 -
1171 4039 1231 4118 ΙΙΙ,
1250 4043 1302 4108 35.
1321 4042 1498 4132 Alpinium

260 4149 462 4215 Montanum
486 4148 692 4237 praelectum
708 4148 856 4213 cohortis
871 4149 920 4232 (in
936 4149 1084 4214 exercitu
1102 4147 1309 4237 Vitelliano),
1332 4151 1422 4239 quod
1446 4152 1499 4218 hic
1528 4165 1534 4178 ‘

261 4256 378 4321 Trevir
393 4257 534 4344 (erat)...
554 4296 596 4307 -
614 4254 674 4340 lv,
693 4261 742 4322 18.
768 4255 935 4344 (Munius)
961 4256 1133 4343 Lupercus
1153 4255 1357 4343 legionarios
1372 4283 1389 4322 c
1405 4282 1499 4347 prae-

262 4362 425 4445 sentibus,
449 4363 592 4429 Vbiose
618 4364 795 4452 proximis,
847 4362 1061 4428 Trevirorum
1094 4364 1225 4452 equites
1263 4363 1351 4429 haud
1398 4365 1499 4453 longe

261 4476 401 4557 agentes
429 4472 553 4558 raptim
595 4471 825 4537 transmisit...
859 4469 1022 4535 Vbiorum
1056 4470 1344 4561 Treverorumque
1374 4475 1499 4539 auxilia

250 4703 256 4738 ¹
277 4704 308 4753 l'.
327 4706 410 4754 ctiam
426 4708 457 4754 rt.
474 4723 498 4769 7.

250 4786 260 4818 ’·'
277 4785 399 4843 Proser„
413 4788 467 4843 245.
482 4813 512 4822 -
529 4785 599 4836 Plut.
615 4804 621 4836 :
639 4787 817 4853 Τρεβωνιανὸς.

249 4864 261 4900 ³
280 4865 361 4929 t'ulg.
379 4882 385 4916 :
406 4866 584 4917 Garurianus.

244 4945 255 4981 ⁴
272 4946 439 4995 varietatem
457 4948 626 5014 scripturae(
635 4947 752 5006 Treueri,
771 4945 900 5008 Treviri),
914 4951 945 4997 ut
959 4950 1001 4996 est
1018 4949 1045 4995 in
1061 4947 1211 5000 codicibus.
1227 4949 1380 4999 observari.

247 5026 259 5060 ⁵
276 5026 300 5078 Ι
317 5042 322 5077 :
343 5028 387 5077 lre
404 5028 510 5078 uirorse.

528 5293 904 5493 Α
