3709 6234
753 863 898 915 arueras
916 862 1036 915 SENECA
1498 858 1531 913 51

247 1002 465 1069 ANNAllVS
496 1002 718 1082 IA'CANVS,
750 1001 960 1069 LVCANVS
985 1002 1213 1085 ANNAEVS,
1240 1002 1531 1068 [manniat-

297 1110 347 1186 15,
378 1114 434 1200 49.
463 1110 620 1177 Lucanus
654 1112 817 1177 Annaeus
841 1110 1063 1200 Plautiusque
1097 1109 1284 1177 Lateranus
1310 1110 1422 1175 vivida
1459 1111 1535 1176 odia

294 1216 439 1283 intulere
449 1217 499 1302 (in
522 1216 561 1283 C.
585 1217 720 1282 Pisonis
735 1217 1033 1305 coniurationem).
1053 1218 1227 1283 Lucanum
1242 1219 1396 1306 propriae
1413 1242 1535 1285 causae

293 1325 537 1406 accendebant,
561 1325 652 1415 quod
679 1324 804 1391 lamam
831 1326 1021 1392 carminum
1042 1327 1114 1391 eius
1128 1325 1303 1414 premebat
1319 1327 1407 1393 Nero
1422 1327 1536 1417 prohi-

293 1431 480 1521 bueratque
518 1440 701 1513 ostentare,
724 1457 833 1499 vanus
853 1432 1126 1501 adsimulatione.
1149 1472 1192 1484 -
1217 1434 1267 1513 15,
1291 1435 1344 1501 56.
1381 1436 1538 1500 Lucanus

294 1540 569 1630 Quintianusque
585 1549 619 1607 et
630 1541 772 1608 Senecio
793 1540 852 1607 diu
872 1541 1035 1620 abnuere;
1053 1550 1142 1630 post,
1159 1543 1324 1629 promissa
1338 1544 1538 1631 impunitate

295 1650 458 1737 corrupti.
489 1674 556 1740 quo
586 1649 778 1716 tarditatem
806 1659 1018 1729 excusarent,
1055 1651 1212 1716 Lucanus
1231 1651 1375 1717 Aciliam
1397 1662 1538 1717 matrem

296 1779 437 1823 suam...
459 1759 688 1824 nominavere.
715 1799 759 1808 —
780 1760 829 1839 15,
852 1757 906 1825 58.
925 1758 1002 1823 Non
1032 1759 1121 1823 enim
1149 1757 1351 1824 omittebant
1383 1757 1539 1824 Lucanus

295 1887 432 1953 quoque
452 1873 485 1932 et
494 1864 635 1932 Senecio
655 1874 689 1932 et
707 1865 912 1946 Quintianus
925 1866 1052 1955 passim
1066 1867 1221 1932 conscios
1236 1866 1401 1933 edere-
1420 1866 1467 1944 15,
1483 1890 1536 1954 70.

299 1970 398 2036 Exim
414 1972 566 2038 Annaei'2
585 1973 711 2039 Lucani
736 1974 873 2039 caredem
900 1975 1044 2062 imperat
1065 1974 1195 2062 (Nero).
1213 1973 1245 2038 ls
1261 1975 1448 2062 profluente
1464 1998 1539 2040 san·

298 2080 459 2167 guina...
485 2082 680 2147 recordatus
713 2105 881 2148 carmena
902 2105 939 2147 se
958 2082 1197 2170 compositum,
1226 2105 1294 2169 quo
1325 2080 1537 2147 vulneratum

299 2186 487 2254 militem...
502 2188 616 2255 obisse
627 2188 825 2268 tradiderat,
839 2212 960 2254 versus
970 2188 1063 2277 ipsos
1082 2190 1223 2261 rettulit,
1239 2212 1344 2277 eaque
1360 2188 1409 2253 illi
1425 2213 1540 2280 supre-

299 2318 352 2358 ma
372 2317 440 2359 vox
456 2294 530 2360 luit.
552 2297 663 2374 -15,
688 2321 741 2385 7¹·
760 2295 871 2362 Acilia
884 2304 992 2363 rnatcr
1010 2296 1142 2362 Annaei
1160 2296 1285 2361 Lucani
1318 2298 1390 2361 sinc
1404 2297 1541 2363 ahsolu-

302 2402 405 2482 tione,
428 2404 500 2469 sine
520 2402 688 2491 supplicio
722 2404 950 2470 dissimulata.
977 2443 1019 2451 -
1051 2403 1101 2480 16.
1134 2428 1183 2492 ¹7·
1214 2403 1377 2469 Annaeus
1405 2405 1538 2472 Mela...

300 2512 477 2576 Annaeum
496 2511 669 2577 Lucanum
696 2520 873 2600 genuerat,
895 2511 1022 2599 grande
1054 2511 1287 2576 adiumentum
1315 2511 1537 2578 claritudinis.

301 2615 376 2695 Quo
391 2616 581 2697 interfecto,
596 2617 676 2682 dum
690 2640 760 2683 rem
780 2616 978 2681 familiarem
994 2616 1067 2682 eius
1095 2616 1217 2680 acriter
1235 2615 1386 2703 requirit,
1409 2638 1543 2680 accusa·

302 2732 409 2789 torem
438 2725 586 2790 concivit
614 2724 754 2790 Fabium
783 2724 987 2802 Romanum,
1024 2746 1065 2788 ex
1094 2722 1222 2787 intimis
1252 2722 1377 2786 Lucani
1412 2721 1541 2787 amicis.

302 2830 410 2897 Alixta
431 2832 519 2898 inter
531 2839 661 2920 patrem
681 2831 857 2920 liliumque
872 2830 1116 2895 coniurationis
1147 2830 1285 2895 scientia
1313 2830 1462 2916 lingitur,
1485 2828 1542 2894 ad-

302 2938 460 3005 similatis
474 2938 601 3004 Lucani
628 2937 793 3005 litteris...
810 2975 854 2989 -
868 2941 906 3018 t),
930 2962 983 3004 20.
1007 2936 1188 3025 (Loquitur
1202 2936 1306 3024 Aperl
1327 2958 1334 3002 :
1354 2967 1367 2993 υ
1389 2937 1544 3025 llxigitnr

303 3046 392 3111 enim
406 3045 472 3110 ianr
489 3044 531 3111 ab
544 3053 675 3112 oratore
702 3046 803 3111 etiam
824 3044 978 3133 poeticus
993 3043 1105 3121 decor,
1122 3067 1190 3108 non
1212 3045 1305 3108 Accii
1327 3052 1385 3108 aut
1403 3044 1541 3109 Pacuvii

303 3162 443 3221 veterno
463 3155 673 3243 inquinatus,
691 3153 752 3219 sed
771 3177 812 3218 ex
830 3153 960 3217 lloratii
989 3159 1023 3217 et
1039 3150 1178 3238 Vergilii
1195 3159 1228 3216 et
1244 3151 1370 3216 Lucani
1399 3152 1543 3217 sacrario

306 3260 459 3350 prolutus
475 3287 506 3326 a.

260 3367 479 3435 ANNAEVS
494 3368 635 3444 MELA,
658 3367 816 3433 Mam.
838 3407 881 3416 -
902 3368 951 3450 iti,
975 3390 1025 3454 ¹7·
1044 3365 1215 3431 Paucos...
1233 3366 1319 3430 intra
1336 3365 1407 3431 dies
1424 3367 1541 3433 eodem

304 3476 439 3566 agmine
463 3479 627 3544 Annaeus
656 3475 757 3555 Mela,
790 3473 932 3541 Cerialis
964 3473 1118 3554 Anicius,
1153 3473 1290 3538 llulrius
1324 3475 1542 3562 Crispinus..

305 3582 470 3664 cecidere3
488 3583 579 3649 Mela
593 3591 626 3649 et
642 3583 818 3671 Crispinus
833 3582 965 3672 equites
982 3579 1125 3645 llonrani
1145 3580 1311 3668 dignitate
1331 3581 1540 3648 senatoria...

306 3687 408 3772 Aleia,
425 3690 550 3779 quibus
562 3691 675 3757 Gallio
691 3698 725 3757 et
750 3691 877 3756 Seneca
905 3687 1104 3779 parentibus
1124 3695 1236 3767 natuS,
1261 3688 1423 3776 petitione
1438 3689 1542 3755 hono-

306 3817 379 3862 rum
408 3797 675 3877 abstinuerat...‚
712 3806 750 3864 ut
784 3821 888 3888 eques
919 3797 1095 3861 llomanus
1121 3794 1356 3861 consularibus
1392 3800 1541 3886 potentia

306 3914 522 3994 aequaretur;
540 3907 641 3973 simul
655 3905 883 3996 adquirendae
903 3905 1066 3993 pecuniae
1078 3904 1214 3969 brevius
1229 3904 1293 3969 iter
1308 3904 1465 3970 credebat
1484 3929 1544 3994 per·

307 4014 599 4101 procurationes...
630 4015 723 4080 ldem
743 4014 923 4079 Annaeum
954 4012 1126 4077 Lucanum
1147 4019 1351 4098 genuerat...
1376 4013 1423 4076 At
1438 4013 1539 4090 Alela,

308 4143 393 4209 quae
414 4129 484 4186 lum
500 4122 753 4211 promptissima
784 4122 903 4187 mortis
916 4121 983 4188 via.
1006 4118 1154 4185 exsolvit
1173 4142 1278 4184 venas
1294 4120 1429 4208 scriptis
1449 4119 1542 4185 codi-

309 4225 439 4295 ciliis...

262 4333 481 4402 ANNAEVS
494 4336 685 4410 SENECA.
694 4335 902 4403 SENECA‘.
916 4373 959 4383 -
971 4359 980 4399 r
990 4336 1058 4415 a,8.
1068 4333 1441 4422 Agrippina...veniarn
1452 4336 1543 4400 exilii

311 4464 371 4531 pro
391 4443 532 4511 Annaeo
556 4442 696 4522 Seneca,
716 4442 816 4509 simul
832 4450 1022 4531 praeturam
1049 4441 1219 4530 impetrat,
1237 4441 1362 4506 laetum
1383 4441 1416 4505 in
1433 4442 1542 4530 publi-

299 4656 307 4694 Ι
325 4661 360 4710 Μ.
377 4666 506 4715 Annaeus
519 4667 651 4718 Lucanus.
670 4668 793 4727 l'uosar„
809 4668 864 4725 452.

297 4739 310 4775 2
327 4742 372 4795 Ιε
388 4761 465 4796 nune
478 4762 511 4797 ns
527 4750 562 4798 et.
582 4750 658 4798 Corr.
675 4748 773 4800 llittor.
795 4774 826 4786 -
844 4746 1009 4796 ltlrenanas:
1034 4746 1073 4795 il.
1095 4744 1211 4794 Annaei.
1226 4744 1278 4793 Sed
1294 4744 1328 4793 cl.
1346 4743 1442 4793 ltittcri
1459 4742 1544 4805 legem

265 4821 292 4868 in
311 4828 375 4873 nota
392 4833 485 4878 nostra
500 4831 534 4878 ad
552 4828 698 4878 Caninium
715 4829 850 4878 llelritum.

298 4899 360 4959 ΠΙ.
377 4909 505 4959 Annaeus
524 4910 603 4959 lleln.
620 4910 742 4960 l'msor..
759 4911 812 4967 454.

297 4992 309 5023 ⁴
324 4989 355 5038 L.
374 4985 504 5041 Annaeus
522 4991 634 5040 Seneca.
648 4991 769 5044 lausai„
785 4992 840 5048 Μ.
