3709 6234
806 878 983 933 AGlllPPlllA
1498 881 1535 937 39

292 1000 1533 1092 Agrippinamcomitantibus...‚cumdalosignorueretectumlocimulto

291 1107 433 1198 plumbo
447 1131 593 1197 grave...
622 1108 813 1197 Agrippina
829 1117 862 1176 et
880 1112 1062 1177 Acerronia
1079 1111 1307 1178 eminentibus
1326 1113 1404 1180 lecti
1419 1116 1534 1203 parie-

292 1216 427 1283 tibus...
449 1223 620 1305 protectae
647 1224 767 1283 sunl...
804 1218 930 1283 Verum
960 1219 1156 1297 Acerronia,
1190 1220 1430 1309 imprudentia,
1452 1223 1533 1289 dum

292 1348 329 1391 se
343 1323 570 1413 Agrippinam
589 1347 663 1390 esse
681 1330 787 1412 utque
803 1325 1041 1393 subveniretur
1069 1330 1167 1395 matri
1187 1329 1349 1419 principis
1368 1328 1532 1412 clamitat,

290 1432 402 1499 contis
428 1439 462 1498 et
491 1431 637 1499 remis...
673 1432 862 1498 coniicitur.
904 1434 1095 1524 Agrippina
1131 1434 1235 1501 silens
1277 1459 1384 1525 eoque
1422 1436 1535 1503 minus

291 1539 443 1629 adgnita,
476 1562 583 1605 unum
614 1545 727 1604 tamen
766 1539 891 1604 rulnus
925 1564 1042 1606 umero
1075 1543 1232 1631 excepit;
1267 1542 1390 1623 nando,
1413 1542 1534 1610 deinde

291 1671 435 1713 occursu
454 1646 715 1712 lenunculorum
730 1647 915 1712 Lucrinum
931 1648 964 1712 in
979 1648 1091 1715 lacum
1104 1656 1200 1715 vecta
1220 1649 1321 1715 villae
1342 1674 1421 1717 suae
1435 1649 1536 1718 inler-

291 1763 358 1821 lur.
371 1794 414 1807 -
429 1758 480 1834 14,
496 1780 527 1843 7.
545 1754 654 1842 lgitur
668 1753 809 1842 longum
818 1756 995 1844 utriusque
1007 1756 1117 1842 (Burri
1131 1764 1164 1822 et
1177 1756 1337 1846 Senecae)
1346 1756 1531 1832 silentium,

291 1886 333 1930 ne
347 1862 441 1929 inriti
464 1861 712 1939 dissuaderent,
735 1885 778 1927 an
798 1886 837 1928 eo
853 1862 1055 1929 descensum
1078 1864 1273 1945 eredebant,
1292 1873 1341 1945 ut,
1360 1864 1426 1930 nisi
1439 1888 1534 1953 prae·

292 1972 467 2037 veniretur
492 1969 696 2058 Agrippina,
728 1971 940 2058 pereundum
972 1971 1097 2037 Neroni
1128 1980 1261 2037 esset...
1285 1972 1404 2060 (Nero)
1419 1971 1533 2037 audito

290 2079 425 2144 venisse
451 2076 559 2143 missu
579 2077 789 2166 Agrippinae
824 2079 983 2144 nuntium
1004 2080 1205 2168 Agerinum,
1242 2102 1410 2145 soaemanr
1443 2079 1533 2145 ultro

290 2186 442 2252 criminis
468 2192 604 2274 parat...
627 2223 670 2234 -
694 2195 744 2264 rt,
778 2187 810 2253 8.
830 2185 969 2252 Interim
990 2185 1130 2273 vulgato
1143 2187 1352 2275 Agrippinae
1367 2186 1529 2277 periculo,

291 2295 391 2383 quasi
409 2317 491 2360 casu
504 2294 685 2374 evenisset,
707 2294 902 2382 utquisque
929 2302 1115 2383 acceperat,
1138 2295 1313 2360 decurrere
1346 2293 1389 2359 ad
1408 2293 1531 2360 litus...

292 2401 459 2468 Cubiculo
492 2401 663 2466 modicum
696 2401 811 2468 lumen
841 2402 950 2468 inerat
978 2409 1011 2467 et
1044 2402 1242 2468 ancillarum
1270 2416 1348 2478 una,
1371 2403 1480 2491 magis
1494 2425 1532 2467 ac

292 2509 402 2597 magis
412 2508 514 2574 anxia
527 2508 730 2597 Agrippina,
744 2502 836 2598 quod
851 2531 951 2573 nemo
968 2507 1069 2574 atilio
1082 2532 1121 2574 ac
1136 2532 1177 2574 ne
1193 2510 1365 2597 Agerinus
1380 2508 1530 2598 quidem.

289 2619 406 2696 -14,
434 2641 467 2706 9.
491 2616 590 2681 Hunc
610 2617 663 2680 sui
682 2616 783 2681 finem
804 2615 931 2681 multos
957 2625 1035 2682 ante
1055 2639 1164 2682 annos
1183 2616 1371 2682 crediderat
1399 2617 1533 2705 Agrip-

292 2726 371 2814 pina
387 2731 717 2813 contempseratque.
745 2724 831 2789 Nam
851 2721 1045 2789 consulenti
1072 2747 1173 2812 super
1199 2723 1332 2789 Nerone
1351 2724 1533 2812 responde-

292 2842 370 2898 runt
408 2830 571 2899 Chaldaei
595 2831 677 2913 lore,
699 2840 737 2898 ut
763 2833 944 2921 imperaret
976 2839 1186 2920 matremque
1219 2831 1403 2904 occideret:
1432 2839 1532 2920 atque

292 2940 350 3006 illa
368 2961 375 3007 :
393 2969 407 2999 ι·
426 2938 578 3018 Oceidat,
595 2940 717 3027 inquit,
731 2940 809 3004 dum
823 2940 964 3028 imperet
996 2962 1012 3003 n
1027 2976 1070 2989 -
1088 2941 1138 3015 nl,
1162 2962 1211 3005 ιο.
1225 2938 1342 3027 (Nero)
1356 2937 1529 3007 litteras...

291 3047 334 3114 ad
353 3054 510 3113 senatum
531 3047 635 3122 misit,
658 3070 802 3135 quarum
830 3070 963 3111 summa
977 3054 1047 3112 erat
1074 3053 1243 3133 repertum
1264 3070 1339 3111 cum
1355 3046 1442 3111 lerro
1458 3069 1532 3134 per·

291 3177 464 3220 cussorem
483 3156 684 3242 Agerinum,
705 3178 747 3219 ax
760 3154 888 3220 intimis
902 3154 1112 3243 Agrippinae
1132 3153 1274 3233 libentia,
1289 3161 1323 3220 et
1335 3153 1439 3219 luisse
1455 3177 1530 3219 eam

290 3286 433 3352 poenam
461 3263 680 3343 conscientia,
701 3262 798 3350 quasi
831 3261 944 3327 scelus
965 3261 1164 3349 paravisset.
1186 3300 1229 3310 —
1258 3263 1308 3337 rt,
1337 3285 1386 3327 12.
1406 3262 1531 3326 Decer-

291 3378 418 3438 nuntur
455 3369 732 3459 supplicationes,
768 3378 913 3459 ...utque
951 3369 1023 3434 dies
1051 3367 1175 3434 natalis
1203 3368 1414 3458 Agrippinae
1442 3368 1531 3434 inter

291 3479 440 3546 nefastos
473 3485 605 3544 esset...
635 3477 748 3566 (Nero)
779 3477 922 3544 feminas
959 3476 1121 3542 inlustres
1143 3476 1274 3541 luniam
1305 3475 1531 3541 Calvinamet

292 3586 523 3675 Calpurniam,
545 3593 701 3675 praetura
727 3585 862 3650 iunctos
891 3584 1063 3650 Valerium
1099 3584 1299 3671 Capitonem
1315 3591 1349 3648 et
1364 3582 1530 3648 Licinium

291 3694 460 3761 Gabolum
493 3692 633 3760 sedibus
656 3692 775 3780 patriis
800 3691 959 3766 reddidit,
989 3690 1032 3756 ab
1048 3690 1238 3778 Agrippina
1262 3689 1343 3755 olim
1368 3690 1528 3778 pulsos...

292 3803 414 3892 (lunia)
447 3802 561 3869 Silana
590 3800 659 3865 lato
679 3800 794 3865 functa
814 3807 897 3877 erat,
923 3797 1110 3888 longinquo
1144 3797 1186 3862 ab
1214 3797 1315 3862 exilio
1349 3799 1528 3864 Tarentum

291 3933 443 4000 regressa
457 3908 594 3975 labante
614 3908 681 3973 iam
707 3907 909 3995 Agrippina,
932 3906 1028 3971 cuius
1042 3905 1230 3971 inimicitiis
1249 3906 1454 3987 conciderat,
1475 3905 1530 3972 vel

291 4019 455 4106 mitigata.
479 4055 518 4067 -
541 4014 662 4097 rt,13.
682 4015 890 4081 Deterrimus
915 4013 1101 4103 quisque...
1124 4013 1228 4101 (apud
1248 4013 1430 4103 Neronem)
1444 4015 1531 4079 inri-

290 4150 364 4193 sum
384 4125 595 4214 Agrippinae
623 4147 745 4190 nomen
767 4131 800 4189 et
820 4129 928 4188 morte
944 4123 1016 4187 eius
1035 4144 1216 4187 accensum
1240 4120 1356 4210 populi
1380 4120 1529 4187 favorem

289 4235 472 4302 disserunt.
488 4271 534 4286 -
551 4235 600 4313 il,
618 4232 673 4320 57.
697 4232 897 4319 Promptum
910 4229 975 4295 luit
991 4228 1117 4294 Rufum
1134 4229 1296 4295 Faenium
1329 4229 1529 4295 imminuere

291 4343 498 4432 Agrippinae
518 4340 701 4408 amicitiam
729 4340 763 4403 in
791 4363 829 4404 eo
854 4336 1127 4403 criminantibus.
1147 4375 1187 4386 -
1207 4339 1258 4416 14,
1279 4336 1334 4414 64.
1358 4335 1527 4424 (Octavia)

291 4451 375 4517 mori
402 4448 549 4527 iubetur,
582 4471 701 4514 eum...
721 4453 891 4535 postremo
920 4445 1130 4534 Agrippinae
1157 4467 1280 4510 nomen
1307 4445 1421 4516 cieret,
1462 4467 1529 4533 qua

292 4557 452 4625 incolumi
467 4556 585 4622 infelix
599 4555 737 4645 quidem
749 4553 1016 4633 matrimonium,
1038 4552 1099 4618 sed
1114 4552 1187 4619 sine
1200 4552 1304 4618 exitio
1317 4551 1526 4641 pertulisset.

289 4666 393 4742 -15,
412 4663 464 4730 50.
480 4660 1130 4751 FaenioRulopraelectolpraetorii)...,
1146 4659 1527 4750 quem...Tigellinus...

290 4771 496 4861 fatigabat...
518 4768 811 4836 criminationibus
835 4791 874 4834 ac
900 4791 1001 4856 saepe
1022 4768 1056 4832 in
1076 4774 1205 4833 metum
1221 4766 1409 4833 adduxerat
1433 4766 1530 4857 quasi

234 4892 237 4899 '
290 4880 484 4964 adulterum
509 4878 719 4968 Agrippinae
752 4884 786 4942 et
815 4876 981 4942 desiderio
1013 4876 1085 4941 eius
1120 4875 1241 4942 ultioni
1270 4874 1454 4942 intentum.
1486 4914 1529 4926 --

298 4986 345 5056 ι6.
364 4989 414 5065 ιά.
432 4986 549 5076 Neque
563 4986 713 5052 nescium
732 4983 879 5055 habebat
894 4982 1081 5074 (Antistius
1096 4982 1272 5070 Sosianus)
1285 4982 1294 5072 (
1300 4982 1356 5071 P.)
1367 4982 1530 5050 Anteium
