3709 6234
286 845 339 901 568
856 840 1003 898 nnertct'

331 991 467 1071 invasit,
487 988 709 1055 truculentior
729 1011 830 1078 quam
850 993 949 1052 antea
963 995 1135 1076 tamquam
1157 986 1319 1052 adversus
1337 986 1571 1053 defectores...

331 1137 374 1148 —
395 1120 445 1176 ra,
473 1096 528 1163 51.
552 1096 621 1161 Nec
646 1094 739 1160 aliud
756 1094 954 1167 Radamisto
968 1093 1157 1159 subsidium
1177 1095 1252 1170 fuit,
1268 1118 1370 1183 quam
1386 1094 1574 1183 pernicitas
1624 1183 1627 1188 Ι

331 1227 506 1293 equorum,
530 1204 606 1292 quis
627 1225 730 1291 seque
753 1209 786 1267 et
807 1201 985 1289 coniugem
1005 1200 1157 1267 abstulit.
1181 1241 1224 1251 —
1250 1203 1311 1279 13,
1326 1202 1357 1267 6.
1384 1201 1465 1267 Fine
1489 1202 1574 1266 anni

332 1311 476 1378 turbidis
491 1309 682 1375 rumoribus
697 1310 891 1398 prorupisse
907 1333 1040 1374 rursum
1062 1310 1205 1375 Parthos
1225 1318 1256 1375 et
1277 1310 1348 1398 rapi
1368 1309 1573 1374 Armeniam

333 1419 484 1485 adlatum
504 1425 568 1497 est,
586 1417 684 1505 pulso
700 1416 910 1497 Radamisto,
929 1417 988 1505 qui
1010 1440 1108 1504 saepe
1124 1418 1219 1504 regni
1234 1418 1306 1482 eius
1328 1418 1466 1505 potitus,
1490 1415 1573 1481 dein

331 1526 507 1615 profugus,
525 1534 597 1589 tum
612 1547 748 1613 quoque
767 1522 896 1588 bellum
919 1523 1125 1590 deseruerat.
1148 1563 1191 1573 -
1217 1523 1265 1602 13,
1291 1524 1344 1613 37.
1368 1524 1574 1589 Pharasma-

333 1658 405 1714 nes,
430 1631 606 1698 interfecto
629 1631 699 1696 lilio
722 1630 919 1696 Radamisto
938 1632 1033 1720 quasi
1050 1631 1233 1719 proditore,
1252 1656 1318 1721 quo
1333 1631 1434 1697 fidem
1456 1631 1491 1695 in
1507 1654 1574 1696 nos

333 1748 555 1809 testaretur...

291 1848 441 1914 RAETl.
463 1888 507 1897 —
527 1872 558 1915 a.
580 1867 630 1932 17.
652 1846 854 1936 (Arminius)
871 1845 1080 1911 incubuerat.
1104 1898 1110 1911 .
1130 1846 1367 1942 sagittariis...,
1391 1847 1425 1911 ni
1446 1837 1574 1912 Raeto·

333 1980 407 2021 rum
427 1954 749 2043 Vindelicorumque
771 1961 804 2019 et
825 1938 976 2019 Gallicae
998 1953 1153 2019 cohortes
1171 1955 1267 2040 signa
1287 1952 1503 2019 obiecissent.
1528 1993 1574 2005 —

333 2064 359 2142 l,
392 2062 446 2130 68.
478 2062 566 2126 llinc
595 2060 738 2126 Caecina
767 2084 844 2126 cum
871 2060 985 2126 valido
1011 2061 1172 2142 exercitu,
1202 2061 1279 2126 inde
1311 2062 1466 2126 Raeticae
1497 2061 1573 2126 alae

331 2171 555 2258 cohortesque
575 2176 608 2234 et
627 2170 778 2257 ipsorum
803 2169 986 2234 Raetorum
1004 2168 1175 2248 iuventus,
1193 2177 1286 2234 sueta
1303 2169 1405 2234 armis
1427 2176 1460 2234 et
1477 2192 1573 2234 more

334 2277 483 2343 militiae.
503 2277 690 2343 exercita...
720 2275 898 2363 (Helvetii)
924 2276 1198 2341 consectantibus
1225 2277 1404 2341 Germanis
1431 2276 1573 2341 Raetis—

335 2409 441 2474 que...
470 2383 637 2450 trucidati.
662 2424 706 2433 —
730 2383 789 2460 lll,
814 2383 845 2448 5.
873 2383 994 2471 Ripnm
1021 2383 1109 2448 Aeni
1136 2384 1298 2453 lluminis.
1328 2383 1419 2472 quod
1445 2384 1574 2448 Raetos

336 2492 544 2579 Noricosque
557 2492 732 2556 interssuit.
751 2530 793 2540 —
808 2490 870 2569 ΙΙΙ,
894 2490 948 2556 53,
973 2491 1144 2555 Antonius
1160 2491 1363 2577 (Primus)...
1382 2490 1514 2556 litteras
1530 2489 1575 2555 ad

336 2600 582 2686 Vespasianum
606 2598 837 2685 composuit...
863 2626 878 2658 α
903 2598 973 2663 Sua
995 2599 1227 2665 constantia...
1252 2599 1456 2686 intersaepta
1480 2598 1575 2663 Ger-

339 2729 515 2771 manorum
545 2705 795 2794 Raetorumque
825 2704 991 2772 auxilia...
1025 2728 1042 2769 »
1069 2746 1111 2757 -
1138 2706 1181 2785 V,
1218 2707 1270 2770 25.
1308 2706 1399 2771 lnter
1426 2707 1578 2771 Batavos

340 2837 475 2902 quoque
491 2836 663 2878 sermones
677 2813 784 2878 orti...
803 2837 819 2876 a
838 2812 1058 2900 Respicerent
1072 2812 1198 2877 Raetos
1213 2812 1420 2901 Noricosque
1435 2819 1470 2877 et
1483 2821 1577 2877 cete-

338 2943 451 2985 rorum
473 2943 573 2984 onera
595 2920 788 2984 sociorum:
807 2918 870 2983 sibi
894 2943 962 2984 non
990 2918 1125 2994 tributa,
1151 2919 1210 2984 sed
1234 2920 1393 2985 virtutem
1423 2929 1457 2985 et
1482 2920 1577 2984 viros

337 3028 450 3094 indici.
477 3051 492 3088 n
517 3065 560 3077 —
584 3028 622 3093 G.
653 3051 678 3090 r.
703 3027 884 3091 Germania
912 3028 1023 3091 omnis
1047 3050 1065 3092 a
1091 3027 1199 3092 Gallis
1224 3026 1406 3115 Raetisque
1430 3035 1463 3092 et
1488 3026 1577 3092 Pan·

337 3133 448 3199 noniis
469 3133 587 3198 Rheno
608 3141 641 3199 et
662 3134 816 3198 Danuvio
837 3117 1076 3201 fluminibus...
1100 3141 1284 3222 separatur.

295 3241 480 3307 RAETlA.
499 3276 541 3289 -·
560 3264 587 3322 r,
606 3244 659 3318 44.
678 3240 876 3308 Veterani...
895 3241 930 3305 in
946 3242 1099 3306 Raetiam
1115 3242 1308 3318 mittuntur,
1330 3235 1440 3329 specie
1459 3241 1577 3307 defen-

338 3349 466 3414 dendae
483 3349 674 3436 provinciae
690 3348 733 3411 ob
753 3348 968 3413 imminentes
989 3349 1129 3413 Suebos.
1148 3387 1191 3399 -
1207 3349 1232 3429 l,
1258 3374 1307 3415 ιι,
1332 3350 1425 3413 Duae
1441 3349 1577 3414 hlaure-

339 3458 461 3536 taniac,
488 3456 618 3530 Raetia,
651 3455 824 3526 Noricum,
852 3455 990 3520 'l'hraeia
1021 3464 1053 3521 et
1080 3479 1163 3543 quac
1191 3456 1274 3520 aliae
1303 3456 1578 3543 procuratoribus

339 3562 549 3641 cohibentur,
562 3572 600 3627 ut
611 3562 731 3649 cuique
745 3563 906 3627 exercitui
921 3563 1063 3640 vicinae,
1079 3564 1124 3627 ita
1139 3563 1170 3626 in
1183 3563 1332 3627 savorem
1343 3571 1400 3626 aut
1415 3563 1575 3629 odium...

339 3671 536 3756 agebantur.
560 3707 604 3719 -
627 3668 669 3737 ll.
695 3675 749 3757 98,
776 3670 983 3755 Deprehensi
1007 3694 1081 3733 cum
1107 3670 1228 3734 litteris
1249 3670 1433 3757 edictisque
1450 3671 1580 3757 l'espa-

340 3778 425 3841 siani
446 3803 505 3863 per
529 3778 681 3841 Raetiam
709 3786 741 3841 et
763 3776 893 3840 Gallias
917 3776 1062 3841 militum
1085 3785 1118 3841 et
1139 3778 1372 3841 centurionum
1396 3777 1578 3865 quidam...

339 3922 382 3933 -
398 3883 457 3952 ΙΙΙ.
478 3887 509 3948 5.
530 3883 656 3947 lnlesta
674 3883 873 3968 (Flavianis)
891 3884 1020 3961 Raetia,
1043 3885 1096 3948 cui
1120 3884 1257 3948 Porcius
1273 3885 1480 3973 Septiminus
1499 3908 1580 3971 pro-

338 3999 472 4054 curator
485 4000 595 4055 erat...
612 3990 727 4060 -ΙΙΙ,
742 4015 774 4078 9.
794 3990 993 4055 Interiectus
1009 3992 1177 4055 exercitus
1194 3991 1403 4079 (blasianus)
1422 3992 1578 4055 Raetiam

341 4095 508 4182 Iuliasque
533 4096 664 4182 Alpes„
688 4145 694 4160 .
714 4119 756 4160 ne
780 4098 932 4181 pervium
953 4096 1008 4160 illa
1031 4098 1240 4161 Germanicis
1259 4097 1460 4162 exercitibus
1476 4096 1578 4178 soret,

340 4203 568 4289 obsaepserat.
594 4242 635 4252 -
663 4203 722 4280 ΙΙΙ,
759 4203 808 4267 15.
839 4204 963 4288 lngens
989 4204 1233 4269 Gernmnorum
1260 4205 1311 4268 vis
1337 4214 1396 4293 per
1420 4206 1579 4270 Raetiam

341 4310 520 4375 timebatur
533 4315 566 4396 (a
585 4310 781 4396 llarianis).
799 4350 840 4361 -
859 4310 914 4387 lv,
937 4337 988 4398 70.
1008 4312 1168 4377 Sextilius
1186 4312 1281 4376 Felix
1296 4337 1371 4376 cum
1390 4313 1579 4377 auxiliariis

340 4418 535 4482 cohortibus
561 4443 618 4507 per
642 4420 795 4483 Raetiam
819 4421 866 4502 (in
890 4421 1095 4506 superiorem
1120 4422 1334 4485 Germaniam
1357 4422 1506 4508 inrupit).
1533 4461 1579 4470 —

343 4531 380 4591 (ι’,
405 4526 434 4590 3.
463 4525 497 4588 ln
519 4527 663 4590 eontinio
687 4528 886 4591 Gernraniae
910 4528 1126 4615 Raetiaeque.
1151 4568 1194 4577 -—
1216 4531 1269 4604 dr.
1296 4529 1576 4617 (Hermunduris)

342 4633 422 4695 solis·
439 4633 682 4697 Germanorum
701 4658 766 4698 non
784 4636 816 4697 in
834 4635 902 4721 ripa
918 4636 1093 4720 (llanurii)
1105 4637 1354 4710 commercium,
1370 4636 1427 4699 sed
1441 4638 1580 4723 penitus

342 4749 440 4826 atque
458 4741 490 4802 in
507 4740 778 4827 splendidissima
797 4743 934 4805 Raetiae
953 4744 1144 4828 provinciae
1163 4743 1305 4806 colonia.

301 4847 512 4918 ltlll'l'ltJA,
536 4848 613 4911 l'hl.
640 4888 669 4895 —
690 4849 714 4910 l.
735 4849 788 4936 59.
812 4848 879 4912 Nec
897 4849 928 4912 in
952 4849 1099 4913 Raeticis
1120 4851 1225 4936 copiis
1249 4874 1351 4925 mora,
1376 4874 1441 4937 quo
1463 4851 1579 4918 minus

345 4955 457 5017 statim
480 4955 743 5039 adiungerentur
764 4955 902 5033 (l'itellii
927 4956 1092 5042 partibus)
1123 4995 1165 5005 -
1185 4957 1208 5022 l.
1234 4958 1288 5038 67.
1315 4957 1411 5020 hlissi
1434 4960 1466 5038 (a
1489 4957 1578 5024 Cae-
