3709 6234
736 915 784 967 CN.
807 915 914 969 lVLIVS
934 916 1093 969 tunicata
1487 914 1539 968 373
1597 964 1604 974 .

299 1057 477 1145 Messalla)
507 1082 522 1121 ι(
542 1057 682 1122 Probari
699 1058 796 1123 video
817 1059 851 1122 in
869 1066 912 1136 te,
930 1058 1023 1145 (lali)
1041 1058 1208 1133 Secunde,
1231 1058 1322 1147 quod
1347 1058 1422 1123 lulii
1438 1060 1538 1146 Afri-

301 1168 395 1231 cani¹
420 1167 524 1230 vitam
558 1165 792 1254 componendo
827 1189 921 1254 spem
944 1166 1137 1230 hominibus
1168 1165 1276 1231 fecisti
1302 1165 1538 1253 pluriumeius

299 1274 391 1338 modi
405 1272 568 1337 librorum
593 1303 620 1337 n.
640 1312 681 1321 -
698 1275 746 1337 15.
767 1301 781 1331 a
803 1272 907 1338 Video
924 1274 1025 1338 etiam
1039 1274 1150 1337 Graiis
1166 1274 1341 1350 accidisse,
1358 1274 1539 1360 utlongius

299 1379 385 1446 absit
399 1382 443 1443 alr
466 1381 633 1445 Aeschine
655 1389 688 1445 ct
705 1381 932 1445 Demosthene
969 1381 1134 1446 Sacerdos
1163 1382 1225 1445 iste
1242 1380 1416 1447 Nicetes...
1438 1404 1538 1469 quam

301 1489 499 1573 (Domitius)
516 1488 598 1553 Ater
617 1495 675 1553 aut
686 1488 867 1552 Africanus
883 1496 942 1553 aut
961 1511 1022 1551 vos
1043 1489 1105 1575 ipsi
1139 1489 1330 1552 allicerone
1346 1497 1403 1553 aut
1418 1489 1539 1552 Asinio

300 1596 499 1661 recessistis,
521 1620 536 1657 n

258 1701 407 1767 lt'th'S
442 1702 676 1775 AGllESTlS.
713 1702 945 1769 AGllES'l'lS.
984 1740 1029 1753 -
1073 1702 1131 1777 lll,
1173 1703 1225 1779 54.
1250 1703 1411 1769 Centurio
1435 1701 1539 1768 lulius

300 1811 468 1895 Agrestis
498 1818 574 1899 post
601 1810 727 1874 multos
756 1833 942 1886 sermones,
974 1809 1096 1897 quibus
1117 1809 1291 1875 Vitellium
1317 1810 1359 1874 ad
1380 1810 1539 1874 virtutem

299 1916 422 1981 trustra
438 1917 653 1988 accendebat.
671 1917 829 2004 perpulit.
846 1924 884 1982 ut
897 1917 938 1981 ad
954 1919 1044 1982 vires
1060 1917 1208 1981 hostium
1225 1917 1424 2005 spectandas
1438 1940 1539 2005 quae-

300 2046 363 2111 quc
381 2024 471 2111 apud
509 2024 711 2088 Cremonam
745 2032 819 2089 acta
840 2023 962 2099 forent,
992 2025 1063 2111 ipse
1084 2025 1286 2090 mitteretur.
1305 2024 1373 2089 Nec
1387 2027 1540 2111 explora-

300 2131 391 2196 tione
411 2130 541 2196 occulta
559 2130 674 2195 tallere
689 2132 877 2196 Antonium
892 2132 903 2217 (
909 2132 1073 2216 Primum)
1096 2133 1314 2219 temptavit...
1330 2133 1485 2218 Agrestis
1499 2131 1540 2196 ad

300 2238 474 2303 Vitellium
502 2239 664 2303 remeavit
684 2238 913 2327 abnuentique
943 2261 1021 2303 vera
1044 2262 1128 2308 esse.
1153 2263 1237 2327 quae
1259 2239 1461 2312 adferret...,
1479 2263 1539 2303 vo-

300 2345 447 2410 luntaria
469 2355 576 2411 morte
593 2346 682 2411 dicta
704 2347 850 2411 tirmavit
881 2345 1026 2423 Quidam
1052 2346 1145 2410 iussu
1166 2346 1293 2411 Vitellii
1322 2346 1537 2411 intersectum

301 2452 481 2518 tradidere.

257 2559 329 2625 CN.
354 2559 502 2624 lt'Ltt'S
531 2560 779 2632 AGllltIOLA.
814 2560 1087 2625 stilliconis.
1121 2601 1153 2610 -
1187 2562 1232 2625 A.
1268 2563 1298 2626 3.
1333 2561 1539 2627 llic...liber

301 2668 420 2732 honori
447 2667 626 2753 Agricolae
653 2669 759 2732 soceri
789 2669 853 2731 mci
877 2669 1108 2735 destinatus...
1142 2708 1185 2716 —
1205 2672 1235 2744 4.
1267 2672 1403 2733 (inacus
1434 2668 1539 2732 lulius

303 2774 464 2862 Agricola
495 2782 605 2840 vetere
619 2784 653 2839 ct
675 2776 809 2839 inlustri
845 2775 1127 2840 Foroiuliensium
1149 2774 1279 2839 colonia
1297 2782 1431 2843 ortus...
1449 2814 1488 2824 -
1504 2775 1535 2841 5.

304 2881 372 2947 Nec
387 2881 546 2969 Agricola
567 2881 720 2952 licenter,
739 2906 830 2946 more
868 2883 1042 2958 iuvenum,
1065 2885 1120 2970 qui
1144 2882 1298 2947 militiam
1315 2884 1348 2947 in
1366 2882 1537 2946 lasciviam

298 2997 446 3062 vertunt,
465 3013 574 3077 neque
589 2991 739 3075 segniter
754 2989 795 3052 ad
810 2989 1045 3076 voluptates...
1063 2989 1199 3054 titulum
1225 2989 1417 3054 tribunatus
1439 2997 1473 3055 et
1488 2990 1539 3053 in·

297 3097 429 3162 scitiam
444 3096 573 3161 rettulit
593 3136 662 3162 ..-
680 3122 697 3183 7
720 3096 849 3160 Classis
869 3097 1119 3165 Othoniana...
1138 3096 1218 3160 dum
1236 3096 1417 3160 lntirnilios
1437 3149 1458 3161 ..
1479 3121 1538 3184 po-

301 3203 448 3291 pulatur,
467 3212 608 3267 matrem
626 3202 806 3286 Agricolae
826 3203 859 3267 in
880 3203 1026 3290 praediis
1047 3204 1117 3266 suis
1136 3203 1346 3269 interiecit...
1368 3202 1474 3288 igitur
1498 3203 1539 3267 ad

300 3309 475 3375 sollemnia
503 3310 639 3396 pietatis
669 3308 839 3395 protectus
874 3309 1033 3396 Agricola
1065 3310 1184 3374 nuntio
1199 3309 1390 3374 adsectatia
1414 3310 1540 3397 Vespa·

300 3420 394 3481 siano
408 3418 539 3505 imperii
568 3417 798 3503 deprehensus
814 3441 851 3480 ac
868 3418 983 3481 statim
1004 3417 1036 3480 in
1054 3424 1167 3504 partes
1191 3425 1421 3502 transgressus
1442 3425 1535 3483 est...

298 3525 507 3612 (Mucianus)
522 3524 662 3587 missum
679 3523 720 3586 ad
735 3524 878 3588 dilectus
907 3524 1057 3610 agendos
1079 3522 1275 3608 Agricolam
1295 3524 1539 3588 ..vicensimae

301 3631 466 3716 legioni...
487 3632 691 3718 praeposuit.
714 3669 756 3678 -
778 3635 809 3695 8.
828 3630 1043 3717 Temperavit
1064 3630 1224 3715 Agricola
1241 3630 1309 3693 rim
1330 3653 1425 3693 suam
1439 3630 1538 3694 ardo·

301 3761 437 3825 remque
456 3738 704 3824 compescuit...
725 3738 794 3801 Nec
807 3737 1141 3825 Agricolaunrquanr
1155 3738 1188 3800 in
1209 3760 1304 3801 suam
1320 3736 1444 3800 scaniam
1464 3760 1538 3822 ges·

301 3843 549 3909 tiscxsultarit.
567 3882 607 3894 -
630 3869 662 3932 9.
682 3844 842 3930 Agricola
865 3844 1009 3909 naturali
1040 3844 1230 3931 prudentia,
1267 3844 1423 3931 quamvis
1451 3843 1538 3908 inter

301 3961 434 4036 togatos
451 3951 547 4015 facilc
563 3952 715 4039 iusteque
735 3953 895 4037 agebat...
921 3989 951 4000 -
979 3955 1027 4017 18.
1046 3952 1143 4015 llunc
1159 3950 1352 4015 Britanniae
1368 3958 1535 4018 statum...

301 4060 408 4124 media
441 4061 506 4123 iam
549 4066 676 4123 aestate
705 4067 936 4145 transgressus
974 4057 1133 4144 Agricola
1162 4058 1332 4123 invenit...
1365 4057 1535 4144 Agricola,

300 4189 504 4254 quamquam
525 4175 713 4230 transvecta
742 4174 864 4236 aestas,
899 4166 987 4229 ...irc
1016 4165 1150 4229 obviam
1170 4165 1357 4230 discrimini
1377 4166 1537 4231 statuit...

302 4275 350 4339 lta
366 4275 471 4360 petita
486 4296 566 4360 pace
583 4297 620 4336 ac
640 4272 754 4337 dedita
770 4272 880 4337 insula
897 4272 1041 4360 (Mona),
1066 4272 1177 4337 clarus
1203 4296 1240 4336 ac
1257 4295 1401 4359 magnus
1423 4271 1540 4337 haberi

300 4380 502 4465 Agricola..
531 4379 598 4443 Nec
627 4380 787 4466 Agricola
817 4380 1041 4468 prosperitate
1058 4403 1169 4444 reruni
1191 4380 1225 4443 in
1240 4380 1425 4444 vanitatem
1443 4402 1536 4446 usus.

298 4513 411 4553 —22.
443 4486 665 4551 Adnotabant
696 4488 834 4574 periti...
867 4487 998 4552 nullum
1023 4486 1066 4552 ab
1082 4486 1243 4572 Agricola
1258 4487 1406 4573 positum
1422 4486 1540 4552 castol-

298 4595 368 4659 lum
386 4603 443 4659 aut
455 4595 487 4657 vi
504 4594 652 4658 hostium
668 4603 900 4681 expugnatum
924 4603 982 4659 aut
999 4595 1154 4682 pactione
1170 4617 1207 4658 ac
1224 4593 1302 4680 luga
1321 4593 1535 4661 desertum...

299 4701 366 4766 Nec
389 4701 548 4788 Agricola
570 4724 728 4788 umquam
750 4725 807 4788 per
833 4701 918 4766 alios
947 4709 1042 4787 gesta
1058 4700 1179 4765 avidus
1201 4702 1390 4787 intercepit.
1413 4740 1455 4751 -
1482 4704 1536 4778 al.

291 4881 297 4913 ¹
318 4878 337 4929 Α
350 4879 370 4929 Β
382 4879 402 4931 0
415 4894 420 4927 :
437 4880 553 4930 asiatici.
569 4881 648 4930 Corr.
668 4881 824 4943 Nipperdey
842 4880 904 4930 coll.
918 4879 1041 4934 Quintil..
1056 4881 1088 4932 X.
1104 4879 1123 4931 l,
1142 4880 1194 4935 ιι8,
1210 4907 1238 4915 -
1255 4880 1344 4928 Rittcr
1357 4879 1453 4928 lulium
1466 4881 1540 4928 Asia-

254 4960 337 5007 ticum
354 4960 479 5007 eumdem
494 4977 552 5008 csse
568 4962 682 5010 sortierit
696 4967 777 5022 atquc
795 4961 945 5008 Asiaticum
963 4961 1061 5008 duceni
1074 4960 1223 5008 Galliarum
1242 4960 1286 5022 1ΙΙ,
1302 4963 1352 5022 9.ί““.

287 5031 298 5064 ²
317 5031 439 5087 tuosne,
450 5031 489 5087 85.

101 5199 872 5525 fx..
