3709 6234
858 871 1002 924 Vonones
1515 863 1569 920 763

334 1022 465 1088 consuli
475 1029 533 1088 aut
548 1045 600 1087 me
615 1022 758 1087 Claudio
769 1020 957 1109 postponis,
975 1028 1009 1086 et
1019 1027 1184 1109 quantum
1201 1018 1339 1085 Volusio
1352 1018 1454 1107 longa
1466 1019 1569 1108 parsi-

333 1130 445 1195 monia
462 1130 641 1218 quaesivit.
660 1137 791 1194 tantum
807 1129 841 1193 in
857 1135 889 1194 te
903 1151 977 1193 mea
988 1127 1172 1193 liberalitas
1185 1127 1321 1215 explere
1333 1150 1400 1192 non
1411 1133 1564 1215 potest...

290 1223 331 1318 Q.
349 1236 580 1312 VOLVSlVS,
605 1235 857 1303 VOLVSlVS¹.
891 1275 933 1289 -
961 1234 1083 1313 13‚25.
1110 1234 1152 1313 Q.
1184 1233 1322 1298 Volusio
1351 1233 1390 1298 P.
1412 1233 1569 1322 Scipione

335 1344 544 1411 consulibus
568 1381 612 1394 -
630 1346 679 1423 r),
697 1342 751 1420 46.
776 1343 907 1408 Census
924 1366 983 1430 per
1003 1341 1132 1408 Gallias
1148 1365 1167 1406 a
1182 1345 1223 1419 Q.
1237 1340 1377 1406 Volusio
1394 1350 1428 1406 et
1451 1340 1567 1406 Sextio

336 1452 495 1517 Africano
511 1450 744 1540 Trebellioque
760 1450 910 1515 Maximo
926 1450 992 1515 acti
1008 1456 1098 1530 sunt,
1117 1448 1259 1514 aemulis
1274 1449 1361 1513 inter
1376 1472 1411 1513 sc
1427 1471 1486 1536 per
1507 1471 1569 1513 no-

335 1558 499 1625 bilitatem
525 1558 665 1623 Volusio
679 1565 780 1646 atque
795 1557 977 1637 Alricano;
995 1557 1211 1635 Trebellium,
1237 1556 1317 1620 dum
1344 1564 1484 1643 uterque
1510 1555 1568 1621 de-

335 1666 504 1754 dignatur,
527 1689 628 1753 supra
644 1664 762 1730 tulere.

292 1773 512 1839 VOLVSIVS
542 1771 789 1852 PROCVLVS,
823 1771 1071 1839 PROCVLVS.
1094 1810 1136 1822 —
1169 1773 1218 1852 15,
1249 1775 1302 1837 51.
1339 1770 1420 1836 Erat
1447 1793 1569 1836 navar-

334 1880 418 1945 chus
433 1881 466 1944 in
485 1880 698 1969 (Misenensi)
719 1878 827 1944 classe
846 1878 1008 1944 Volusius
1030 1878 1194 1944 Proculus
1222 1878 1426 1944 occidendae
1452 1879 1570 1945 matris

335 1987 461 2053 Neroni
475 1988 562 2052 inter
576 1987 761 2065 ministros,
779 2009 845 2050 non
857 2010 900 2051 ex
915 1986 1149 2074 magnitudine
1170 1985 1307 2051 sceleris
1322 1994 1514 2074 provectuS,
1532 1994 1570 2051 ut

335 2095 482 2160 rebatur.
500 2095 531 2159 ls
552 2093 683 2159 mulieri
699 2093 886 2181 (Epichari)
907 2092 988 2157 olim
1004 2094 1160 2178 cognitus
1180 2117 1239 2159 seu
1257 2116 1371 2158 recens
1397 2102 1470 2158 orta
1486 2093 1570 2158 ami-

335 2203 425 2282 citia,
448 2225 542 2290 spem
563 2201 656 2267 dedit
674 2224 772 2290 posse
801 2200 931 2288 impelli
952 2201 1000 2287 (in
1017 2203 1043 2265 (1
1076 2200 1209 2265 Pisonis
1230 2202 1511 2289 coniurationem)
1536 2207 1570 2266 et

335 2311 449 2399 plures
460 2309 680 2375 conciliare...
695 2307 840 2373 Nomina
854 2316 968 2374 tamen
980 2309 1232 2374 coniuratorum
1251 2309 1385 2374 reticuit
1411 2309 1568 2396 (Epicha-

337 2419 410 2506 ris).
429 2417 524 2481 Vnde
542 2415 675 2481 Proculi
690 2416 852 2481 indicium
868 2416 1007 2481 inritum
1027 2415 1134 2483 fuit...
1152 2455 1192 2465 -
1214 2418 1263 2488 15.
1283 2418 1336 2502 57.
1354 2416 1443 2481 Nero
1458 2439 1569 2481 reeor-

334 2525 433 2590 datus
453 2524 581 2589 Volusii
600 2522 734 2588 l’roculi
750 2523 872 2588 indicio
899 2523 1078 2611 Epicharin
1100 2524 1277 2590 attineri...

291 2631 621 2716 voNONEsepl).
649 2669 692 2679 -
721 2655 752 2709 2,
788 2656 815 2697 ι.
851 2631 997 2718 (Parthi)
1025 2631 1168 2717 petitum
1197 2633 1303 2696 ltoma
1329 2640 1570 2720 acceptumque

336 2763 493 2828 regem...
529 2737 813 2826 aspernabantur.
859 2739 890 2802 ls
913 2737 976 2803 luit
996 2739 1167 2817 Vonones,
1185 2737 1283 2803 obses
1299 2740 1456 2824 Augusto
1472 2739 1570 2805 datus

334 2871 352 2912 a
370 2848 525 2912 Phraate.
548 2883 592 2895 --
608 2869 639 2923 a,
656 2870 686 2911 a.
704 2846 786 2910 Post
803 2845 904 2910 finem
925 2844 1122 2913 Phraatis...
1143 2868 1264 2911 venere
1280 2846 1314 2910 in
1337 2846 1453 2912 urbem
1468 2846 1571 2933 legati

333 2979 351 3021 a
381 2953 584 3043 primoribus
616 2953 763 3032 Parthis,
785 2954 843 3042 qui
878 2953 1054 3019 Vononem
1088 2955 1357 3019 vetustissimum
1388 2954 1569 3020 liberorum

334 3062 406 3127 eius
435 3047 593 3127 accirent.
623 3098 668 3111 -
697 3086 729 3140 α,
762 3061 792 3126 3.
812 3060 909 3125 Victo
934 3060 991 3146 (ab
1019 3060 1210 3146 Artabano)
1228 3061 1361 3126 Vononi
1381 3062 1571 3149 perfugium

334 3170 496 3234 Armenia
516 3169 589 3235 fuit.
607 3206 650 3217 -
667 3193 697 3248 2,
725 3170 756 3245 t.
781 3168 903 3232 lncerti
923 3168 1093 3256 solutique
1115 3168 1296 3256 (Armenii)
1322 3178 1355 3233 et
1370 3169 1479 3254 magis
1499 3169 1570 3233 sine

333 3277 470 3342 domino
490 3299 591 3363 quam
619 3277 653 3340 in
684 3274 838 3340 libertate
873 3274 1055 3362 profugum
1071 3275 1235 3340 Vononen
1255 3275 1289 3340 in
1318 3299 1461 3363 regnum
1486 3277 1571 3341 acci-

333 3385 471 3473 piunt...
490 3382 588 3462 Quod
602 3382 786 3446 ludibrium
801 3389 839 3446 ut
856 3383 1003 3468 ellugere
1034 3382 1212 3469 agitaverit
1233 3384 1402 3462 VononeS,
1433 3385 1467 3447 in
1496 3384 1570 3448 loco

335 3491 525 3557 reddemus.
545 3530 585 3539 --
605 3515 635 3564 2,
655 3489 708 3553 56.
731 3489 914 3576 (Armenii)
934 3513 1045 3577 regem
1077 3489 1134 3554 illa
1165 3499 1367 3579 tempestate
1383 3514 1451 3555 non
1471 3490 1573 3556 babe-

335 3599 556 3676 bant‚a1noto
581 3598 731 3661 Vonone.
749 3636 792 3645 —
810 3621 839 3672 2,
859 3596 912 3661 58.
935 3596 1089 3680 (Petebat
1109 3622 1127 3661 a
1144 3598 1346 3663 Germanico
1362 3597 1574 3684 Artabanus)

335 3730 375 3771 nc
391 3705 550 3770 Vonones
571 3706 605 3769 in
626 3705 723 3791 Syria
741 3704 921 3770 haberetur
942 3728 1006 3770 neu
1027 3729 1182 3793 proceres
1201 3706 1356 3792 gentium
1373 3707 1571 3794 propinquis

334 3814 461 3878 nuntiis
477 3812 518 3876 ad
536 3812 722 3877 discordias
738 3812 925 3878 traheret...
946 3813 1105 3877 Vonones
1128 3813 1408 3901 Pompeiopolim,
1431 3814 1570 3880 Ciliciae

331 3920 536 3985 maritimam
554 3919 686 3999 urbem,
704 3928 839 3984 amotus
855 3928 917 3984 est.
936 3958 979 3967 —
1001 3944 1032 4000 2,
1055 3919 1108 3984 68.
1129 3921 1192 3985 Per
1206 3920 1295 3984 idem
1310 3928 1444 4008 tempus
1461 3921 1566 3985 Vono-

331 4052 404 4108 nes,
426 4050 527 4114 quenr
561 4036 711 4091 amotum
750 4028 784 4091 in
814 4026 933 4091 Cilicia
966 4028 1162 4104 memoravi,
1188 4028 1357 4115 corruptis
1372 4027 1571 4093 custodibus

331 4136 477 4222 ell'ugere
511 4134 553 4198 ad
570 4134 792 4200 Armenios...
827 4142 968 4199 conatus
1000 4142 1092 4201 est...
1118 4134 1214 4199 Vnde
1243 4135 1349 4199 maior
1380 4135 1463 4200 tides
1491 4158 1570 4199 con·

331 4242 469 4307 seientia
481 4241 618 4307 sceleris
629 4250 662 4306 et
672 4250 764 4306 metu
777 4241 891 4307 indicii
901 4249 1043 4306 mortem
1051 4242 1183 4307 Vononi
1194 4243 1333 4307 inlatam
1345 4250 1378 4329 (a
1388 4243 1569 4330 llemmio).

332 4389 375 4399 -
390 4349 421 4427 6,
448 4350 501 4413 31.
535 4348 759 4437 (Artabanus)
795 4349 918 4428 missis,
942 4350 999 4438 qui
1024 4373 1140 4433 gazam
1155 4375 1172 4414 a
1192 4352 1330 4415 Vonone
1358 4349 1511 4415 relictam
1537 4350 1570 4414 in

334 4457 432 4542 Syria
448 4455 634 4544 Ciliciaque
660 4464 917 4544 reposcerent...
947 4492 992 4505 -
1027 4481 1077 4535 η,
1100 4480 1149 4520 ιο.
1169 4456 1285 4543 Legati
1307 4457 1507 4522 Parthorum
1529 4457 1572 4522 ad

333 4563 601 4650 expetendum...
618 4562 837 4628 Meherdaten
855 4564 950 4627 missi
962 4572 1118 4628 senatum
1134 4564 1411 4648 ingrediuntur...
1432 4583 1438 4629 :
1462 4593 1476 4622 «
1492 4589 1535 4630 se.
1547 4615 1569 4630 ..

334 4669 442 4734 lilium
458 4669 621 4751 Venonis
644 4678 801 4758 nepotem
819 4670 973 4735 Phraatis
989 4671 1227 4737 accersere...³
1241 4699 1256 4730 n

318 4840 325 4872 ¹
346 4839 378 4893 Q.
390 4838 518 4887 Volusius
533 4840 703 4892 Saturninus.
717 4840 787 4888 lilius
804 4840 862 4889 eius
874 4842 920 4903 qui
933 4842 1081 4903 praecedit.
1099 4841 1221 4900 Prmsor.‚
1239 4840 1292 4897 (ibt.

318 4918 464 4974 ²Pnosor.,
482 4920 536 4982 670.
556 4920 585 4968 ln
599 4923 735 4971 nummis:
755 4920 876 4982 Ὸιώνηςι
896 4922 921 4969 in
943 4922 1049 4984 losephi
1066 4927 1093 4970 et
1112 4921 1254 4969 Strabonis
1270 4922 1368 4970 codd:
1387 4922 1509 4980 Βονώνης.

318 4989 329 5025 ³
346 4990 378 5036 V.
397 4991 478 5037 ctiam
494 5007 530 5048 12,
545 5008 582 5041 ιε.

1146 5385 1453 5509 Α
