3709 6234
813 890 957 943 suueuia
1487 885 1523 940 83

288 1032 514 1120 alienigenam
534 1032 701 1119 Tigranen
719 1031 899 1095 Armeniae
920 1030 1158 1118 impositum...
1179 1027 1346 1116 Egressus
1361 1028 1524 1095 Armenia

289 1140 451 1226 Tigranes
477 1138 685 1216 Adiabenos,
704 1140 951 1204 conterminam
967 1138 1182 1202 nationem...
1200 1145 1404 1203 vastaverat.
1422 1136 1527 1225 ldque

289 1249 454 1337 primores
473 1247 626 1336 gentium
638 1270 738 1334 aegre
755 1246 948 1312 tolerabant
967 1244 1071 1310 ..lam
1082 1243 1124 1310 de
1135 1245 1298 1309 Armenia
1312 1268 1525 1323 concessum,

290 1356 445 1444 proxima
460 1354 560 1436 trahi,
578 1362 611 1419 et
628 1355 692 1419 nisi
711 1353 893 1419 defendant
911 1353 1069 1421 Parthi...
1095 1390 1138 1400 —
1159 1352 1209 1425 15,
1228 1377 1258 1416 2.
1277 1352 1527 1439 Vologaeses..

291 1464 335 1529 ita
351 1463 483 1529 orditur
500 1480 507 1527 :
528 1491 542 1520 a
559 1461 658 1527 llunc
670 1485 733 1548 ego
754 1460 956 1547 (Tiridaten)
969 1460 1086 1525 eodem
1103 1484 1236 1526 mecum
1247 1470 1343 1549 patre
1359 1462 1525 1549 genitum,

290 1594 366 1636 eum
377 1570 458 1634 mihi
468 1593 527 1657 per
538 1576 683 1634 aetatem
699 1592 832 1633 summo
842 1569 978 1633 nomine
988 1567 1223 1644 concessisset,
1236 1570 1270 1633 in
1281 1570 1530 1657 possessionem

292 1677 474 1742 Armeniae
505 1676 643 1756 deduxi,
668 1677 725 1764 qui
760 1676 881 1741 tertius
909 1676 1081 1764 potentiae
1109 1676 1236 1762 gradus
1261 1676 1404 1744 habetur
1422 1700 1430 1755 ;
1450 1700 1528 1742 nam

293 1783 413 1848 Medos
440 1785 589 1848 Pacorus
618 1792 696 1848 ante
723 1791 900 1871 ceperat...
919 1815 933 1842 n
951 1782 1200 1869 l'ologaeses...
1226 1784 1532 1852 Monaesi...man-

292 1890 428 1958 davit...
447 1891 616 1978 Tigranen
633 1891 796 1955 Armenia
817 1890 1009 1955 exturbare.
1028 1929 1071 1938 -
1093 1890 1142 1968 15,
1161 1890 1192 1955 3.
1215 1890 1392 1979 (Corbulo)
1426 1893 1533 1983 scrip-

293 2006 409 2065 serat..
418 2049 425 2065 .
434 1997 570 2064 Caesari
577 1999 714 2087 proprio
725 1997 810 2062 duce
819 2022 905 2085 opus
916 2021 1003 2077 esse,
1015 1999 1072 2085 qui
1085 1999 1282 2063 Armeniam
1295 1998 1501 2066 detenderet.
1510 2052 1531 2067 ..

294 2145 336 2156 -
361 2107 411 2178 15.
430 2108 462 2172 5.
479 2106 548 2172 Nec
563 2106 753 2195 praesentia
767 2129 928 2193 prospere
942 2105 1093 2170 tluebant
1110 2104 1318 2194 (Vologaesi)
1339 2128 1346 2173 :
1367 2108 1533 2174 ...missae

296 2215 329 2278 in
348 2215 547 2279 Armeniam
563 2213 742 2300 legiones.
774 2213 961 2277 Missurum
1000 2213 1041 2276 ad
1076 2214 1313 2300 imperatorem
1341 2216 1532 2281 Romanum

295 2321 427 2410 legatos
447 2345 548 2410 super
562 2320 708 2409 petenda
736 2321 899 2385 Armenia
916 2328 949 2385 et
968 2320 1134 2384 lirmanda
1159 2345 1241 2408 pace
1262 2323 1457 2410 respondet.
1487 2362 1530 2372 -

303 2429 397 2508 15,a.
416 2427 487 2493 Alii
507 2427 638 2493 occulte
659 2427 828 2515 pepigisse
845 2426 1102 2513 (Corbulonem)
1115 2427 1437 2516 interpretabantur,
1454 2438 1533 2495 ut...

299 2536 444 2601 abeunte
460 2534 648 2622 l'ologaese
666 2534 829 2622 Tigranes
845 2557 979 2622 quoque
995 2534 1156 2599 Armenia
1182 2534 1420 2604 abscederet...
1439 2537 1537 2624 (Cor-

299 2641 407 2728 bulo),
422 2650 457 2707 ut
472 2641 600 2710 rettuli.
617 2642 790 2731 proprium
809 2642 930 2706 ducem
947 2641 1091 2706 tuendae
1113 2642 1294 2708 Armeniae
1322 2652 1533 2733 poposcerat,

299 2760 333 2816 et
356 2749 539 2816 adventare
556 2750 766 2815 Caesennius
782 2750 906 2814 Paetus
940 2748 1152 2814 audiebatur.
1179 2753 1292 2832 -15,
1316 2776 1346 2840 7.
1367 2753 1533 2818 Paetus...

299 2856 433 2923 duabus
460 2856 694 2945 legionibus...
714 2857 911 2921 Armeniam
942 2857 1046 2922 intrat
1074 2856 1163 2922 tristi
1185 2859 1338 2925 omine...
1360 2897 1405 2911 -
1430 2861 1478 2938 15,
1501 2885 1535 2949 9.

303 2964 432 3045 Parthi,
454 2967 581 3030 omisso
592 2973 712 3052 paratu
733 2964 945 3029 invadendae
961 2964 1090 3049 Syriae,
1110 2988 1204 3051 spem
1221 2989 1355 3030 omnem
1371 2967 1404 3031 in
1418 2968 1539 3032 Arme-

305 3074 394 3138 niam
416 3073 631 3161 (verteruut),
659 3071 716 3137 uhi
734 3072 858 3137 Pactus
879 3071 1128 3135 imminentium
1145 3074 1321 3139 nescius..
1340 3113 1382 3124 —
1413 3074 1462 3148 15,
1486 3077 1535 3155 nt,

303 3178 508 3268 l'ologaescs
522 3181 702 3267 (Paeto)...
724 3179 949 3267 opperiendos
964 3178 1026 3243 sibi
1046 3178 1206 3244 fratres..
1224 3181 1396 3267 rescripsit
1415 3202 1422 3260 ;
1441 3182 1538 3246 illum

304 3288 415 3353 locum
439 3298 638 3376 tempusque
660 3287 802 3352 consilio
825 3286 1044 3363 destinatum,
1072 3286 1216 3374 quidde
1239 3288 1400 3354 Armenia
1421 3313 1537 3355 cerne-

304 3405 418 3463 rent...
437 3394 522 3460 Tum
539 3395 665 3460 Paetus
683 3395 853 3461 Lucullos.
877 3394 1058 3479 Pompeios
1079 3402 1124 3468 et,
1153 3394 1259 3483 siqua
1275 3396 1437 3461 Caesares
1452 3395 1538 3463 obti-

304 3503 433 3569 nendae
457 3502 677 3568 donandaeve
705 3503 884 3567 Armeniae
914 3508 1066 3588 egerant,
1105 3510 1324 3568 ...memorat
1352 3544 1392 3554 —
1415 3503 1463 3583 15,
1487 3504 1538 3574 16.

304 3611 420 3677 Adicit
435 3609 613 3698 (Corbulo)
627 3610 699 3674 iure
724 3609 865 3674 iurando
888 3609 982 3673 Paeti
1002 3616 1138 3672 cautum
1160 3610 1250 3696 apud
1267 3611 1376 3696 signa,
1403 3612 1541 3677 adstan-

305 3718 396 3785 tibus
410 3718 462 3798 iis,
476 3742 561 3807 quos
575 3717 788 3784 testilicando
800 3715 1038 3804 (Vologaeses)
1057 3716 1216 3786 irrisisset.
1235 3719 1405 3783 neminem
1420 3718 1541 3786 lloma·

307 3850 387 3892 num
412 3826 609 3890 Armeniam
628 3827 874 3910 ingressurum,
891 3823 998 3888 donec
1012 3823 1216 3888 reserrentur
1235 3823 1367 3891 litterae
1383 3826 1539 3909 Neronis,

305 3957 346 3997 an
364 3933 438 4021 paci
455 3933 661 3998 adnueret...
679 3970 723 3983 -
747 3934 796 4000 15.
830 3957 878 4019 ¹7·
909 3931 1050 4018 (Paetus
1075 3930 1277 4019 Corbuloni)
1307 3935 1539 4021 respondit...

307 4042 411 4106 iuncti
439 4040 639 4105 invaderent
668 4040 864 4104 Armeniam
895 4037 1056 4103 abscessu
1073 4038 1272 4125 Vologaesis
1292 4040 1539 4111 infirmatam...

307 4144 487 4235 Vologaesi
501 4148 543 4213 ad
560 4147 787 4213 Corbulonem
804 4147 899 4210 missi
919 4146 1041 4223 nuntii,
1059 4146 1251 4212 detraheret
1279 4149 1419 4215 castella
1447 4159 1542 4216 trans

307 4253 545 4344 Euphraten...
564 4254 625 4321 llle
655 4255 851 4321 Armeniam
868 4277 1003 4342 quoque
1028 4254 1172 4318 diversis
1203 4256 1380 4342 praesidiis
1400 4282 1543 4324 vacuam

309 4364 379 4428 lieri
394 4362 644 4451 expostulabat.
663 4364 703 4428 Et
719 4373 890 4451 postremo
904 4361 1073 4427 concessit
1090 4385 1189 4428 rex...
1209 4401 1250 4411 -
1281 4367 1329 4440 15,
1349 4367 1401 4442 24.
1426 4366 1544 4454 Legati

311 4471 513 4538 Parthorum
538 4472 696 4537 mandata
726 4472 814 4557 regis
849 4466 1088 4555 l‘ologaesis...
1119 4471 1481 4559 (ltomam)attulere:
1509 4499 1544 4541 se

311 4580 420 4666 priora
434 4587 469 4644 et
485 4579 585 4644 toties
612 4580 734 4644 iactata
765 4602 864 4666 super
879 4575 1064 4642 obtinenda
1087 4577 1247 4643 Armenia
1265 4602 1353 4643 nunc
1373 4583 1543 4662 omittere,

311 4687 470 4775 quoniam
483 4687 572 4753 dii...
591 4686 840 4775 possessionem
863 4685 997 4750 Parthis
1012 4707 1080 4748 non
1097 4684 1169 4749 sine
1191 4685 1374 4770 ignominia
1394 4689 1545 4756 llomana

314 4794 544 4861 tradidissent.
568 4796 681 4866 -15,
703 4797 755 4859 25.
781 4793 1012 4879 Interrogatus
1041 4792 1205 4860 centurio.
1228 4794 1286 4881 qui
1313 4818 1388 4859 cum
1425 4797 1548 4884 legatis

314 4903 546 4990 (Parthorum)
561 4901 756 4982 advenerat,
774 4924 840 4989 quo
856 4901 889 4964 in
920 4906 1011 4965 statu
1028 4900 1189 4964 Armenia
1206 4910 1306 4970 esset.
1323 4925 1441 4969 omnes
1471 4906 1548 4972 inde

318 5007 485 5076 ltomanos
511 5007 699 5076 excessisse
728 5006 914 5095 respondit.
947 5008 1057 5084 -15,
1082 5006 1135 5071 26.
1162 5007 1352 5075 Corbulo...
1378 5010 1548 5098 integrum
