3709 6234
777 848 995 901 vasetstaxvs
1473 840 1524 897 721

289 998 423 1058 retur...
442 989 541 1056 Alius
557 1010 695 1056 manum
715 1013 815 1077 aeger
826 989 1014 1080 (Serapide)
1024 998 1172 1067 auctore,
1189 996 1227 1055 ut
1242 988 1326 1077 pede
1337 988 1527 1074 acvestigio

291 1098 446 1164 Caesaris
465 1098 664 1176 calcaretur,
688 1096 817 1163 orabat.
839 1097 1069 1185 Vespasianus
1095 1097 1204 1185 primo
1229 1095 1385 1170 inridere,
1413 1118 1528 1184 asper-

291 1207 405 1272 nari...
431 1204 555 1272 Medici
582 1206 675 1272 varie
708 1205 897 1271 disserere:
918 1206 1094 1271 ...l'atrati
1114 1204 1253 1270 remedii
1268 1204 1410 1291 gloriam
1426 1226 1529 1291 penes

291 1313 482 1390 Caesarem,
499 1313 590 1379 inriti
605 1311 789 1378 ludibrium
808 1335 910 1401 penes
926 1313 1069 1377 miseros
1082 1313 1162 1377 lore.
1180 1312 1287 1400 lgitur
1301 1310 1529 1398 Vespasianus

291 1430 411 1487 cuncta
436 1420 590 1488 fortunae
619 1444 699 1486 suae
725 1428 839 1508 patere
866 1428 1014 1499 1·atus...,
1050 1420 1138 1485 laieto
1159 1420 1229 1508 ipse
1250 1418 1404 1496 vultu...,
1438 1418 1528 1482 iussa

292 1529 500 1617 exsequitur.
536 1565 581 1580 -
608 1527 665 1608 lV,
695 1531 749 1593 82.
786 1527 898 1593 altior
926 1527 1005 1592 inde
1022 1528 1229 1615 Vespasiano
1247 1525 1369 1614 cupido
1383 1524 1528 1591 adeundi

292 1659 421 1701 sacram
442 1635 641 1723 (Serapidis)
663 1634 792 1709 sedem,
819 1642 855 1699 ut
870 1657 972 1721 super
996 1633 1097 1699 rebus
1114 1634 1243 1722 imperii
1258 1632 1464 1700 consuleret.
1487 1670 1530 1680 -

291 1743 333 1823 V,
361 1768 387 1808 r.
406 1744 487 1809 Tres
502 1742 643 1828 (Titum)
667 1744 701 1808 in
719 1742 841 1809 ludaea
857 1743 1020 1829 legiones,
1043 1744 1161 1831 quinta
1176 1742 1348 1808 etdecima
1364 1748 1397 1806 et
1412 1740 1529 1829 quinta

290 1850 434 1930 decima,
449 1858 548 1920 vetus
569 1850 767 1939 Vespasiani
782 1849 891 1927 miles,
909 1873 1084 1938 excepere.
1102 1888 1146 1898 -
1166 1848 1206 1926 V,
1230 1873 1278 1914 ro.
1292 1847 1358 1912 Vbi
1379 1847 1528 1934 (Cestius

291 1957 412 2023 Gallus
426 1958 543 2045 Syriae
558 1957 708 2046 legatus)
726 1957 794 2023 lato
807 1957 987 2023 auttaedio
1003 1956 1099 2043 (belli
1122 1956 1260 2044 ludaici)
1273 1954 1407 2032 occidit,
1425 1956 1530 2019 missu

291 2064 436 2130 Neronis
452 2065 682 2154 Vespasianus
711 2064 844 2131 fortuna
869 2066 1025 2154 famaque
1050 2073 1084 2130 et
1104 2064 1248 2153 egregiis
1263 2064 1427 2129 ministris
1442 2064 1530 2128 intra

293 2170 378 2237 duas
394 2180 540 2238 aestates
563 2180 685 2238 cuncta
710 2196 903 2261 camporum
930 2195 1114 2261 omnesque
1139 2179 1271 2259 praeter
1296 2170 1530 2257 llierosolyma

293 2278 395 2344 urbes
410 2279 536 2344 victore
552 2279 700 2345 exercitu
728 2279 874 2345 tenebat.
891 2317 936 2329 -
958 2278 999 2358 V,
1022 2279 1071 2343 13.
1095 2277 1254 2343 Pluribus
1273 2277 1435 2365 (ludaeis)
1456 2301 1530 2365 per-

293 2385 407 2450 suasio
422 2386 529 2451 inerat
552 2384 700 2475 antiquis
734 2385 946 2451 sacerdotum
967 2384 1089 2451 litteris
1103 2385 1281 2464 contineri,
1299 2408 1337 2451 eo
1353 2385 1426 2472 ipso
1447 2393 1531 2449 tem-

294 2516 373 2581 pore
388 2493 458 2558 lore
470 2500 506 2558 ut
516 2493 701 2558 valesceret
713 2491 834 2558 Oriens
843 2492 1051 2581 profectique
1068 2492 1190 2557 ludaca
1206 2515 1318 2557 rerum
1330 2492 1528 2580 potirentur.

295 2599 389 2679 Quae
419 2599 579 2687 ambages
612 2599 857 2687 Vespasianum
886 2623 923 2664 ac
951 2600 1063 2664 Titum
1083 2600 1331 2687 praedixerant.
1357 2599 1456 2674 -V,
1476 2601 1528 2662 25.

294 2706 384 2773 lnter
411 2707 556 2771 Batavos
581 2730 715 2796 quoque
735 2730 907 2772 sermones
931 2708 1021 2786 orti·,
1045 2731 1061 2771 «
1082 2707 1160 2772 ...Si
1180 2707 1388 2794 Vespasiano
1404 2705 1530 2771 bellum

207 2817 212 2830 '
294 2814 504 2894 navaverint,
521 2814 767 2903 Vespasianum
792 2837 904 2879 rerum
930 2814 1030 2902 potiri
1046 2842 1075 2880 n.
1100 2852 1143 2862 -
1168 2813 1208 2888 V,
1225 2813 1277 2878 aa.
1303 2812 1427 2900 (Verba
1452 2812 1532 2878 lacit

295 2920 414 2987 Civilis
434 2921 522 3009 apud
551 2921 730 3009 Cerialem)
757 2947 772 2985 a
796 2921 885 3008 Erga
906 2921 1152 3009 Vespasianum
1183 2928 1280 2985 vetus
1306 2921 1386 2984 mihi
1416 2920 1531 2985 obser-

297 3029 412 3094 vantia
431 3037 476 3104 et,
500 3052 577 3094 cum
597 3029 748 3117 privatus
768 3037 869 3105 esset,
887 3029 984 3093 amici
1001 3027 1206 3094 vocabamur
1224 3056 1252 3095 a.
1270 3066 1313 3076 —-
1328 3028 1367 3094 F.
1381 3029 1413 3104 t.
1428 3028 1532 3114 (Sena

296 3138 452 3222 ,lugusto
480 3135 581 3201 lanus
601 3135 830 3225 patefactus...
860 3159 966 3224 usque
996 3135 1038 3200 ad
1059 3135 1257 3224 Vespasiani
1278 3135 1413 3200 duravit
1427 3136 1532 3223 impe·

267 3260 272 3268 '
293 3243 409 3326 rium).
424 3281 466 3291 -
493 3243 533 3309 F.
552 3245 582 3309 5.
612 3243 700 3330 (lani
716 3252 871 3331 portas...
895 3251 1008 3307 utrum
1025 3251 1102 3330 post
1114 3244 1358 3330 Vespasianum
1372 3241 1532 3332 etTitum

295 3349 417 3439 aliquis
429 3350 599 3430 clauserit,
617 3352 786 3416 neminem
810 3350 987 3438 scripsisse
1016 3351 1166 3424 memini,
1191 3374 1268 3415 cum
1292 3358 1405 3415 tamen
1421 3373 1477 3415 eas
1491 3349 1533 3414 ab

295 3458 369 3545 ipso
380 3458 588 3546 Vespasiano
608 3466 684 3545 post
704 3480 830 3522 annum
845 3464 979 3544 apertas
994 3456 1173 3532 Cornelius
1189 3458 1324 3522 'l‘acitus
1339 3456 1533 3545 prodat).—

296 3566 334 3629 (ι’.
352 3564 384 3631 8.
401 3564 556 3630 Vidimus
569 3563 631 3628 sub
650 3565 734 3627 llivo
756 3564 963 3651 Vespasiano
981 3562 1163 3629 Velaedam
1176 3564 1234 3627 diu
1247 3564 1338 3652 apud
1353 3563 1532 3652 plerosque

295 3673 508 3759 (Germanos)
539 3672 687 3737 numinis
726 3671 800 3736 loco
830 3670 992 3737 habitam.
1022 3709 1065 3719 -
1094 3672 1138 3736 .t.
1176 3695 1206 3758 7.
1238 3671 1399 3758 Agricola
1414 3673 1533 3737 nuntio

295 3778 452 3845 adfectati
470 3804 488 3844 a
503 3779 712 3867 Vespasiano
740 3779 871 3867 imperii
895 3778 1125 3866 deprehensus
1160 3802 1197 3843 ac
1226 3779 1339 3845 statim
1368 3779 1402 3844 in
1422 3788 1534 3867 partes

296 3894 526 3974 transgressus
542 3895 604 3951 est.
624 3925 665 3935 —
682 3913 714 3973 9.
733 3886 973 3951 Revertentem
998 3884 1040 3950 ab
1064 3884 1233 3973 legatione
1256 3886 1399 3973 legionis
1416 3888 1534 3975 (Agri-

295 3993 418 4080 colam)
442 3994 546 4058 Divus
562 3993 790 4081 Vespasianus
808 3994 894 4058 inter
919 3992 1079 4079 patricios
1096 3993 1240 4058 adscivit
1260 4016 1297 4059 ac
1318 3993 1438 4060 deinde
1457 4018 1534 4082 pro-

295 4099 425 4166 vinciae
440 4101 643 4188 Aquitaniae
669 4100 907 4188 praeposuit...
924 4137 969 4149 -
989 4098 1039 4164 13.
1067 4099 1175 4163 Divus
1190 4098 1396 4167 Claudius...
1424 4109 1536 4167 trans·

297 4208 402 4273 vectis
432 4208 480 4295 (in
507 4208 730 4293 Britanniam)
768 4206 960 4292 legionibus
986 4206 1189 4294 auxiliisque
1228 4214 1261 4272 et
1286 4206 1467 4297 adsumpto
1502 4210 1535 4274 in

295 4324 424 4402 partem
453 4338 564 4381 rerum
585 4315 806 4403 Vespasiano,
833 4313 924 4402 quod
952 4314 1084 4379 initium
1099 4321 1262 4379 venturae
1287 4338 1366 4379 mox
1382 4316 1535 4382 fortunae

298 4421 360 4488 tuit
377 4443 384 4502 ;
406 4422 552 4488 domitae
565 4431 695 4509 gentes,
718 4422 806 4510 eapti
823 4444 920 4508 reges
935 4429 969 4486 et
983 4429 1191 4487 monstratus
1204 4422 1282 4486 fatis
1294 4424 1533 4512 Vespasianus.

297 4565 339 4579 —
359 4554 409 4617 ¹7·
436 4529 503 4595 Sed
527 4529 584 4595 ubi
605 4552 681 4594 cum
706 4537 817 4595 cetero
833 4527 913 4594 orbe
930 4527 1160 4615 Vespasianus
1177 4536 1211 4594 et
1231 4528 1439 4595 Britanniam
1454 4531 1536 4597 reei-

297 4638 440 4725 peravit,
469 4637 583 4723 magni
611 4636 725 4718 duces,
760 4636 885 4723 egregii
915 4638 1126 4702 exercitus...
1167 4674 1212 4687 -
1239 4639 1277 4702 0.
1308 4641 1339 4704 8.
1356 4638 1537 4727 (Loquitur

299 4746 405 4833 Aper)
426 4774 442 4809 a
465 4744 599 4832 (Eprius
620 4742 802 4810 Marcellus
820 4753 853 4808 et
875 4743 993 4808 Vibius
1023 4744 1177 4832 Crispus)
1207 4768 1296 4809 nunc
1318 4746 1487 4834 principes
1503 4747 1536 4809 in

299 4852 452 4917 Caesaris
478 4852 624 4917 amicitia
650 4860 756 4939 agunt
776 4852 955 4941 teruntque
982 4858 1103 4915 cuneta
1125 4860 1225 4940 atque
1242 4851 1283 4916 ab
1297 4852 1370 4940 ipso
1386 4854 1536 4943 principe

301 4982 377 5024 cum
397 4958 542 5047 quadam
569 4960 754 5024 reverentia
770 4959 970 5047 diliguntur,
1000 4959 1078 5046 quia
1092 4958 1321 5046 Vespasianus
1335 4960 1538 5026 venerabilis

351 5101 429 5153 Uruv·
447 5115 480 5150 aa
498 5101 581 5152 Laos.
598 5128 627 5139 -
647 5102 729 5151 Fusii
1416 5102 1447 5159 46

1451 5429 1631 5509 h
