3709 6234
857 877 987 931 attrivit
1525 880 1557 937 61

279 1015 319 1080 L.
350 1015 601 1097 ANTISTIVS,
638 1017 887 1095 ΔΧΝΤΙΒΤΙΥΒ,
910 1019 949 1084 L.
982 1018 1137 1098 VETVS,
1168 1019 1335 1087 an'vst
1366 1061 1409 1071 —
1435 1023 1485 1102 13,
1507 1047 1557 1090 ιι.

324 1122 469 1188 Claudio
498 1124 632 1191 Nerone
662 1124 701 1191 L.
719 1125 871 1192 Antistio
902 1126 1112 1206 consulibus,
1130 1150 1208 1192 cum
1221 1128 1256 1192 in
1277 1136 1352 1194 acta
1366 1130 1559 1218 principum

323 1231 473 1298 iurarent
483 1233 759 1320 magistratus,in
775 1257 836 1299 sua
851 1242 926 1299 acta
936 1233 1103 1321 collegam
1116 1236 1305 1302 Antistium
1322 1236 1432 1303 iurare
1443 1239 1558 1325 prohi-

323 1337 409 1404 buit.
431 1377 476 1390 -
504 1340 552 1418 ι3,
579 1340 632 1407 53.
655 1340 820 1406 Paulinus
846 1342 1029 1429 Pompeius
1053 1350 1087 1407 et
1112 1343 1150 1408 L.
1168 1343 1274 1409 Vetus
1293 1367 1331 1409 ea
1356 1351 1558 1433 tempestate

323 1448 486 1512 exercitui
512 1449 744 1536 (Germanico)
761 1457 951 1537 praeerant.
970 1450 1020 1515 Ne
1033 1459 1147 1516 tamen
1168 1474 1307 1539 segnem
1323 1451 1465 1518 militem
1481 1453 1560 1518 atti-

324 1563 500 1636 nerent...,
518 1557 624 1622 Vetus
655 1556 835 1622 Mosellam
862 1565 963 1646 atque
992 1558 1137 1623 Ararim
1162 1558 1250 1624 lacta
1271 1560 1359 1625 inter
1378 1567 1559 1649 utrumque

324 1663 414 1729 lossa
429 1673 606 1731 conectere
630 1664 812 1753 parabat...
839 1664 967 1731 lnvidit
988 1667 1082 1753 operi
1105 1666 1225 1731 Aelius
1240 1668 1386 1733 Gracilis
1404 1668 1559 1755 Belgicae

323 1771 469 1860 legatuS,
484 1773 684 1838 deterrendo
694 1771 862 1852 Veterem,
881 1795 922 1837 ne
939 1771 1091 1860 legiones
1107 1772 1236 1839 alienae
1251 1775 1444 1861 provinciae
1458 1775 1560 1840 infer·

324 1887 374 1945 ret
389 1880 571 1969 studiaque
586 1880 776 1945 Galliarum
787 1879 985 1946 adfectarel.
1007 1920 1041 1931 -
1066 1883 1117 1962 rt,
1136 1879 1189 1945 58.
1208 1881 1365 1947 Libertus
1379 1881 1559 1969 (Rubellii)

325 1986 435 2053 Plauti
457 1985 630 2052 celeritate
663 1994 842 2053 ventorum
875 1987 1052 2076 praevenit
1076 1988 1309 2053 centurionem
1332 1997 1365 2054 et
1399 1989 1559 2054 mandata

326 2092 361 2158 l..
385 2094 529 2161 Antistii
548 2095 656 2160 soceri
671 2093 788 2160 attulit
803 2115 810 2160 :
826 2093 991 2181 ellugeret
1010 2117 1149 2181 segnem
1164 2103 1351 2163 mortem...
1370 2134 1414 2147 -
1434 2097 1483 2176 iti,
1507 2120 1556 2163 ιο.

326 2200 425 2267 Haud
445 2203 559 2268 minus
575 2210 731 2291 prompte
747 2203 863 2291 (quam
877 2202 915 2267 L.
938 2201 1088 2291 Silanus)
1106 2202 1143 2267 L.
1163 2202 1270 2269 Vetus
1287 2227 1470 2293 socrusque
1487 2204 1558 2268 eius

325 2308 440 2375 Sextia
467 2318 501 2376 et
530 2309 670 2376 Pollitta
690 2308 758 2374 lilia
787 2332 904 2375 necem
923 2308 1067 2390 subiere,
1083 2310 1185 2373 invisi
1207 2311 1362 2399 principi,
1384 2318 1558 2399 tamquam

323 2417 470 2483 vivendo
497 2417 740 2505 exprobrarent
772 2417 988 2482 interfectum
1026 2441 1100 2482 esse
1148 2417 1340 2483 Rubellium
1385 2416 1556 2499 Plautum,

321 2548 486 2609 generum
510 2525 606 2590 Lucii
634 2524 777 2590 Veteris.
813 2522 881 2588 Sed
904 2524 1039 2589 initium
1056 2524 1264 2611 detegendae
1284 2525 1445 2591 saevitiae
1460 2548 1555 2614 prae·

323 2630 398 2698 buit
410 2634 607 2699 interversis
622 2632 756 2722 patroni
785 2631 885 2696 rebus
902 2631 944 2697 ad
965 2632 1192 2697 accusandum
1208 2633 1462 2721 transgrediens
1477 2632 1558 2698 For-

323 2747 465 2806 tunatus
502 2739 657 2820 libertus,
688 2739 818 2804 adscito
848 2738 992 2804 Claudio
1030 2740 1205 2818 Demiano,
1236 2763 1337 2829 quem
1363 2739 1406 2805 ob
1432 2740 1558 2827 llagitia

322 2847 476 2913 vinctum
501 2872 520 2911 a
548 2847 669 2914 Vetere
701 2847 804 2912 Asiae
833 2870 893 2934 pro
922 2846 1102 2913 consule...
1121 2884 1163 2896 -
1184 2846 1234 2927 16,
1259 2847 1362 2913 12.P.
1381 2846 1555 2926 Gallus...,

321 2954 413 3045 quod
444 2955 566 3021 Faenio
598 2954 684 3019 llulo
711 2954 851 3019 intimus
877 2960 912 3017 et
936 2953 1050 3019 Veteri
1079 2978 1146 3019 non
1176 2953 1306 3019 alienus
1335 2954 1453 3032 luerat,
1471 2979 1558 3043 aqua

320 3070 423 3152 atque
442 3062 513 3150 igni
528 3062 720 3151 prohibitus
738 3069 803 3127 est.
823 3100 866 3109 -
886 3061 935 3140 ili,
961 3086 1013 3126 22.
1034 3060 1249 3148 (Obiectabat
1273 3062 1376 3127 Paeto
1392 3062 1558 3128 Thraseae

321 3168 548 3236 Cossutianus
560 3170 696 3259 Capito)
713 3170 963 3258 nuperrime...,
984 3192 1062 3234 cum
1082 3169 1124 3234 ad
1142 3170 1345 3235 coercendos
1357 3169 1511 3235 Silanum
1525 3177 1559 3236 et

320 3277 479 3344 Veterem
494 3278 648 3344 certatim
672 3285 928 3343 concurreretur
957 3278 990 3364 (a
1017 3275 1258 3364 senatoribus),
1284 3278 1425 3365 privatis
1440 3278 1553 3366 potius

319 3384 497 3452 clientium
513 3386 659 3474 negotiis
672 3385 845 3450 vacavisse
857 3384 881 3449 l.

276 3491 469 3558 artTlvM.
485 3531 529 3543 -
550 3493 581 3572 3,
610 3518 662 3581 7¹·
682 3492 825 3558 Incessit
839 3491 917 3556 dein
933 3491 1063 3579 religi0,
1080 3513 1228 3579 quonam
1249 3492 1284 3556 in
1300 3491 1428 3579 templo
1445 3491 1557 3557 locan-

319 3602 403 3667 dum
418 3599 505 3666 soret
519 3599 657 3682 donum,
675 3600 767 3689 quod
786 3623 846 3689 pro
862 3597 1057 3664 valetudine
1074 3599 1249 3685 Augustae
1264 3601 1396 3688 equites
1414 3600 1558 3664 ltomani

318 3716 485 3775 voverant
513 3708 662 3799 equestri
688 3707 898 3773 Fortunae...
933 3707 1119 3793 llepcrtum
1143 3713 1195 3771 est
1224 3706 1341 3772 aedem
1366 3730 1439 3772 esse
1467 3706 1558 3796 apud

319 3817 478 3897 Antium,
494 3839 580 3905 quae
595 3815 644 3880 sic
664 3822 957 3903 nuncuparetur...
971 3812 1021 3878 lta
1036 3814 1162 3878 donum
1185 3814 1275 3902 apud
1285 3815 1428 3880 Antium
1439 3817 1559 3881 statui·

320 3924 519 4006 tun-11),
543 3928 576 4002 ά.
597 3924 702 4012 (Nero
722 3922 962 4011 Agrippinam)
981 3922 1184 3989 venientem.
1210 3972 1217 3987 .
1240 3922 1360 3987 obvius
1383 3923 1417 3988 in
1443 3923 1553 4004 litora,

320 4055 400 4098 nam
415 4032 520 4098 Antio
545 4030 761 4108 adventabat,
783 4030 916 4118 excepit
931 4051 1033 4094 manu
1053 4038 1085 4094 el
1100 4029 1281 4118 complexu
1296 4029 1455 4119 ducitque
1473 4031 1558 4096 Bau·

317 4139 383 4207 los.
401 4177 442 4190 -
464 4143 514 4221 14,
532 4164 586 4228 ²7·
605 4138 766 4204 Veterani
781 4138 965 4203 Tarentum
980 4138 1168 4202 etslntium
1183 4137 1346 4225 adscripti
1360 4162 1428 4203 non
1443 4147 1557 4204 tamen

316 4247 564 4338 infrequentiae
586 4248 737 4312 locorum
753 4245 953 4323 subvenere,
972 4243 1113 4333 dilapsis
1124 4244 1278 4333 pluribus
1294 4246 1329 4310 in
1348 4247 1552 4335 provincias,

317 4356 355 4420 in
381 4353 508 4444 quibus
541 4354 708 4443 stipendia
740 4352 971 4441 expleverant.
995 4390 1037 4401 —
1075 4351 1126 4432 15,
1159 4351 1211 4417 23.
1244 4354 1353 4419 Locus
1379 4355 1557 4443 puerperio

320 4462 529 4551 (Poppaeae)
544 4461 678 4527 colonia
697 4461 840 4526 Antium
856 4460 932 4537 tuit,
949 4458 1008 4524 ubi
1023 4459 1096 4547 ipse
1116 4458 1233 4549 (Nero)
1247 4468 1428 4549 generatus
1443 4469 1556 4528 erat...

318 4569 519 4654 (Decretum
536 4578 588 4635 est
603 4594 621 4635 a
637 4576 756 4635 senatu
777 4569 839 4655 ut),
857 4566 1026 4632 ludicrum
1040 4567 1232 4633 circense...
1259 4567 1420 4634 Claudiae
1441 4570 1557 4635 Domi-

317 4677 454 4766 tiaeque
473 4677 662 4766 (gentibus)
677 4677 767 4765 apud
782 4677 925 4741 Antium
942 4674 1140 4741 ederetur...
1158 4675 1369 4741 Adnotatum
1385 4684 1448 4756 est,
1466 4680 1559 4743 omni

305 4929 312 4961 ¹
334 4925 459 4984 l'mmw,
477 4927 533 4973 612.

303 5009 316 5043 ²
337 5007 369 5054 V.
389 5007 590 5066 etiarn,14‚59;
608 5006 642 5062 ιΓι,
660 5019 695 5052 ιι.
