3709 6234
346 864 397 918 att
907 873 1070 925 clavatus

389 1012 543 1091 Claudio,
570 1013 728 1101 quotiens
755 1013 917 1079 meditata
937 1013 1130 1096 dissereret,
1150 1014 1354 1102 elegantiam
1370 1018 1627 1105 requireres.-

394 1119 443 1197 13,
467 1122 498 1184 5.
517 1119 668 1187 Multa...
686 1120 825 1186 arbitrio
845 1128 983 1187 senatus
1005 1122 1189 1188 constituta
1214 1132 1350 1204 sunt,...
1374 1148 1415 1189 nc
1440 1124 1627 1211 designatis

388 1227 624 1316 quaestoribus
648 1228 768 1294 edendi
797 1228 1001 1316 gladiatores
1032 1232 1216 1295 necessitas
1242 1238 1351 1311 esset;
1369 1231 1459 1320 quod
1487 1232 1625 1320 quidem

389 1334 588 1401 adversante
626 1336 826 1423 Agrippina,
865 1343 1038 1424 tamquam
1064 1345 1137 1402 aeta
1167 1337 1300 1403 Claudii
1333 1339 1623 1416 subverterentur,

389 1441 563 1508 obtinuere
577 1451 702 1531 patres.
719 1483 763 1492 -
782 1443 832 1513 13.
850 1442 882 1508 6.
898 1444 1025 1508 Contra
1041 1443 1097 1508 alii
1113 1445 1234 1511 melius
1258 1446 1410 1511 evenisse
1440 1446 1624 1524 disserunt,

388 1550 533 1636 quamsi
549 1550 718 1616 invalidus
738 1559 873 1616 senecta
887 1559 921 1616 et
936 1551 1070 1637 ignavia
1091 1551 1255 1618 Claudius
1271 1552 1411 1619 militiae
1431 1554 1473 1618 ad
1492 1553 1626 1618 labores

388 1664 576 1739 vocaretur,
599 1656 781 1722 servilibus
809 1658 911 1723 iussis
932 1658 1238 1747 obtemperaturus,
1256 1700 1299 1709 -
1337 1660 1387 1728 13.
1411 1663 1460 1738 nt.
1492 1660 1623 1726 Nera...

388 1762 544 1828 demovet
566 1763 754 1830 Pallantem
775 1789 854 1830 cura
876 1789 1001 1845 rerum,
1023 1768 1100 1855 quis
1122 1792 1139 1831 a
1168 1768 1310 1833 Claudio
1338 1769 1516 1856 impositus
1531 1767 1626 1832 velut

387 1870 563 1935 arbitrium
584 1872 679 1959 regni
703 1871 867 1959 agebat...
889 1872 997 1938 Simul
1026 1875 1200 1940 intendere
1231 1898 1352 1940 manus
1376 1876 1422 1964 (in
1456 1875 1624 1940 Neronem

387 1978 603 2065 Agrippina),
634 2003 793 2067 aggerare
826 1981 960 2070 probra,
998 1990 1232 2048 consecratum
1262 1982 1454 2060 Claudium,
1477 1981 1626 2048 internos

387 2085 580 2150 Silanorum
602 2110 718 2153 manes
737 2089 895 2154 invocare
914 2097 947 2154 et
965 2096 1013 2155 tot
1037 2090 1136 2154 inrita
1154 2089 1314 2157 facinora.
1329 2129 1372 2139 -
1392 2091 1440 2166 13,
1457 2089 1511 2156 23.
1534 2090 1624 2154 Cor-

388 2192 497 2258 nelius
528 2194 624 2259 Sulla
652 2195 852 2261 claritudine
875 2197 1008 2283 generis
1032 2204 1066 2262 et
1099 2197 1272 2262 adfinitate
1302 2196 1447 2268 Claudii,
1478 2198 1531 2262 eui
1565 2220 1625 2284 per

388 2301 523 2391 nuptias
538 2302 708 2368 Antoniae
718 2326 822 2390 gener
841 2311 954 2370 erat...
972 2343 1015 2352 —
1029 2305 1078 2383 13,
1092 2329 1145 2393 29.
1158 2305 1184 2368 T
1185 2328 1243 2369 um
1255 2304 1417 2369 Claudius
1428 2313 1624 2393 quaestores

389 2433 522 2475 rursum
548 2411 708 2498 imposuit
735 2411 890 2497 (aerario)
909 2411 1030 2499 iisque,
1053 2434 1095 2476 ne
1121 2418 1213 2476 metu
1232 2411 1456 2477 offensionum
1485 2413 1624 2499 segnius

387 2517 614 2598 consulerent,
632 2525 727 2582 extra
742 2517 894 2583 ordinem
921 2518 1065 2583 bonores
1080 2519 1247 2606 promisit.
1265 2558 1309 2568 —
1337 2518 1388 2598 13,
1407 2520 1460 2583 32.
1480 2519 1625 2607 Pompo-

389 2625 442 2689 nia
466 2626 672 2692 Graecina...
706 2633 783 2712 post
803 2625 923 2690 luliam
950 2626 1052 2690 Drusi
1072 2625 1176 2689 tiliam
1200 2625 1279 2690 dolo
1294 2625 1498 2691 Messalinae
1520 2627 1624 2692 inter-

387 2732 552 2798 iectam...
580 2755 647 2796 non
680 2732 773 2797 cultu
802 2734 867 2798 nisi
894 2732 1042 2820 lugubri,
1070 2755 1136 2798 non
1161 2733 1274 2798 animo
1299 2733 1363 2798 nisi
1388 2740 1516 2799 maesto
1531 2733 1621 2819 egit;

388 2839 488 2928 idque
514 2839 564 2903 illi
590 2841 805 2927 imperitante
825 2840 968 2906 Claudio
1000 2841 1179 2929 impune...
1202 2840 1317 2906 vertit.
1347 2879 1389 2891 -
1419 2840 1469 2919 13,
1493 2844 1548 2917 ta.
1582 2841 1620 2906 P.

388 2945 531 3011 Suillius
560 2947 773 3034 imperitante
802 2946 946 3012 Claudio
984 2947 1143 3013 terribilis
1181 2971 1219 3012 ac
1265 2946 1435 3015 venalia...
1482 2947 1624 3013 Suillius

390 3054 596 3121 ...Senecam
619 3054 798 3142 increpans
818 3055 986 3120 insensum
1007 3055 1124 3119 amicis
1140 3054 1285 3132 Claudii,
1308 3054 1453 3143 subque
1478 3054 1624 3120 iustissi-

387 3183 481 3225 mum
507 3161 645 3227 exilium
672 3161 882 3250 pertulisset.
899 3199 942 3211 -
974 3162 1023 3240 13,
1040 3162 1095 3239 43.
1122 3162 1269 3249 (Testes)
1293 3185 1470 3228 omnem...
1489 3161 1622 3227 Claudii

387 3268 561 3334 saevitiam
590 3268 661 3356 (Ρ.)
687 3269 809 3334 Suillio
824 3269 1050 3336 oblectabant.
1074 3308 1118 3318 —
1141 3272 1191 3350 rt,
1216 3270 1266 3335 18.
1290 3269 1502 3355 Cyrenenses
1526 3292 1621 3334 reum

386 3375 532 3461 agebant
545 3376 693 3441 Acilium
712 3377 926 3451 Strabonem,
950 3377 1115 3463 praetoria
1132 3383 1299 3463 potestate
1314 3400 1414 3442 usum
1430 3383 1463 3442 et
1480 3376 1621 3440 missum

386 3485 647 3572 disceptatorem
671 3509 689 3548 a
716 3484 857 3550 Claudio
878 3507 1049 3570 agrorum,
1075 3507 1161 3571 quos
1176 3485 1266 3571 regis
1280 3484 1424 3571 Apionis
1450 3484 1622 3571 quondam

386 3592 494 3658 avitos
516 3600 549 3657 et
569 3592 693 3680 populo
714 3592 867 3657 llomanu
895 3614 974 3656 cum
999 3614 1101 3678 regno
1124 3590 1258 3656 relictos
1279 3593 1453 3677 proximus
1477 3592 1623 3679 quisque

386 3722 561 3785 possessor
581 3698 814 3766 invaserant...
838 3698 984 3763 Senatus
1003 3698 1117 3783 ignota
1133 3697 1198 3761 sibi
1219 3720 1292 3761 esse
1309 3698 1467 3763 mandata
1489 3698 1623 3763 Claudii

385 3814 419 3871 et
438 3805 683 3870 consulendum
695 3806 881 3892 principem
895 3805 1093 3892 (Neronem)
1115 3805 1300 3891 respondit.
1317 3842 1361 3855 -
1387 3807 1440 3886 id,
1455 3804 1509 3870 31.
1526 3805 1623 3870 'lem-

386 3911 481 4001 plum
505 3913 590 3976 llivo
611 3912 753 3977 Claudio
774 3912 997 3978 constitutum
1018 3912 1067 3997 (in
1086 3911 1219 3976 colonia
1248 3910 1499 3997 Camuloduno)
1525 3914 1623 4000 quasi

386 4042 445 4083 arx
471 4027 625 4084 aeternae
655 4018 896 4083 dominationis
919 4018 1182 4106 adspiciebatur,
1210 4017 1401 4105 delectique
1429 4019 1622 4084 sacerdotes

386 4126 496 4214 specie
521 4126 694 4213 religionis
714 4149 832 4190 omnes
857 4125 1010 4190 fortunas
1032 4125 1261 4192 effundebant.
1283 4164 1327 4173 —
1356 4128 1404 4205 rt,
1437 4125 1491 4192 56.
1521 4126 1621 4212 [Nero

386 4236 533 4298 Senecae
561 4232 757 4321 respondet)
791 4256 807 4297 a
828 4232 942 4299 ...Nisi
958 4232 1042 4297 sorte
1058 4240 1116 4297 aut
1130 4241 1160 4298 te
1180 4230 1317 4298 Vitellio
1340 4239 1391 4296 ter
1410 4232 1542 4297 consuli
1563 4241 1621 4299 aut

387 4365 439 4407 me
457 4340 599 4406 Claudio
616 4341 835 4428 postponis...
856 4368 870 4398 a
892 4377 933 4389 -
957 4342 1006 4421 nt,
1029 4339 1083 4406 63.
1107 4339 1333 4405 Meminerant
1356 4338 1466 4405 adhuc
1482 4338 1622 4428 quidam

385 4449 593 4537 Agrippinae
614 4472 631 4512 a
654 4447 799 4526 Tiberio,
830 4448 995 4513 recentior
1022 4447 1127 4512 luliae
1152 4447 1312 4511 memoria
1333 4445 1578 4512 obversabatur
1603 4471 1621 4511 a

385 4556 525 4620 Claudio
539 4555 669 4644 pulsae.
685 4594 729 4604 -
745 4554 794 4623 15.
808 4554 861 4619 53.
877 4555 1038 4624 Antonia.
1053 4554 1186 4621 Claudii
1203 4552 1552 4636 Caesaristilia.-16‚
1571 4578 1619 4619 ra.

385 4661 533 4742 Menses,
550 4664 608 4751 qui
625 4662 777 4750 Aprilem
795 4662 1017 4750 eumdemque
1033 4662 1224 4727 Neroneum
1249 4659 1489 4749 sequebantur,
1508 4660 1620 4726 Maius

387 4769 532 4847 Claudii,
556 4769 662 4834 lulius
677 4769 869 4834 Germanici
884 4768 1060 4835 vocabulis
1076 4775 1261 4834 mutantur.
1279 4808 1322 4816 —
1344 4766 1370 4844 l,
1398 4791 1447 4834 10.
1472 4767 1622 4852 Licinius

386 4876 607 4944 Mucianus...
629 4877 780 4963 insignes
800 4876 968 4943 amicitias
996 4876 1127 4941 iuvenis
1147 4875 1324 4941 ambitiose
1349 4875 1520 4953 coluerat;
1542 4899 1621 4941 mox

386 4984 510 5049 attritis
538 4984 670 5072 opibus,
702 4992 856 5072 suspecta
885 4985 987 5049 etiam
1014 4982 1148 5049 Claudii
1174 4982 1359 5054 iracundia,
1390 4982 1425 5046 in
1454 4991 1620 5048 secretum
