3709 6234
359 859 410 917 aar
465 852 468 856 '
940 861 1061 914 casser

360 1007 399 1072 C.
428 1004 790 1092 Glalcclit'81w).
826 1041 870 1055 -
903 1005 935 1087 ά,
977 1002 1026 1067 ι3.
1055 1002 1160 1078 (lleus
1189 1008 1363 1089 tamquam
1395 999 1641 1065 Tacfarinatem

404 1112 572 1179 frumento
607 1113 760 1190 iuvisset,
801 1111 1005 1198 absolvitur)
1048 1109 1086 1175 C.
1123 1109 1307 1174 Gracchus.
1349 1107 1447 1173 llunc
1483 1106 1642 1173 comitem

406 1220 499 1286 exilii
515 1220 698 1286 admodum
713 1218 879 1285 infantem
892 1226 988 1308 pater
1007 1217 1228 1306 Sempronius
1248 1216 1283 1281 in
1303 1215 1448 1281 insulam
1464 1215 1640 1281 Cercinam

404 1328 539 1395 tulerat.
558 1327 632 1394 lllic
647 1326 784 1393 adultus
803 1327 891 1393 inter
912 1334 1064 1392 extorres
1086 1333 1119 1390 et
1142 1324 1333 1390 liberalium
1356 1325 1479 1390 artium
1495 1323 1638 1402 nescios,

402 1460 482 1501 mox
504 1460 563 1525 per
578 1435 729 1501 Africam
750 1459 788 1501 ac
803 1435 954 1501 Siciliam
976 1433 1138 1499 mutando
1160 1432 1312 1498 sordidas
1328 1454 1456 1498 merces
1471 1439 1642 1498 sustenta·

402 1544 502 1610 batur
518 1565 525 1616 ;
543 1567 652 1633 neque
665 1552 778 1610 tamen
793 1543 911 1631 ellngit
924 1565 1067 1630 magnae
1082 1540 1236 1607 fortunae
1257 1539 1446 1629 pericula...
1467 1578 1511 1590 -
1531 1538 1564 1621 6,
1585 1540 1639 1606 38.

403 1652 551 1717 Granius
566 1652 757 1717 Marcianus
775 1658 922 1733 senator,
947 1675 965 1715 a
990 1649 1029 1715 G.
1056 1649 1209 1715 Graccho
1232 1649 1418 1714 maiestatis
1434 1647 1639 1737 postulatus,

405 1760 475 1824 vim
495 1760 585 1826 vitae
600 1783 679 1826 suae
699 1759 824 1826 attulit.

359 1867 577 1934 Glmueln.
604 1905 648 1918 -
689 1893 720 1951 2,
750 1868 804 1933 60.
831 1866 904 1946 Qua
926 1874 1125 1955 tempestate
1147 1862 1323 1931 Menelaus
1342 1864 1519 1931 Graeciam
1545 1887 1642 1953 repe·

403 1984 517 2041 tens...
536 2013 577 2025 -
594 1980 625 2054 Δ,
640 1974 694 2042 55.
711 1974 866 2040 Sardiani
878 1973 1139 2062 (disseruere)...
1152 1980 1326 2039 auctam...
1344 1972 1453 2037 adhue
1469 1972 1641 2060 Lydorum

404 2083 611 2172 opulentiam
632 2083 745 2148 missis
762 2083 796 2147 in
812 2082 989 2147 Graeciam
1001 2081 1148 2170 populiS,
1165 2081 1218 2147 cui
1234 2104 1312 2145 mox
1329 2104 1346 2146 a
1364 2079 1487 2170 Pelope
1503 2103 1639 2146 nomen.

402 2228 447 2242 -
477 2217 527 2272 ιι,
555 2194 604 2269 rt.
627 2191 830 2279 Aegyptii..
858 2190 1046 2256 litterarum
1075 2197 1183 2255 semet
1214 2189 1408 2256 inventores
1442 2187 1639 2279 perhibent;

406 2299 483 2364 inde
518 2299 715 2376 Phoenicas,
744 2299 821 2386 quia
875 2298 960 2363 mari
999 2296 1266 2386 praepollebant,
1297 2296 1453 2363 intulisse
1482 2297 1643 2363 Graeciae

403 2406 613 2495 gloriamque
637 2405 777 2493 adeptos
818 2413 988 2494 tamqnam
1026 2405 1247 2493 reppererint.
1277 2444 1321 2454 -
1352 2404 1390 2469 0.
1427 2427 1475 2473 ro.
1500 2431 1516 2464 a
1542 2403 1578 2469 Si
1607 2404 1642 2469 in

405 2514 546 2580 Graecia
565 2522 665 2580 natus
678 2536 783 2593 esses,
806 2512 863 2577 ubi
877 2511 1025 2578 ludicras
1041 2535 1174 2603 quoque
1188 2520 1278 2579 artes
1293 2535 1447 2579 exercere
1462 2512 1643 2578 honestum

404 2629 468 2687 est.
489 2649 502 2680 a

360 2728 549 2796 GRAECI.
577 2765 618 2777 —
643 2753 673 2808 u,
703 2727 756 2792 53.
780 2726 1048 2817 (Germanicum)
1062 2750 1224 2816 excepere
1244 2726 1363 2794 Graeci
1383 2724 1643 2817 quaesitissimis

405 2836 602 2902 honoribus.
643 2873 688 2887 -
726 2859 757 2916 a,
786 2834 838 2923 59.
879 2835 1114 2921 (Germanicus
1143 2837 1176 2901 in
1213 2835 1387 2924 Aegypto)
1426 2836 1499 2901 sine
1536 2836 1644 2902 milite

406 2944 574 3026 incedere,
594 2943 737 3032 pedibus
754 2943 889 3008 intectis
909 2951 944 3008 et
970 2944 1040 3032 pari
1058 2967 1135 3009 eum
1160 2944 1300 3009 Graecis
1319 2944 1454 3010 amictu.
1473 2983 1516 2995 -
1533 2969 1563 3026 2,
1586 2944 1642 3021 64.

408 3050 446 3115 ln
462 3075 499 3116 ea
516 3050 681 3116 divisione
698 3050 905 3139 (Thraeciae)
917 3074 996 3116 arva
1013 3058 1047 3116 et
1060 3051 1161 3116 urbes
1175 3059 1208 3116 et
1223 3051 1333 3115 vicina
1348 3052 1486 3118 Graecis
1499 3052 1641 3140 Cotyi...

405 3196 448 3207 -
477 3181 507 3239 2,
535 3158 588 3222 88.
613 3157 828 3224 Arminius..
852 3157 1058 3222 Graecorum
1083 3157 1262 3223 annalibus
1286 3158 1503 3245 ignotus-
1529 3162 1561 3242 Δ,
1591 3162 1641 3238 n).

405 3265 744 3353 (.·lmphictyonibus)
769 3265 986 3353 praecipuum
1007 3263 1070 3330 luit
1093 3289 1204 3331 rerum
1220 3265 1370 3332 omnium
1385 3266 1558 3346 iudicium,
1576 3291 1643 3357 qua

406 3380 605 3460 tempestate
622 3370 741 3437 Graeci
757 3373 903 3438 conditis
916 3396 976 3460 per
991 3372 1109 3438 Asiam
1126 3372 1265 3439 urbibus
1282 3397 1340 3438 ora
1353 3375 1455 3439 maris
1469 3376 1644 3463 potieban-

407 3488 471 3545 tur.
500 3518 540 3531 -
572 3483 603 3558 4,
629 3479 682 3544 35.
709 3480 888 3568 (loquitur
912 3479 1105 3545 Cremutius
1129 3480 1274 3568 Cordus)
1321 3509 1336 3541 a
1362 3481 1479 3547 ...Non
1513 3483 1644 3571 attingo

407 3589 567 3669 GraeeoS,
590 3611 733 3676 quorum
752 3612 820 3652 nou
840 3588 941 3652 modo
957 3587 1108 3668 libertaS,
1127 3588 1227 3653 etiam
1251 3587 1355 3652 libido
1372 3589 1550 3675 impunita.
1570 3613 1586 3654 a
1602 3625 1644 3639 -

406 3699 439 3774 l),
457 3696 511 3760 38.
537 3724 551 3756 «
574 3696 772 3783 Optimos...
796 3695 990 3760 mortalium
1006 3695 1170 3759 altissima
1186 3719 1307 3784 cupere
1326 3717 1332 3777 ;
1351 3697 1398 3761 sic
1415 3696 1596 3762 llerculem
1611 3704 1645 3763 et

407 3804 566 3870 Liberum
586 3804 675 3891 apud
695 3805 882 3870 Graecos...
910 3804 1011 3869 deum
1033 3825 1172 3867 numero
1201 3802 1372 3868 additos»
1411 3804 1640 3892 (Loquuntur,

407 3913 464 3999 qui
497 3907 665 3974 Tiberium
691 3911 819 3975 cultum
846 3913 897 3976 sui
927 3919 1165 3998 aspernantem
1197 3910 1414 3998 vituperant).
1450 3950 1494 3962 -
1513 3914 1546 3988 4,
1586 3913 1639 3979 58.

409 4017 574 4082 Profectio
608 4016 746 4105 (Tiberii
773 4018 807 4081 in
842 4017 1077 4108 (lampuniam)
1105 4026 1177 4083 arto
1208 4019 1369 4084 comitatu
1402 4020 1520 4088 l'uit...:
1543 4019 1645 4086 ceteri

408 4124 604 4190 liberalibus
625 4123 744 4190 studiis
768 4126 923 4213 praediti,
957 4127 1059 4191 lerrne
1093 4125 1224 4205 Graeci,
1262 4149 1403 4213 quorum
1431 4127 1644 4193 sermonibus

409 4232 587 4297 levaretur.
619 4265 662 4282 -ι-
686 4235 719 4307 Δ,
749 4231 804 4320 67.
833 4233 981 4297 Graecos
1015 4256 1054 4297 ea
1082 4233 1231 4298 tenuisse
1256 4233 1470 4323 Capreasque
1491 4234 1645 4301 Telebois

406 4339 576 4405 habitatas
596 4339 685 4403 sarna
707 4338 819 4404 tradit.
842 4375 885 4390 -
905 4343 936 4417 5,
968 4364 1017 4407 ro.
1043 4340 1214 4427 Promptis
1235 4332 1441 4406 (iraeeorum
1457 4343 1579 4408 animis
1604 4344 1645 4409 ad

409 4471 495 4511 nom
523 4454 556 4511 et
589 4446 685 4511 mira.
721 4480 764 4496 -
801 4446 833 4526 6,
864 4453 916 4514 28.
949 4448 1034 4512 Avis
1069 4447 1215 4534 phoenix
1253 4449 1287 4512 in
1319 4450 1515 4540 Aegyptum
1554 4452 1646 4517 venit

408 4554 628 4643 praelmitque
659 4555 834 4620 materiem
859 4555 1065 4620 doctissimis
1092 4555 1326 4642 indigenarum
1368 4566 1401 4623 et
1441 4559 1645 4625 Graecorum

399 4760 406 4795 ¹
426 4763 454 4810 C.
473 4760 649 4824 Sempronius
673 4762 822 4816 Gracchus.
846 4767 970 4829 Pansam,
994 4770 1020 4828 S,
1039 4770 1098 4818 abb:
1118 4791 1129 4816 a
1153 4768 1202 4816 t'ir
1228 4767 1272 4816 hic
1290 4767 1428 4818 Gracchus
1451 4771 1559 4831 practer
1575 4783 1599 4819 n.
1617 4767 1647 4816 33

364 4843 485 4902 (larunt,
504 4847 531 4890 rb
611 4848 701 4907 potius
722 4848 765 4894 hh¹
789 4852 818 4898 (1.
836 4852 977 4899 thaeclms
1001 4853 1045 4913 qni
1064 4868 1088 4898 a.
1106 4850 1136 4898 35
1152 4852 1282 4898 Granium
1310 4852 1476 4899 Marcianum
1493 4855 1646 4899 senatorem

364 4924 513 4971 maiestatis·
549 4927 698 4986 postularit
741 4931 828 4990 (Tac,
857 4933 880 4988 6,
912 4933 952 4978 :aa
981 4957 1010 4968 -
1045 4932 1175 4981 Similiter
1202 4933 1253 4979 iam
1282 4932 1450 4981 iudicaverat
1477 4932 1644 4995 Nipperdey·

365 5005 516 5054 Andresen.
