3709 6234
808 877 911 929 CRETA
1447 874 1500 929 229

264 1025 406 1091 nuntius
433 1025 467 1089 in
500 1025 659 1112 Aegypto
689 1023 899 1112 adsequitur.
931 1062 973 1072 —
1001 1022 1060 1103 111,
1091 1021 1144 1089 60.
1177 1022 1300 1112 (Verba
1316 1021 1396 1089 lacit
1411 1023 1500 1110 apud

263 1131 389 1197 milites
441 1130 624 1218 Antonius)
662 1156 678 1194 a
705 1131 795 1196 Satis
832 1130 960 1218 gloriae
997 1129 1126 1218 proelio
1164 1129 1385 1195 Cremonensi
1422 1154 1498 1218 par-

264 1246 414 1304 tum...»
436 1278 475 1289 —
500 1237 558 1319 lV,
578 1263 595 1300 2
631 1238 831 1326 (Antonius)
853 1238 1030 1326 pecuniam
1054 1236 1316 1325 lariiiliamquee
1337 1238 1499 1325 principis

264 1345 364 1410 domo
386 1346 488 1434 quasi
504 1344 767 1410 Cremonensem
797 1345 957 1433 praedam
989 1368 1117 1432 rapere.
1134 1383 1179 1394 —
1200 1346 1256 1429 lV,
1275 1345 1329 1410 31.
1353 1345 1497 1411 Haecin

263 1454 444 1519 Germania
459 1461 536 1518 ante
556 1452 784 1518 Cremonense
798 1453 964 1540 proelium
983 1460 1120 1540 gesta...
1141 1451 1256 1530 -IV,
1279 1452 1332 1518 51.
1350 1454 1395 1518 At
1416 1455 1499 1519 Ves·

263 1560 401 1648 pasiano
420 1569 498 1649 post
514 1560 775 1625 Cremonensem
787 1582 936 1647 pugnam
951 1568 1174 1649 etprosperos
1193 1560 1342 1649 undique
1362 1562 1499 1626 nuntios

262 1666 423 1733 cecidisse
437 1666 610 1732 Vitellium
626 1666 766 1734 multi...
791 1667 988 1732 nuntiavere
999 1667 1020 1731 ¹.

116 1768 118 1772 ¹
218 1773 478 1840 CREMVTIVS
495 1773 687 1853 CORDVS,
706 1773 994 1839 cannvt'lvst
1012 1813 1052 1823 -
1068 1777 1100 1851 4,
1124 1774 1178 1851 34.
1202 1774 1395 1840 Cremutius
1415 1775 1498 1840 Cor-

262 1881 327 1947 dus
341 1881 533 1969 postulatur
559 1904 647 1945 novo
661 1904 699 1946 ac
715 1888 796 1945 tnnc
812 1881 958 1968 primum
973 1880 1089 1946 audito
1103 1881 1256 1960 crimine,
1274 1882 1376 1970 quod,
1398 1883 1498 1947 editis

261 1988 441 2054 annalibus
475 1987 680 2076 laudatoque
700 1989 748 2054 M.
781 1988 898 2064 Brut0,
922 1987 960 2052 C.
980 1988 1137 2052 Cassium
1168 1987 1397 2054 Romanorum
1412 1989 1496 2054 ulti-

262 2119 354 2161 mum
370 2095 526 2177 dixisset,
551 2095 887 2172 ...Defensionem„.,
914 2117 1015 2182 quam
1033 2094 1239 2177 Cremutius,
1257 2095 1498 2183 relinquendae

260 2204 351 2269 vitae
366 2210 488 2278 certus,
510 2203 545 2266 in
558 2204 648 2267 hunc
662 2202 801 2267 modum
816 2225 958 2266 exorsus
977 2210 1029 2266 est
1039 2202 1062 2267 ³.

216 2309 500 2376 CHEPEREIVS
521 2309 711 2379 GALLVS.
743 2308 1042 2373 CREPEREIVS.
1075 2348 1118 2357 —
1146 2311 1195 2388 14,
1214 2309 1245 2373 5.
1269 2309 1337 2374 Nec
1350 2310 1495 2375 multum

261 2424 332 2483 erat
360 2440 537 2506 progressa
563 2417 672 2493 navis,
699 2415 865 2481 duobuse
884 2439 1025 2480 numero
1042 2415 1256 2481 familiarium
1272 2417 1495 2505 Agrippinam

261 2524 514 2604 comitantibus,
547 2547 588 2588 ex
613 2524 690 2612 quis
710 2523 908 2611 Crepereius
935 2523 1055 2587 Gallus
1080 2522 1170 2588 haud
1187 2523 1301 2611 procul
1330 2524 1492 2610 guberna·

261 2632 346 2696 culis
385 2631 601 2707 adstabat...,
635 2654 712 2696 eum
746 2630 824 2696 dato
857 2631 956 2717 signo
991 2653 1086 2696 ruere
1116 2639 1242 2695 tectum
1280 2630 1345 2696 loci
1388 2629 1495 2696 multo

260 2738 399 2826 plumbo
419 2763 533 2825 gravo.
558 2740 767 2829 Pressusque
788 2738 988 2826 Crepereius
1011 2746 1044 2804 et
1068 2739 1184 2804 statim
1204 2739 1415 2803 exanimatus
1430 2747 1492 2806 ost.

214 2843 456 2912 CRESCENS.
483 2885 527 2896 -
548 2847 573 2920 l,
597 2847 650 2933 76.
672 2847 790 2935 Neque
809 2853 1005 2935 exspectata
1027 2846 1183 2934 Vipstani
1200 2846 1386 2934 Aproniani
1419 2870 1495 2934 pro·

259 2953 408 3018 consulis
427 2955 639 3031 auctoritate.
662 2956 826 3019 Crescens
853 2953 998 3018 Neronis
1024 2952 1208 3019 libertus...
1243 2952 1381 3040 epulum
1405 2953 1495 3041 plebi

260 3059 617 3151 (Carthaginiensium)
644 3061 687 3124 oh
712 3061 873 3126 laetitiam
895 3060 1039 3125 recentis
1054 3059 1228 3146 (Othonis)
1244 3060 1376 3147 imperii
1395 3059 1494 3126 obtu-

258 3166 354 3233 lemt.

214 3275 376 3341 CRETA.
392 3316 435 3326 —
451 3276 483 3359 3,
501 3276 555 3343 38.
579 3275 771 3340 Ancharius
787 3275 924 3339 Priscus
936 3274 1094 3340 Caesium
1111 3272 1260 3339 Cordum
1275 3297 1335 3361 pro
1355 3275 1494 3340 consule

258 3382 377 3449 Cretae
409 3383 640 3472 postulaverat
671 3383 868 3470 repetundis
895 3381 1011 3447 addito
1038 3382 1226 3447 maiestatis
1265 3382 1418 3448 crimine.
1451 3421 1494 3431 -

258 3493 289 3567 4,
313 3514 364 3555 21.
397 3489 550 3578 (Cassius
581 3490 742 3574 Severus)
772 3513 832 3577 per
864 3488 1064 3554 immodicas
1094 3489 1300 3558 inimicitias.
1318 3488 1494 3555 utiudicio

257 3597 357 3663 iurati
372 3604 510 3662 senatus
526 3598 661 3663 Cretam
680 3604 906 3673 amoveretur,
924 3597 1092 3663 ellecerat.
1115 3636 1158 3645 -
1178 3595 1227 3678 15,
1257 3618 1311 3661 20.
1333 3595 1494 3661 Claudius

256 3704 453 3769 Timarchus
477 3703 650 3770 Cretensis
668 3727 744 3769 reus
762 3704 914 3791 agitur...
935 3704 1007 3768 Vna
1024 3726 1091 3768 vox
1105 3704 1178 3768 eius
1196 3727 1304 3791 usque
1320 3702 1363 3768 ad
1375 3712 1493 3769 contu·

256 3810 391 3876 mcliam
418 3819 557 3877 senatus
587 3819 834 3900 penetraverat,
864 3811 956 3900 quod
980 3811 1171 3876 dictitasset
1198 3810 1232 3875 in
1251 3835 1311 3877 sua
1326 3819 1493 3900 potestate

256 3918 371 3998 situm,
406 3942 448 3982 aa
477 3918 749 4006 proconsulibus,
781 3919 839 4006 qui
855 3918 992 3982 Cretam
1023 3917 1261 3998 obtinuissent,
1284 3925 1397 4006 grates
1417 3942 1494 4005 age·

255 4034 411 4092 rentur...
445 4026 568 4091 Pactus
605 4028 792 4092 Thrasea...
829 4023 870 4090 de
904 4048 960 4091 reo
986 4033 1163 4091 censuerat
1191 4026 1363 4112 provincia
1393 4026 1492 4092 Creta

255 4132 504 4221 depellendum.
532 4172 574 4182 —
604 4134 644 4213 V,
664 4159 694 4197 2.
719 4133 859 4198 ludaeos
889 4133 989 4198 Creta
1010 4132 1120 4199 insula
1142 4132 1345 4220 profugos...
1364 4157 1492 4199 memo-

255 4248 343 4320 rant,
371 4263 437 4328 qua
471 4247 672 4328 tempestate
705 4241 872 4307 Saturnus
892 4241 926 4305 vi
948 4239 1037 4304 lovis
1067 4239 1186 4328 pulsus
1214 4242 1352 4305 cesserit
1365 4242 1490 4328 regnis.

254 4348 506 4435 Argumentum
523 4370 540 4412 e
554 4348 690 4414 nomine
706 4350 852 4436 petitur:
872 4348 1039 4413 inclutum
1056 4348 1090 4412 in
1107 4347 1206 4413 Creta
1223 4348 1316 4413 ldam
1328 4355 1489 4428 montem,

254 4454 386 4519 accolas
413 4454 531 4519 idaeos
560 4464 658 4520 aucto
693 4457 727 4520 ia
763 4455 945 4520 barbarum
972 4463 1197 4542 cognomento
1226 4454 1367 4520 ludaeos
1394 4456 1493 4520 voci-

257 4561 332 4626 tari.

240 4810 249 4843 ¹
267 4807 307 4857 De
322 4809 498 4858 Cremonensi
516 4824 605 4872 pugna
623 4826 651 4858 r.
671 4811 754 4859 ctiam
774 4810 821 4863 111.
838 4812 877 4859 51.

240 4889 300 4937 Ἀ.
318 4888 472 4938 Cremutius
489 4889 606 4942 Cordus.
629 4890 750 4948 thanna,
770 4890 837 4938 1:281.

241 4969 252 5002 ³
270 4968 301 5018 V.
316 4971 397 5018 etiam
424 4980 447 5029 4.
461 4970 501 5020 35.
