3709 6234
375 856 431 912 550
916 860 969 916 CII.
984 860 1140 914 POMPEIVS

421 1001 572 1067 Siciliam
602 1024 796 1090 oppressus
827 1040 871 1052 -
899 1024 926 1081 ι,
957 1025 1008 1069 ιο.
1043 1000 1122 1091 (Qui
1144 1000 1250 1066 vitam
1277 998 1426 1087 Augusti
1453 996 1656 1085 arguebant,

421 1108 591 1196 dicebant)
620 1109 818 1199 Pompeium
852 1109 1000 1197 imagine
1028 1108 1162 1198 pacis...
1195 1107 1367 1195 deceptos.
1398 1143 1443 1159 -
1463 1104 1494 1180 5,
1517 1129 1544 1171 ι.
1568 1105 1658 1171 Pace

420 1216 508 1282 inter
522 1216 600 1283 Sex.
624 1217 824 1305 Pompeium
839 1240 877 1282 ac
893 1217 1090 1283 triumviros
1105 1223 1214 1304 pacta.

377 1324 473 1391 SEX.
493 1323 756 1390 POMPEIVS¹.
777 1363 820 1374 -
850 1348 877 1401 r,
901 1349 933 1412 7.
955 1325 1034 1391 Sex.
1058 1323 1241 1412 Pompeius
1274 1328 1308 1387 et
1345 1320 1425 1388 Sex.
1465 1319 1658 1409 Appuleius

420 1430 578 1514 consules
606 1431 705 1519 primi
730 1431 765 1497 in
779 1430 883 1497 verba
905 1430 1029 1497 Tiberii
1049 1430 1202 1496 Caesaris
1223 1430 1385 1495 iuravere.
1403 1468 1446 1478 —
1462 1428 1493 1510 3,
1517 1451 1565 1493 ιι.
1584 1427 1658 1492 Reo

421 1539 498 1627 (Cn.
515 1538 644 1625 Pisoni)
662 1538 699 1605 L.
715 1537 929 1621 Arruntium,
943 1538 1173 1619 P.Vinicium,
1192 1537 1349 1602 Asinium
1365 1534 1515 1612 Gallum,
1533 1536 1659 1600 Aeser-

420 1647 537 1713 ninum
572 1645 783 1726 Mareellum,
826 1647 905 1713 Sex.
941 1646 1141 1736 Pompeium
1174 1651 1335 1735 patronos
1376 1643 1505 1733 petenti
1546 1642 1658 1732 iisque

419 1755 553 1820 diversa
581 1752 863 1821 excusantibus...
885 1793 928 1804 -
944 1752 976 1832 3,
1001 1753 1055 1820 32.
1084 1752 1183 1833 Quod
1210 1752 1343 1818 initium
1370 1750 1449 1817 Sex.
1475 1750 1659 1839 Pompeius

419 1861 569 1950 agitandi
584 1861 747 1926 adversus
758 1860 911 1927 Marcum
928 1860 1092 1949 Lepidum
1113 1859 1182 1926 odii
1202 1867 1359 1940 nanetus,
1381 1865 1419 1923 ut
1434 1857 1654 1925 socordem...

420 1969 600 2034 incusavit.
1502 2023 1506 2027 .

377 2074 607 2143 POMPEIVS
633 2074 961 2141 AE1.1ANVS⁹.-
988 2078 1040 2154 ιιί,
1066 2079 1121 2154 άι.
1149 2075 1297 2142 Perculit
1320 2076 1349 2139 is
1370 2074 1442 2139 dies
1456 2073 1658 2162 Pompeium

420 2206 555 2273 quoque
578 2182 771 2263 Aelianum,
801 2183 958 2249 iuvenem
982 2184 1224 2273 quaestorium,
1251 2190 1423 2271 tamquam
1448 2182 1657 2269 flagitiorum

418 2290 574 2378 (Valerii)
613 2288 752 2356 Fabiani
789 2314 947 2379 gnarum,
992 2292 1089 2380 eique
1128 2290 1224 2358 ltalia
1253 2299 1287 2357 et
1318 2290 1493 2378 Hispania,
1528 2289 1658 2377 inqua

420 2406 514 2464 ortus
534 2404 615 2478 erat,
640 2398 857 2464 interdictum
877 2406 942 2467 est.

377 2505 636 2593 (POMPEIVS)
651 2504 876 2588 COLLEGA,
894 2530 926 2572 v.
947 2505 1170 2572 COLLEGA.

375 2612 605 2681 POMPEIVS
633 2611 874 2696 LONGINVS,
907 2612 1171 2692 1.0NG1NVS³.
1196 2614 1287 2693 -Ι,
1311 2614 1364 2679 31.
1389 2612 1540 2700 Pergunt
1553 2612 1659 2678 etiam

418 2722 453 2786 in
492 2728 601 2785 eastra
630 2721 921 2807 praetorianorum
959 2720 1087 2786 tribuni
1130 2721 1264 2787 Cetrius
1315 2722 1473 2801 Severus,
1511 2719 1659 2785 Subrius

421 2828 558 2905 Dexter,
577 2827 759 2915 Pompeius
778 2827 963 2914 Longinus,
983 2829 1012 2893 si
1033 2828 1200 2917 incipiens
1219 2828 1368 2896 adhuc...
1396 2827 1516 2894 seditio
1538 2826 1659 2892 melio-

420 2933 513 3001 ribus
526 2934 677 3000 consiliis
704 2936 907 3001 flecteretur.
934 2934 1203 3014 Tribunorum,..
1219 2936 1328 3002 adorti
1345 2935 1509 3003 milites...
1531 2935 1660 3019 Longi·

420 3065 500 3107 num
530 3040 686 3107 manibus
717 3050 873 3108 coercent
909 3050 1163 3132 exarmantque‚
1189 3044 1349 3134 quianon
1365 3043 1481 3109 ordine
1500 3040 1656 3122 militiae,

421 3148 480 3214 sed
496 3171 513 3214 e
529 3147 657 3215 Galbae
672 3148 802 3230 amicis,
823 3148 911 3215 lidus
935 3151 1079 3239 principi
1100 3174 1160 3215 suo
1180 3159 1214 3216 et
1233 3149 1499 3216 desciscentibus
1517 3172 1660 3237 suspec-

420 3257 580 3322 tiorerat.

377 3363 605 3430 POMPEIVS
634 3363 818 3430 Macula-⁴
848 3403 892 3415 -
940 3389 966 3441 ι,
1000 3389 1053 3454 72.
1084 3365 1249 3442 Tiberius,
1265 3366 1479 3430 consultante
1493 3365 1659 3453 Pompeio

420 3469 535 3535 Macro
552 3478 715 3558 praetore,
748 3494 789 3535 an
818 3471 940 3536 iudicia
961 3473 1147 3537 maiestatis
1182 3472 1413 3553 redderentur,
1450 3472 1660 3537 exercendas

418 3575 511 3663 leges
526 3601 600 3642 esse
617 3577 791 3665 respondit
802 3579 826 3643 ὓ.

377 3683 617 3765 POMPEIVS,
641 3684 712 3751 CN.
742 3686 985 3763 POMPEIVS,
1004 3686 1074 3751 CN.
1094 3687 1353 3752 MAGNVS—
1377 3712 1405 3763 r,
1442 3712 1469 3754 ι.
1503 3689 1660 3775 Pompeii

420 3792 600 3881 Crassique
620 3794 770 3880 potentia
785 3794 851 3857 eito
873 3794 905 3857 in
922 3794 1100 3858 Caesarem
1121 3794 1264 3882 (cessit).
1295 3834 1340 3844 —
1370 3819 1400 3868 2,
1425 3821 1478 3883 27.
1508 3795 1660 3861 Firmius

421 3900 526 3966 Catus
546 3909 692 3979 senator,
710 3924 750 3965 ex
767 3901 884 3965 intima
906 3901 1044 3966 Libonis
1082 3902 1238 3982 amicitia,
1272 3902 1469 3969 iuvenem...
1507 3903 1658 3991 impulit,

420 4008 499 4071 ‹lum
521 4031 684 4094 proavum
701 4008 956 4097 Pompeium...
977 4008 1111 4097 plenam
1126 4009 1331 4097 imaginibus
1343 4011 1480 4075 domum
1492 4019 1657 4076 ostentat.

421 4115 510 4190 —3,
528 4139 580 4179 22.
601 4115 738 4203 Lepida,
756 4116 809 4181 cui
830 4140 931 4203 super
949 4117 1173 4180 Aemiliorum
1203 4117 1305 4181 ‹leeus
1334 4118 1371 4181 l..
1390 4117 1484 4183 Sulla
1523 4127 1556 4184 et
1589 4118 1657 4188 Cn.

423 4222 602 4309 Pompeius
618 4224 734 4310 proavi
754 4231 862 4288 arant.
880 4263 922 4272 —
944 4225 975 4300 3,
996 4225 1048 4288 23,
1065 4223 1190 4311 Lepida
1203 4224 1358 4288 ludorum
1376 4226 1535 4293 diebus...
1560 4228 1660 4294 thea-

422 4330 725 4416 trum...ingressa,
743 4329 983 4396 lamentatione
1003 4330 1106 4395 flebili
1135 4331 1278 4395 maiores
1302 4356 1381 4396 suos
1401 4335 1492 4398 ciens
1526 4336 1660 4422 ipsum-

421 4460 485 4525 que
503 4438 711 4525 Pompeium,
730 4438 825 4502 culus
844 4461 881 4502 ea
909 4438 1115 4503 monimenta
1137 4446 1169 4502 et
1189 4437 1361 4504 adstantes
1382 4442 1546 4529 imagines
1565 4444 1660 4509 vise-

408 4685 417 4719 ¹
437 4685 560 4744 Pnosor.,
576 4688 630 4742 450.

406 4767 418 4870 ’ἑ
436 4765 514 4884 {VIA
528 4767 751 4884 antefigiclrenam
768 4770 796 4815 et
814 4768 957 4829 lipsium:
975 4767 1159 4830 Pompeianus
1177 4768 1317 4818 Meli-anus.

458 4853 558 4893 auson..
577 4844 591 4894 4
626 4875 631 4885 ,

406 4918 417 4951 ’ὓ
434 4918 626 4979 Paosor.‚1171.
644 4919 738 4967 Frater
749 4920 893 4982 PompeIae
912 4920 1057 4968 Macrinue.

407 4997 665 5058 ‘Mfflmdffi
