3709 6234
286 852 340 910 270
804 853 917 908 l'Allll'S
940 853 1061 910 tlte-:ns

332 1005 365 1063 et
381 997 506 1063 Fabius
528 997 652 1061 Valens
682 995 783 1082 legati
805 996 980 1082 legionum
1002 997 1253 1074 interfecerant,
1278 1004 1465 1086 antequam
1480 997 1564 1064 iube·

332 1113 447 1171 rentur
471 1107 504 1192 (a
532 1104 666 1191 Galba).
688 1142 733 1154 --
747 1103 772 1174 l.
799 1105 851 1169 52.
872 1105 971 1171 ,ttoni
991 1106 1026 1170 in
1051 1113 1195 1194 utroque
1215 1105 1449 1196 (Germanico)
1478 1129 1566 1172 exer-

330 1215 439 1280 citu...
458 1213 537 1278 mali
554 1213 739 1278 etstrenui.
759 1213 825 1278 Sed
840 1212 977 1300 profusa
1000 1213 1158 1301 cupidine
1174 1222 1208 1280 et
1223 1213 1350 1301 insigni
1377 1214 1562 1281 temeritate

332 1321 436 1409 legati
459 1321 632 1408 legionum
663 1320 806 1384 Alienus
840 1321 986 1387 Caecina
1015 1329 1049 1386 et
1080 1321 1205 1387 Fabius
1234 1321 1379 1402 Valens;
1410 1320 1567 1410 equibus

335 1430 461 1495 t'alens
480 1430 633 1494 intensus
647 1427 786 1512 Galbae,
802 1436 973 1517 tamquam
991 1428 1160 1495 detectam
1180 1453 1246 1495 ase
1271 1429 1423 1514 Verginii
1438 1435 1568 1496 cuncta·

334 1537 471 1613 tionem,
507 1560 668 1624 oppressa
703 1535 879 1624 Capitonis
903 1536 1045 1602 consilia
1073 1537 1203 1624 ingrate
1233 1536 1381 1618 tulisset,
1410 1537 1568 1624 instigare

336 1645 551 1710 l'itollinm...
569 1642 654 1714 -1,
673 1644 726 1730 57.
756 1644 912 1709 l'roxima
941 1644 1085 1728 legionis
1107 1644 1235 1733 primae
1264 1643 1403 1710 hiberna
1423 1652 1522 1710 erant
1539 1648 1569 1708 et

335 1752 609 1841 promptissimus
633 1751 786 1838 elegatis
812 1750 936 1817 Fabius
957 1751 1093 1818 l'alens.
1119 1752 1192 1818 ls...
1213 1751 1381 1818 coloniam
1407 1751 1560 1840 Agrippi·

334 1883 513 1925 nensenr...
560 1859 734 1947 ingressus
782 1860 1017 1947 imperatorem
1060 1859 1234 1926 Vitellium
1273 1857 1569 1926 consalutauit.-

337 1967 363 2036 l.
381 1968 434 2032 tir.
452 1965 578 2032 Fabius
595 1966 719 2032 l'alens
738 1967 884 2033 adlicere
899 1967 966 2045 vel,
980 1968 1008 2032 si
1030 1967 1229 2050 abnuerent,
1247 1976 1382 2034 vastare
1399 1966 1570 2034 Galliaset

336 2075 503 2141 Cottianis
519 2075 664 2162 Alpibus
697 2075 830 2141 ltaliam
853 2076 1086 2164 inrumpere...
1113 2077 1238 2142 iussus.
1258 2075 1391 2142 l'alcnti
1406 2074 1570 2142 interieris

336 2182 504 2248 exercitus
520 2182 617 2248 electi
638 2206 713 2247 cunr
727 2183 838 2271 aquila
855 2184 993 2271 quintae
1007 2184 1152 2268 legionis
1172 2191 1205 2249 et
1217 2182 1414 2249 cohortibus
1430 2182 1569 2272 alisque,

336 2292 378 2356 ad
393 2291 617 2381 quadraginta
632 2290 724 2355 milia
742 2299 947 2356 armatorum
959 2291 1050 2357 data.
1069 2331 1111 2340 -
1128 2291 1154 2372 l,
1172 2290 1226 2356 62.
1241 2292 1382 2357 Laetum
1396 2292 1570 2380 augurium

337 2399 441 2465 Fabio
463 2398 598 2463 l'nlenti
625 2399 866 2487 exercituique,
894 2422 995 2487 quem
1016 2401 1051 2464 in
1074 2398 1200 2464 bellum
1224 2398 1400 2486 agebat...,
1418 2399 1569 2489 aquila...

335 2508 429 2572 velut
444 2507 513 2571 dux
524 2506 598 2571 viae
619 2506 842 2594 praevolavit.
862 2545 905 2554 -
923 2506 948 2591 l>
966 2507 1020 2583 64.
1043 2507 1208 2572 Nuntium
1224 2506 1265 2572 de
1280 2507 1382 2572 caede
1397 2506 1527 2572 Galbae
1541 2512 1572 2571 et

339 2616 479 2704 inqrerio
496 2616 640 2682 tlthonis
666 2614 790 2679 Fabius
819 2613 943 2680 l'alens
971 2616 1005 2679 in
1033 2615 1170 2681 civitate
1193 2615 1379 2681 leucorum
1402 2615 1569 2705 accepit...

338 2723 455 2789 llrevis
472 2722 599 2790 laetitia
629 2723 690 2788 luit
711 2723 949 2810 (Batavorum)
987 2724 1175 2789 cohortium
1204 2723 1415 2812 intemperie,
1445 2746 1569 2811 quas...

336 2823 497 2888 exercitui
518 2844 578 2887 suo
600 2820 725 2886 Fabius
752 2821 875 2886 valens
890 2822 1132 2888 adiunxerat...
1156 2821 1199 2887 Ni
1215 2822 1341 2888 l'alens
1364 2821 1573 2888 animadver-

337 2931 430 2996 sione
447 2953 628 3019 paucorum
644 2929 768 2995 oblitos
783 2930 849 2995 iam
867 2931 1014 2995 Bntavos
1030 2930 1161 3018 imperii
1176 2930 1451 2996 admonuisset...
1474 2925 1572 2996 blan-

337 3037 402 3102 lius
410 3036 673 3124 l'alenslegatus
690 3037 825 3103 ltalicae
842 3037 1028 3124 legionis...
1047 3038 1141 3103 nullo
1156 3036 1247 3126 apud
1258 3037 1434 3104 Vitellium
1448 3037 1572 3102 honore

339 3145 567 3213 luit1secretis
583 3169 659 3211 enm
676 3145 967 3211 criminationibus
983 3147 1205 3212 infamaverat
1222 3146 1246 3209 F
1249 3145 1511 3234 abiusignaruna
1527 3151 1570 3216 et.

337 3275 403 3342 quo
438 3255 604 3320 incautior
634 3253 856 3341 deciperetur,
890 3253 1003 3342 palam
1029 3253 1275 3320 laudatun1.-
1300 3253 1326 3332 l,
1341 3251 1396 3320 66.
1431 3247 1573 3318 Addidit

338 3357 460 3427 t'alens
477 3370 629 3427 trecenos
645 3361 788 3446 singulis
802 3360 967 3427 militibus
987 3362 1171 3428 sestertios.
1188 3362 1274 3425 'l'um
1294 3368 1447 3427 vetustas
1463 3358 1574 3448 digni⁴

337 3478 455 3559 tasque
474 3470 626 3536 coloniae
647 3469 823 3558 (Viennae)
834 3469 942 3535 valuit
954 3477 988 3534 et
1003 3469 1105 3535 verba
1119 3469 1213 3534 Fabii
1233 3468 1377 3534 salutem
1398 3467 1575 3534 incolumi*

337 3585 507 3668 tatemque
531 3577 774 3643 Viennensium
803 3575 1073 3643 commendantis
1092 3575 1210 3665 aequis
1233 3576 1372 3642 nuribus
1394 3583 1572 3665 accepta...

336 3681 403 3752 Sed
422 3686 509 3752 lama
525 3696 684 3752 constans
705 3685 766 3751 luit
778 3686 889 3773 ipsum
907 3685 1083 3751 Valentem
1101 3708 1222 3771 magna
1247 3685 1388 3773 pecnnia
1404 3691 1568 3773 emptum.

338 3794 411 3860 ls...
436 3794 526 3880 inopi
553 3793 689 3859 iuventa
714 3817 817 3858 senex
847 3793 1021 3881 prodigus.
1043 3831 1088 3844 -·
1108 3793 1134 3862 l.
1154 3792 1207 3880 7¹l·
1237 3791 1381 3858 Addidit
1410 3790 1574 3880 epistulas

339 3895 463 3967 Fabius
480 3900 605 3966 l'alcns
619 3901 754 3966 nemine
770 3901 964 3966 Germanici
979 3902 1148 3967 exercitus
1163 3900 1205 3966 ad
1219 3901 1405 3988 praetorias
1419 3907 1453 3964 et
1477 3898 1574 3964 urba-

340 4031 400 4074 nas
422 4008 617 4075 cohortes...
642 4007 742 4087 -ll,
772 4011 820 4087 'l-
846 4006 1024 4074 Imminere
1057 4007 1250 4096 provinciae
1285 4007 1508 4084 Narbonensi,
1539 4005 1573 4071 in

337 4116 440 4183 verba
473 4113 600 4181 t-'itellii
630 4115 781 4189 adactae,
812 4114 957 4181 classem
993 4116 1137 4182 Othonis
1173 4115 1292 4204 trepidi
1324 4113 1433 4180 nuntii
1470 4113 1574 4178 Fabio

338 4224 473 4289 Valenti
510 4220 694 4288 attulere...
728 4262 769 4272 -
810 4221 853 4300 ll,
886 4223 938 4300 at.
979 4221 1150 4312 (Caecina)
1188 4217 1434 4312 propinquante
1472 4217 1574 4285 Fabiu

340 4330 494 4408 l'alente,
528 4351 569 4395 ne
589 4354 689 4395 onmc
711 4329 788 4396 helli
816 4329 919 4396 decus
944 4331 1012 4397 illic
1042 4331 1252 4408 concederet,
1285 4330 1470 4419 reciperare
1493 4328 1573 4416 glo·

338 4442 421 4506 riam
448 4438 580 4505 avidius
600 4459 701 4527 quam
723 4439 912 4504 consultius
933 4439 1147 4527 properabat.
1165 4479 1208 4488 -
1227 4435 1272 4521 ll,
1289 4457 1341 4527 27.
1369 4437 1464 4503 Fabii
1488 4457 1574 4526 quo-

338 4572 403 4640 quc
423 4545 575 4612 Valentis
594 4547 722 4634 copiae,
740 4547 805 4611 iam
828 4548 917 4612 eninr
934 4547 1088 4613 Ticinum
1115 4555 1265 4624 venerat,
1287 4546 1396 4635 posito
1426 4545 1574 4610 hostium

338 4665 574 4745 contemptu...
609 4655 781 4743 aequalius
812 4648 888 4720 duci
918 4655 1092 4744 parebant.
1124 4656 1246 4720 Gravis
1275 4651 1424 4743 alioquin
1453 4647 1574 4719 seditio

338 4772 511 4832 exarserat
532 4815 551 4829 ..
576 4757 740 4828 Cohortes
761 4763 979 4832 batavorum.
1011 4781 1136 4852 quas...
1170 4761 1203 4827 in
1228 4757 1365 4828 civitate
1381 4757 1573 4848 Lingonum

340 4869 443 4938 Fabio
464 4867 598 4936 Valenti
614 4869 789 4936 adiunctas
809 4870 1013 4947 rettulimus,
1037 4871 1180 4958 superbe
1198 4869 1386 4957 agebant...
1411 4868 1465 4933 nd
1494 4892 1574 4957 pos-

339 4990 483 5047 tremum
522 4976 648 5044 l'alens
678 5003 694 5042 e
722 4977 909 5067 petulantia
930 4979 1031 5044 etiam
1068 4977 1241 5066 perfidiam
1276 4975 1505 5065 suspectabat.
1531 5012 1574 5024 -
