3709 6234
566 846 753 918 (CORNELIVS
772 845 944 916 LENTVLVS)
965 848 1202 902 NALVGINENSIS
1475 843 1529 901 219

293 1013 431 1079 gravem
446 988 562 1072 tuisse,
579 991 703 1056 nedum
716 992 918 1082 (Antonius)
934 990 1069 1057 Primus
1090 1013 1128 1056 ac
1149 989 1278 1054 Fuscus
1300 996 1374 1056 et...
1392 987 1527 1056 Mucia-

293 1122 357 1164 nus
385 1097 489 1164 ullam
515 1098 550 1163 in
572 1099 748 1165 Vitellium
774 1100 839 1166 nisi
870 1099 1045 1167 occidendi
1069 1097 1241 1164 licentiam
1270 1096 1430 1166 habeant.
1449 1121 1465 1160 u
1486 1134 1529 1146 —

294 1205 351 1285 IV,
373 1207 405 1281 d.
433 1206 699 1293 (Decernuntur)
726 1206 884 1273 Cornelio
917 1208 1026 1272 Fusco
1062 1213 1096 1271 et
1124 1205 1224 1270 Arrio
1240 1205 1330 1269 Varo
1359 1203 1528 1291 praetoria

292 1312 449 1401 insignia.
467 1313 562 1379 -F.
585 1312 617 1379 6.
649 1314 848 1404 (Diurpanei
877 1316 1044 1380 Dacorum
1077 1314 1167 1401 regis
1195 1336 1272 1381 cum
1303 1312 1411 1378 Fusco
1442 1312 1527 1380 ducc

292 1420 480 1509 proclia...)

248 1525 504 1595 CORNELIVS
525 1529 659 1609 LACO,
679 1530 797 1598 LACO
813 1531 833 1594 ¹.
855 1569 893 1582 —
914 1529 940 1608 Ι,
958 1529 989 1597 6.
1010 1527 1201 1596 Invalidum
1222 1552 1337 1595 senem
1353 1528 1528 1617 (Galbam)

292 1636 387 1703 Titus
402 1636 521 1703 Vinius
537 1646 571 1704 et
585 1637 764 1704 Cornelius
780 1638 880 1718 Laco,
899 1636 984 1703 alter
997 1636 1199 1703 deterrimus
1220 1635 1426 1718 mortalium,
1444 1636 1529 1702 alter

293 1742 546 1831 ignavissimus,
563 1746 641 1811 odio
663 1747 868 1833 flagitiorum
889 1752 1066 1811 oneratum
1086 1752 1282 1833 contemptu
1298 1744 1437 1810 inertiae
1453 1743 1529 1810 des·

293 1849 461 1918 truebant.
477 1890 521 1902 -
537 1851 563 1932 I,
589 1855 639 1919 13.
665 1853 820 1919 Potentia
840 1852 1051 1941 principatus
1071 1851 1233 1917 divisam
1253 1852 1367 1917 Titum
1388 1852 1524 1920 Vinium

292 1959 479 2037 consulem,
498 1959 693 2026 Cornelium
711 1959 878 2024 Laconem
901 1959 1060 2047 praetorii
1080 1959 1311 2048 praelectum
1335 1981 1395 2024 nec
1416 1959 1526 2026 minor

291 2067 399 2154 gratia
421 2066 550 2134 icelo...
575 2067 618 2132 Ili
638 2066 853 2133 discordes...
877 2067 965 2131 circa
986 2066 1165 2132 eonsilium
1185 2066 1331 2154 eligendi
1355 2089 1528 2132 successo·

293 2175 340 2239 ris
360 2175 395 2239 in
410 2174 495 2240 duas
513 2171 677 2240 factiones
692 2173 946 2239 scindebantur.
970 2173 1089 2239 Vinius
1109 2197 1169 2262 pro
1189 2173 1236 2239 M.
1264 2172 1409 2254 Othone,
1439 2174 1527 2240 Laco

294 2289 394 2372 atque
416 2281 524 2347 Icelus
543 2305 711 2347 consensu
735 2304 801 2345 non
819 2288 887 2346 tam
917 2304 1023 2345 unum
1048 2280 1194 2370 aliquem
1233 2280 1391 2346 Iovebant
1424 2304 1527 2368 quam

295 2388 411 2455 alium.
434 2428 476 2439 -
497 2389 524 2471 I,
552 2392 600 2467 rt.
626 2389 776 2456 Galba...
799 2389 936 2454 comitia
960 2388 1091 2477 imperii
1117 2389 1286 2475 transigit,
1309 2387 1527 2477 adhibitoque

295 2519 395 2584 super
408 2496 547 2562 Vinium
567 2520 605 2561 ac
629 2497 797 2562 Laconem
813 2496 920 2561 Mario
937 2495 1077 2562 Celso...
1096 2519 1134 2561 ac
1155 2496 1305 2561 Ducenio
1326 2496 1526 2574 GemIno...‚

296 2602 452 2668 Pisonem
468 2603 681 2668 Licinianum
697 2602 851 2669 accersiri
867 2601 972 2680 iubet,
989 2625 1049 2669 seu
1063 2603 1199 2690 propria
1210 2602 1374 2668 electione
1389 2603 1474 2684 sive,
1491 2610 1529 2670 ut

294 2709 431 2801 quidam
452 2709 676 2787 crediderunt,
696 2711 828 2776 Lacone
854 2710 1013 2792 instante,
1031 2710 1085 2775 cui
1104 2709 1193 2797 apud
1213 2709 1409 2776 Rubellium
1425 2710 1528 2778 Plau-

295 2824 366 2883 tum
385 2819 532 2884 exercita
546 2841 622 2883 cum
640 2818 763 2883 Pisone
788 2818 935 2883 amicitia
953 2839 960 2899 ;
980 2817 1040 2882 sed
1054 2817 1175 2882 callide
1196 2825 1232 2882 ut
1261 2818 1414 2905 ignotum
1435 2818 1528 2885 Iove·

294 2933 363 3001 bat.
380 2973 424 2985 -
440 2934 467 3016 I,
490 2959 539 3024 ¹9·
561 2935 772 3001 Censuorant
787 2940 900 3023 patres
916 2934 1101 2999 mittendos
1117 2934 1158 2999 ad
1172 2935 1412 3000 Germanicum
1430 2957 1527 3000 exer·

294 3042 397 3109 citum
418 3041 560 3130 legatae.
587 3043 764 3130 Agitatum
785 3049 926 3125 secreto,
952 3064 1033 3107 num
1059 3050 1093 3108 et
1117 3042 1195 3107 Piso
1220 3043 1527 3130 proticiseeretur...

295 3148 455 3215 Placebat
469 3158 502 3217 et
515 3151 683 3216 Laconem
698 3150 857 3239 praetorii
871 3150 1080 3243 praetectum
1096 3150 1198 3214 simul
1215 3149 1303 3216 mitti
1318 3172 1324 3230 ;
1341 3151 1370 3214 is
1385 3149 1528 3216 consilio

294 3257 495 3323 intercessit.
516 3295 560 3309 -
586 3256 686 3337 1,26.
710 3258 882 3338 Quaedam
904 3257 1094 3346 (seditionis
1121 3256 1257 3345 indicia)
1278 3258 1365 3346 apud
1399 3258 1529 3324 Galbae

292 3387 391 3429 aures
414 3364 602 3452 praefectus
620 3366 706 3430 Laco
726 3366 839 3444 elusit,
863 3366 1001 3453 ignarus
1017 3365 1215 3431 militarium
1228 3366 1417 3431 animorum
1441 3389 1529 3431 con--

293 3471 439 3560 sibique,
460 3472 615 3561 quamvis
641 3473 781 3561 egregii.
811 3473 985 3562 quodnon
1015 3474 1086 3561 ipse
1115 3473 1273 3552 adferret,
1306 3474 1463 3538 inimicus
1496 3481 1530 3539 et

294 3563 593 3669 adversusperitos
612 3580 779 3669 pervicax.
799 3622 837 3631 --
855 3582 880 3662 I,
899 3582 953 3649 33.
971 3582 1231 3668 Ilepugnantem
1247 3579 1324 3645 huic
1339 3580 1528 3646 sententiae

294 3687 431 3753 Vinium
461 3689 549 3754 Laco
575 3688 752 3754 minaciter
770 3689 906 3768 invasit,
930 3687 1126 3754 stimulante
1147 3687 1247 3755 Icelo.
1268 3725 1311 3737 —
1329 3688 1355 3765 l,
1374 3687 1426 3777 39.
1445 3688 1527 3777 Agi-

293 3802 383 3861 tasse
395 3795 482 3862 Laco
504 3797 621 3884 ignaro
636 3796 745 3861 Galba
770 3797 811 3862 de
831 3796 1015 3861 occidendo
1030 3797 1105 3862 Tito
1124 3795 1224 3861 Vinio
1244 3796 1379 3873 dieitur,
1402 3796 1474 3861 sive
1491 3804 1529 3862 ut

292 3926 400 3992 poena
416 3904 488 3970 eius
508 3904 640 3970 animos
663 3904 808 3969 militum
834 3905 1008 3986 mulceret,
1027 3928 1086 3972 seu
1100 3904 1272 3970 conscium
1289 3903 1434 3970 Othonis
1450 3927 1528 3971 cre-

293 4010 406 4093 debat,
424 4012 467 4077 ad
494 4021 703 4101 postremum
722 4012 777 4077 vol
797 4012 887 4078 odio.
903 4052 947 4061 -
967 4012 1066 4096 124⁶·
1085 4013 1173 4078 Laco
1193 4011 1417 4101 praelectus²‚
1436 4020 1529 4079 tam·

294 4141 395 4208 quam
419 4120 454 4184 in
474 4120 620 4185 insulani
646 4128 876 4208 seponeretur,
894 4120 936 4185 ab
957 4128 1106 4201 evocato,
1124 4143 1223 4209 quem
1241 4120 1283 4186 ad
1302 4120 1439 4187 caedem
1455 4121 1527 4186 eius

293 4226 382 4292 Otho
401 4228 633 4315 praemiserat,
648 4228 835 4292 confossus.

250 4332 321 4400 CN.
337 4333 622 4421 (CORNELIVS)
640 4334 873 4399 LENTVLVS
893 4334 1064 4414 AVGVII,
1081 4359 1113 4400 v.
1133 4335 1378 4403 LENTVLVS.

250 4440 534 4529 (CORNELIVS)
547 4441 782 4508 LENTVLVS
796 4441 1094 4521 GAETVLICVS,
1107 4466 1141 4508 v.
1155 4442 1390 4514 LENTVLVS
1420 4445 1529 4511 GAE-

294 4547 496 4614 TVLICVS.
956 4549 959 4555 ’

251 4653 521 4741 (CORNELIVS
554 4655 805 4743 LENTVLVS)
848 4656 1204 4758 MALVGINENSIS,
1245 4683 1277 4725 v.
1325 4658 1527 4725 MALVGI-

294 4761 465 4828 NENSIS.

282 4878 290 4912 ¹
307 4876 513 4936 Pnosor.,1116.

281 4956 364 5005 ²Iob.
381 4957 497 5007 Mulier:
518 4956 668 5021 profectus.
