3709 6234
368 863 422 921 602
827 865 964 924 SALVlVS
985 872 1185 926 COCCEIANVS

369 1002 694 1076 SAL1.VST‘1AN1²
713 1011 864 1078 HOllTl.
883 1050 925 1061 -
941 1013 990 1093 13,
1013 1015 1066 1102 117.
1087 1013 1177 1077 Pons
1207 1012 1357 1077 Mulvius
1387 1012 1421 1077 in
1440 1037 1479 1078 eo
1496 1021 1656 1101 tempore

413 1117 554 1183 celebris
569 1120 742 1183 nocturnis
754 1118 933 1184 inlecebris
949 1128 1031 1198 erat,
1047 1121 1303 1208 ventitabatque
1320 1120 1400 1186 illuc
1421 1121 1549 1187 Nero...
1584 1121 1653 1209 lgi-

386 1313 389 1320 .
414 1233 469 1290 tur
483 1225 685 1311 regredienti
700 1250 760 1315 per
774 1227 863 1291 viam
885 1226 1086 1292 Flaminiam
1106 1229 1310 1315 compositas
1339 1227 1478 1293 insidias
1512 1228 1655 1318 fatoque

413 1334 568 1406 evitatas,
584 1335 743 1423 quoniam
755 1334 889 1399 diverso
905 1335 1023 1399 itinere
1045 1336 1270 1401 Sallustianos
1285 1337 1298 1375 '³
1311 1336 1344 1400 in
1370 1335 1485 1399 hortos
1517 1359 1650 1401 remea-

413 1442 539 1506 verit...
559 1479 601 1491 -
618 1439 678 1515 lll,
694 1441 748 1508 82.
766 1441 792 1506 li
809 1444 1133 1508 tantumconlliotati
1153 1451 1232 1508 sunt
1246 1442 1288 1530 (F
1291 1443 1526 1529 lavianorum)‚
1540 1444 1599 1531 qui
1616 1444 1652 1507 in

413 1555 543 1634 partem
554 1547 726 1613 sinistram
741 1547 834 1612 urbis
850 1547 891 1612 ad
906 1548 1132 1615 Sallustianos
1147 1550 1263 1653 lportos
1277 1573 1336 1638 per
1359 1558 1500 1634 angusta
1530 1558 1564 1614 et
1597 1550 1652 1615 lu·

413 1654 505 1719 brica
520 1655 650 1719 viarum
666 1656 842 1724 flexerant.

370 1762 408 1828 C.
424 1761 710 1836 SALLVSTIVS,
726 1763 1000 1829 SALLVSTIVS
1016 1763 1280 1829 CRISPVS-
1308 1764 1407 1843 3,30.
1442 1763 1480 1829 C.
1517 1764 1650 1829 Sallus-

415 1870 493 1942 tius.
508 1892 620 1934 rerum
645 1870 874 1936 llomanarum
893 1871 1152 1935 florentissimus
1180 1880 1308 1949 auctor,
1338 1873 1463 1937 sororis
1489 1880 1649 1959 nepotem

415 1978 448 2041 in
464 2000 586 2041 nomen
610 1976 763 2043 adscivit.
785 1979 831 2026 ¹—
860 1980 898 2043 F.
917 1979 948 2043 li.
972 1978 1167 2065 (Cornelius
1195 1979 1370 2045 Tacitus...
1394 1979 1436 2043 dc
1474 1978 1649 2043 reticendo

414 2083 666 2149 interfectorum
686 2108 826 2149 numero
847 2094 881 2150 et
904 2086 1104 2151 Sallustium
1141 2085 1298 2173 Crispum
1324 2094 1357 2151 et
1381 2085 1465 2151 alios
1493 2093 1650 2151 auctores

413 2215 514 2279 quam
531 2191 694 2280 plurimos
715 2193 866 2258 sanxisse
882 2193 1012 2276 (dixit).

369 2299 642 2364 SALLVS'l'lVS
659 2300 862 2391 CRISPVS,
886 2301 1073 2367 CRISPVS
1083 2301 1107 2365 ³.
1121 2340 1159 2349 —
1176 2325 1204 2366 1.
1221 2301 1254 2382 6,
1268 2302 1453 2388 Postquam
1464 2299 1649 2366 Sallustius

414 2407 554 2493 Crispus
569 2408 736 2494 particeps
756 2416 975 2488 secretorum,
988 2409 1016 2472 is
1032 2408 1074 2472 ad
1089 2408 1263 2473 tribunum
1288 2408 1473 2493 (custodiae
1493 2408 1648 2472 Postumi

413 2514 585 2601 Agrippae
605 2514 998 2602 adpositum)oodicillos
1014 2515 1151 2604 (quibus
1174 2514 1327 2580 Tiberius
1348 2515 1486 2580 caedem
1514 2516 1648 2579 iuvenis

412 2620 561 2708 iubebat)
590 2622 739 2695 miserat.
759 2622 923 2709 comperit
938 2624 1141 2711 (principem
1171 2622 1248 2688 lacti
1280 2624 1444 2688 rationem
1478 2647 1496 2686 a
1528 2630 1647 2688 centu-

414 2729 506 2793 rione
548 2730 638 2793 necis
689 2737 858 2815 patratore
896 2731 985 2818 apud
1018 2739 1178 2796 ¹senatum
1215 2730 1537 2818 expostulaturum),
1577 2753 1646 2794 me-

412 2843 511 2900 tuens
526 2859 567 2900 nc
583 2860 659 2900 reus
673 2835 911 2902 subderetur...
931 2838 1062 2903 monuit
1077 2838 1205 2901 liiviam
1227 2861 1268 2901 ne
1287 2860 1409 2902 arcana
1438 2837 1571 2913 domna,
1604 2860 1648 2902 ne

413 2943 552 3007 consilia
570 2943 767 3025 amicorum,
782 2946 968 3010 ministeria
982 2944 1128 3010 militum
1144 2943 1375 3031 vulgarentur.
1397 2968 1482 3008 neve
1494 2944 1650 3009 Tiberius

412 3050 482 3113 vim
502 3052 709 3139 principatus
728 3052 1044 3118 resolveretcuncta
1065 3052 1106 3116 ad
1124 3060 1278 3117 senatum
1294 3052 1457 3117 vocando.
1476 3091 1518 3100 -
1540 3076 1571 3125 2,
1591 3054 1645 3128 40.

414 3158 480 3222 Dat
499 3159 672 3245 negotium
688 3159 849 3224 Sallustio
865 3162 985 3248 Crispo
1001 3160 1169 3247 (Tiberius
1180 3159 1302 3223 falsum
1319 3160 1507 3247 Agrippam
1527 3160 1650 3224 Postu·

414 3286 507 3328 mum
521 3266 853 3353 comprehendendi).
873 3305 908 3314 -
930 3268 961 3347 3,
981 3268 1033 3331 30.
1058 3266 1140 3331 Fine
1156 3267 1234 3331 anni
1252 3289 1448 3336 concessere
1472 3267 1540 3331 vita
1569 3267 1651 3330 insi·

413 3395 497 3456 grtes
511 3374 573 3437 viri
590 3374 800 3438 l..l⁷olusius
817 3384 850 3439 et
877 3374 1060 3438 Sallustius
1096 3374 1276 3460 Crispus...
1310 3374 1468 3460 Crispum
1498 3376 1650 3461 equestri

414 3489 523 3545 ortum
538 3481 611 3544 loeo
627 3482 665 3545 C.
684 3482 878 3558 Sallustius,
897 3506 1007 3546 rerum
1025 3482 1250 3545 llomanarum
1263 3483 1520 3546 florentissimus
1532 3491 1651 3546 auctor

415 3590 539 3652 sororis
555 3597 711 3675 nepotem
728 3591 761 3653 in
787 3611 910 3654 nornen
927 3589 1080 3653 adscivit.
1113 3590 1227 3675 Atque
1261 3589 1373 3658 ille...
1417 3589 1650 3654 Maecenatem

414 3696 614 3775 aemulatus.
632 3698 703 3760 sinc
719 3697 882 3781 dignitate
901 3697 1067 3760 senatoria
1084 3696 1209 3759 multos
1223 3695 1476 3783 triumphalium
1492 3697 1653 3761 consula-

414 3806 567 3892 riumque
583 3805 731 3890 potentia
751 3805 879 3882 anteiit.
899 3804 1053 3866 diversus
1071 3827 1088 3866 a
1106 3811 1256 3867 veterum
1280 3804 1476 3868 instituto...
1496 3812 1528 3868 ct
1551 3805 1652 3870 alllu-

415 3913 502 3976 entia
519 3911 601 3975 luxu
618 3912 765 3998 propior.
780 3910 922 3974 Suberat
938 3918 1051 3975 tamen
1077 3912 1172 3995 vigor
1197 3911 1341 3974 animi...
1365 3911 1511 3995 Igitur...
1537 3921 1652 3977 aetate

415 4028 571 4107 proveeta
596 4020 741 4105 speeiem
760 4019 867 4101 magis
883 4020 915 4081 in
936 4019 1083 4081 amicitia
1116 4019 1278 4105 principis
1304 4041 1404 4105 quam
1428 4019 1497 4080 vim
1523 4022 1648 4086 tenuit.

371 4126 693 4193 S.·ll.thlN.l'·.—
726 4126 766 4202 ll,
790 4151 841 4190 20.
871 4126 1058 4190 l'xorem...
1085 4124 1211 4208 (Alieni
1246 4123 1422 4212 Calaminae)
1453 4124 1653 4194 Saloninam

416 4234 577 4322 (quod)...
603 4234 726 4318 insigni
745 4257 831 4319 equo
854 4241 1013 4319 ostroque
1028 4233 1247 4297 veheretur...
1262 4231 1392 4316 (ltalica
1413 4233 1596 4319 municipia
1617 4247 1652 4302 et

416 4342 579 4407 coloniae}
592 4338 832 4424 gravabantur.

371 4449 534 4517 SALVll'
539 4450 561 4512 S
578 4447 864 4513 CO(23(']ttl.tNt'S
873 4447 897 4512 ⁵.
917 4488 959 4495 —
983 4447 1023 4515 ll.
1043 4449 1097 4523 48.
1117 4447 1234 4531 (Ollio)
1251 4446 1400 4510 Salvium
1423 4448 1653 4515 Cocceianum

403 4688 409 4719 ¹
431 4686 631 4744 lntelleuendns
646 4689 683 4732 ost
702 4686 729 4732 (1.
745 4686 888 4732 Sallustius
904 4687 1015 4746 Crispus
1033 4700 1120 4732 rernm
1135 4687 1259 4745 scriptor.

401 4768 412 4802 ²
431 4766 457 4818 Μ
471 4783 476 4815 :
492 4766 667 4816 salustianos.

401 4847 453 4896 ³C.
473 4847 616 4894 Sallustius
632 4848 750 4907 Crispus.
770 4848 890 4895 l'nosor..
907 4848 946 4894 tir.

402 4929 413 4963 ⁴
430 4929 551 4976 l'nosov..
566 4945 604 4989 77.

402 5009 413 5042 ⁵
430 5009 456 5056 l».
474 5009 579 5055 Salvius
595 5009 666 5057 tltlio
679 5010 855 5057 Cocceianus.
876 5010 996 5058 l’noson.
1017 5025 1068 5057 iio.
1089 5009 1169 5055 Filius
1185 5008 1265 5055 Salvii
1282 5007 1392 5054 Titiani.
