3709 6234
774 886 945 940 AVGVSTVS
1453 881 1503 940 115

268 1031 342 1098 urbi
364 1032 491 1097 Romae
520 1029 686 1119 templum
715 1030 805 1119 apud
838 1030 1042 1116 Pergamum
1070 1027 1147 1093 sisti
1172 1051 1240 1093 non
1260 1026 1501 1117 prohibuisset,

272 1140 482 1205 ...Vanescet
494 1139 642 1227 Augusti
654 1139 773 1221 honor,
787 1138 816 1203 si
828 1136 1031 1226 promiscuis
1041 1135 1291 1202 adulationibus
1300 1137 1471 1225 vulgatur.
1488 1167 1503 1199 v

270 1282 311 1296 -
330 1248 364 1324 Δ,
378 1245 431 1312 38.
467 1245 686 1334 Perstititque
714 1243 940 1332 (Tiberius)...
971 1245 1145 1331 aspernari
1170 1244 1275 1310 talem
1292 1244 1344 1309 sui
1360 1246 1502 1312 cultum.

270 1352 410 1433 Quod...
432 1354 569 1443 quidam
599 1360 637 1418 ut
656 1352 834 1439 degeneris
864 1351 968 1416 animi
992 1351 1314 1439 interpretabantur,
1342 1353 1506 1419 ...melius

271 1462 478 1548 Augustum,
500 1461 558 1549 qui
592 1462 790 1549 speraverit.
819 1498 862 1508 -
890 1461 922 1538 4,
951 1457 1005 1548 39.
1042 1458 1227 1525 Seianus...
1259 1461 1432 1549 componit
1466 1462 1507 1526 ad

272 1567 451 1634 Caesarem
477 1567 719 1637 codicillos...:
746 1591 762 1631 «
781 1565 1026 1631 Benevolentia
1064 1567 1171 1653 patris
1195 1568 1343 1653 Augusti
1366 1577 1399 1634 et
1429 1593 1508 1634 mox

270 1675 425 1764 plurimis
452 1675 577 1741 Tiberii
606 1675 741 1740 iudiciis
778 1675 824 1740 ita
874 1674 1104 1741 insuevisse...
1141 1672 1308 1752 Quoniam
1341 1675 1509 1742 audiverit

271 1785 467 1871 Augustum
501 1784 536 1848 in
559 1782 766 1848 conlocanda
801 1781 870 1846 lilia
909 1803 977 1845 nou
1011 1779 1095 1846 nihil
1131 1781 1233 1846 etiam
1262 1780 1303 1845 de
1339 1781 1511 1870 equitibus

273 1890 434 1956 llomauis
467 1889 757 1956 consultavisse...
791 1916 807 1948 a
832 1926 875 1938 -
900 1890 932 1966 2),
958 1891 1012 1964 40.
1050 1887 1106 1951 Ad
1130 1910 1169 1952 ea
1193 1887 1347 1953 Tiberius
1374 1888 1511 1956 laudata

274 1997 398 2086 pietate
414 1997 568 2064 Seiani...
588 1996 743 2061 adiunxit
762 2016 769 2062 :
793 2025 808 2055 a
838 1996 930 2062 ...At
941 1995 1032 2059 enim
1051 1996 1228 2081 Augustus
1243 1993 1347 2060 filiam
1361 2019 1457 2062 suam
1478 2021 1512 2063 e-

274 2105 359 2193 quiti
379 2104 532 2169 llomano
549 2103 680 2169 tradere
695 2102 878 2168 meditatus
893 2109 987 2168 est...
1010 2101 1076 2166 Sed
1092 2102 1119 2166 si
1131 2101 1342 2169 dubitatione
1363 2105 1513 2192 Augusti

276 2234 462 2292 movemur,
480 2219 607 2300 quanto
622 2210 770 2275 validius
789 2217 853 2290 est,
871 2208 963 2298 quod
990 2208 1105 2274 Marco
1128 2209 1313 2298 Agrippae,
1331 2234 1409 2275 mox
1431 2213 1513 2277 mihi

276 2318 527 2385 conlocavitl...
544 2346 559 2378 »
572 2320 659 2399 -4,
675 2320 728 2395 42.
749 2316 930 2404 (Tiberius)
948 2315 1152 2403 Apidium...
1171 2316 1350 2396 Merulam,
1369 2320 1458 2407 quod
1479 2321 1513 2385 in

277 2435 349 2495 acta
379 2426 458 2492 Divi
480 2426 630 2513 Augusti
654 2449 721 2490 non
737 2426 919 2503 iuraverat,
937 2423 1015 2488 albo
1031 2425 1200 2490 senatorio
1216 2426 1329 2492 erasit.
1344 2465 1388 2475 —
1403 2429 1436 2507 d,
1454 2430 1511 2505 tl.

281 2535 317 2601 L.
337 2534 524 2599 Domitium
555 2533 728 2599 decoravit
755 2540 851 2620 pater
885 2531 979 2597 civili
1001 2531 1090 2597 bello
1113 2533 1216 2597 maris
1245 2541 1376 2620 potens,
1408 2534 1515 2601 donec

280 2641 420 2708 Antonii
429 2641 594 2730 partibus,
605 2662 684 2705 mox
699 2640 853 2705 Caesaris
867 2638 1167 2727 misceretur...(L.
1186 2641 1390 2726 Antonium)
1399 2642 1515 2708 admo-

279 2749 360 2814 dum
394 2745 701 2828 adulescentulum,
738 2746 863 2811 sororis
891 2753 1062 2833 nepotem,
1092 2747 1243 2836 seposuit
1274 2748 1453 2835 Augustus
1481 2751 1515 2814 in

280 2856 452 2921 civitatem
488 2854 778 2920 Massiliensem...
814 2892 858 2902 -
886 2856 917 2932 ά,
942 2852 996 2918 52.
1029 2853 1259 2942 Agrippina...
1299 2854 1514 2923 Tiberium...

282 2963 365 3028 iorte
384 2962 629 3028 sacrificantem
645 2961 731 3050 patri
745 2962 903 3050 repperit.
921 2960 996 3038 Quo
1012 2960 1108 3025 initio
1123 2962 1268 3027 invidiae
1283 2987 1350 3028 non
1364 2964 1515 3030 eiusdem

282 3071 329 3137 ait
352 3079 500 3135 mactare
526 3068 614 3134 Divo
636 3070 793 3156 Augusto
811 3069 968 3133 victimas
984 3074 1017 3132 et
1030 3076 1183 3155 posteros
1199 3070 1271 3133 eius
1286 3070 1455 3139 insectari.
1473 3112 1517 3121 -

285 3179 316 3255 Δ,
334 3179 389 3242 55.
419 3177 703 3263 Pergamenos...,
735 3174 817 3240 aede
846 3175 1004 3262 Augusto
1024 3174 1071 3239 ibi
1102 3176 1208 3242 sita...
1238 3180 1325 3256 -4,
1349 3177 1403 3267 57.
1428 3178 1518 3245 luter

283 3307 376 3374 quae.
387 3335 409 3350 ..
429 3282 565 3349 taudem
583 3282 764 3370 (Tiberius)
778 3281 903 3346 Caesar
918 3282 952 3346 in
970 3281 1190 3370 Campaniam
1211 3284 1323 3371 specie
1339 3285 1516 3351 dedicandi

284 3390 409 3480 templa
429 3389 518 3479 apud
536 3390 688 3478 Capuam
710 3388 794 3461 lovi,
816 3388 906 3477 apud
935 3387 1056 3452 Nolam
1078 3388 1277 3477 Augusto...
1297 3392 1519 3459 Dubitaverat

285 3500 464 3587 Augustus
481 3498 764 3563 Germanicum...
793 3496 839 3560 rei
866 3496 1038 3560 Romanae
1068 3497 1250 3584 imponere,
1286 3498 1344 3563 sed
1363 3500 1519 3589 precibus

284 3606 400 3671 uxoris
419 3605 549 3671 evictus
581 3602 715 3668 'liberio
744 3603 997 3681 Germanicum,
1033 3602 1097 3667 sibi
1118 3603 1288 3669 Tiberium
1302 3606 1458 3673 adscivit.
1475 3648 1520 3660 -

285 3716 316 3792 t,
331 3712 386 3801 67.
406 3712 569 3800 Vltroque
598 3709 815 3777 struebantur
845 3712 878 3797 (a
899 3709 1048 3795 Seiano).
1067 3710 1125 3797 qui
1150 3718 1325 3777 monerent
1340 3713 1520 3802 (Agrippi-

285 3843 363 3885 nam
376 3828 410 3885 et
429 3818 654 3907 Neronem)...
684 3815 902 3882 celeberrimo
930 3816 993 3880 lori
1013 3815 1159 3904 effigiem
1192 3818 1268 3883 Divi
1286 3821 1434 3906 Augusti
1448 3845 1520 3886 am-

287 3925 387 4015 plecti
403 3924 633 4015 populumque
647 3947 686 3988 ac
701 3931 856 3989 senatum
886 3923 1012 3988 auxilio
1034 3948 1166 3992 vocare.
1185 3963 1228 3974 —
1243 3928 1275 4004 l,
1298 3951 1352 4016 7¹·
1377 3927 1518 4013 lulia...,

287 4056 388 4123 quam
404 4040 539 4121 neptem
554 4033 733 4119 Augustus
743 4031 933 4096 convictam
945 4030 1102 4096 adulterii
1115 4032 1347 4101 damnaverat.
1364 4075 1406 4084 —
1423 4037 1520 4126 l,75.

289 4142 367 4227 (Cn.
386 4139 569 4226 Domitius)
586 4139 697 4204 aviam
713 4137 891 4204 Octaviam
905 4146 940 4204 et
954 4162 1097 4227 peream
1108 4141 1303 4226 Augustum
1317 4143 1522 4209 avunculum

288 4245 508 4336 praelerebat.
530 4283 573 4295 -
593 4244 626 4322 5,
658 4270 685 4311 ι.
708 4245 833 4311 Caesar
869 4245 1027 4333 cupidine
1058 4245 1185 4312 formae
1217 4248 1376 4338 (Liviam)
1415 4250 1524 4318 aufert

289 4354 410 4419 marito
429 4353 577 4440 (Tiberio
592 4352 742 4439 Neroni),
759 4352 925 4418 incertum
950 4375 992 4416 an
1013 4352 1166 4431 invitam,
1185 4353 1268 4419 adeo
1286 4379 1459 4444 properus,
1486 4369 1525 4426 ut

290 4485 331 4527 ne
364 4461 473 4549 spatio
497 4459 635 4549 quidem
664 4460 706 4524 ad
733 4459 931 4524 enitendum
961 4458 1040 4524 dato
1055 4460 1234 4547 penatibus
1263 4463 1333 4527 suis
1347 4466 1523 4551 gravidam

290 4568 472 4633 induxerit.
491 4565 627 4632 Nullam
641 4565 781 4654 posthac
802 4565 956 4631 subolem
985 4566 1103 4645 edidit,
1130 4567 1190 4633 sed
1205 4570 1361 4656 sanguini
1377 4571 1526 4661 Augusti

291 4699 351 4764 per
374 4674 648 4741 coniunctionem
677 4674 887 4763 Agrippinae
915 4682 948 4740 et
976 4674 1167 4740 Germanici
1183 4676 1313 4743 adnexa
1328 4702 1525 4749 communes

292 4789 496 4873 pronepotes
526 4781 655 4847 habuit.
686 4819 724 4832 -
756 4781 788 4859 6,
808 4782 839 4847 3.
868 4784 916 4847 At
950 4781 1083 4847 lunium
1099 4783 1334 4852 Gallionem...
1361 4787 1528 4856 violenter

293 4889 459 4978 increpuit
482 4887 617 4975 (litteris
648 4887 684 4954 in
713 4897 832 4955 senatu
866 4890 1014 4955 recitatis
1032 4889 1224 4981 Tiberius):
1248 4916 1265 4957 a
1285 4893 1528 4984 ...ltepperisse

293 5019 431 5085 prorsus
444 4995 538 5084 quod
552 4995 661 5062 Divus
674 4997 852 5082 Augustus
863 5019 930 5062 non
948 4997 1173 5085 providerit...
1194 5026 1211 5061 s
1223 5037 1267 5051 -
1279 5000 1312 5080 6,
1330 5025 1379 5067 rr.
1393 5005 1529 5091 Augus-
