3709 6234
752 829 932 885 vtrsttxt's
954 832 1121 887 missalia
1516 829 1570 886 733

334 970 591 1040 consulibus.—
605 998 616 1038 ι
628 998 656 1055 1,
671 975 724 1040 25.
734 972 786 1040 Ob
797 974 1043 1062 eaVipstanus¹
1054 973 1174 1039 consul
1184 974 1315 1041 rettulit
1326 982 1456 1063 patrem
1473 999 1568 1041 sena·

332 1087 388 1145 tus
402 1080 642 1169 appellandum
657 1105 731 1147 esse
751 1081 989 1164 Claudium...;
1008 1081 1068 1148 sed
1082 1081 1153 1171 ipse
1173 1081 1326 1148 cohibuit
1346 1082 1565 1151 consulem...

290 1187 329 1253 C.
343 1187 605 1269 VIPSTANVS,
618 1189 870 1256 VIPSTans
883 1187 1264 1256 APRONIANVS·².-
1278 1193 1328 1270 nl,
1347 1215 1373 1256 ι.
1393 1190 1477 1255 (laio
1490 1191 1569 1278 Vip-

332 1297 453 1362 stano³
472 1296 510 1364 C.
531 1298 670 1364 Fonteio
686 1297 896 1364 consulibus.
921 1331 962 1346 -
984 1297 1009 1377 l,
1035 1295 1090 1386 76.
1109 1296 1201 1362 Idem
1228 1297 1365 1362 Africae
1388 1298 1438 1385 (in
1463 1298 1568 1363 tltho-

334 1403 424 1490 nem)
441 1403 682 1493 obsequium...
706 1404 823 1495 Neque
851 1412 1047 1493 exspectata
1071 1403 1249 1493 Vipstani⁴
1278 1405 1467 1493 Aproniani
1490 1428 1567 1493 pro-

334 1511 483 1576 consulis
496 1514 695 1579 auctoritate
716 1514 880 1579 Crescens
896 1512 1040 1578 Neronis
1055 1510 1239 1578 libertus...
1257 1511 1395 1600 epulum
1412 1511 1502 1601 plebi
1521 1511 1564 1576 ob

333 1616 497 1683 laetitiam
513 1620 655 1687 recentis
681 1621 813 1709 imperii
829 1620 1011 1686 obtulerat.

290 1724 541 1792 VlPSTANVS
560 1727 750 1794 GALLVS.
770 1766 815 1778 -
835 1752 866 1808 2,
888 1727 944 1794 51.
967 1729 1016 1792 De
1036 1734 1189 1817 praetore
1211 1726 1372 1792 inlocum
1389 1725 1569 1816 Vipstani⁵

334 1831 436 1912 Galli,
453 1856 553 1923 quem
573 1858 664 1900 mors
678 1835 876 1911 abstulerat,
896 1834 1112 1920 subrogando
1125 1840 1295 1900 certamen
1311 1834 1463 1900 incessit.

290 1938 541 2008 VlPSTANVS
558 1942 812 2027 MESSALLA,
830 1942 1071 2009 MESSALLA
1082 1943 1102 2008 ⁶.
1119 1982 1161 1992 -
1178 1942 1252 2022 ΙΙΙ,
1269 1968 1301 2032 9.
1318 1942 1458 2030 Legioni
1479 1944 1569 2030 (sep·
1619 2007 1622 2014 .

334 2047 435 2114 timae
451 2049 672 2138 Claudianae)
695 2050 852 2116 tribunus
867 2048 1076 2138 Vipstanus⁷
1097 2049 1258 2115 Messalla
1279 2056 1443 2137 praeerat,
1465 2049 1566 2114 claris

336 2156 534 2231 maioribus,
574 2158 730 2246 egregius
756 2159 827 2246 ipse
854 2165 887 2222 et
911 2157 969 2246 qui
986 2156 1079 2222 solus
1100 2157 1141 2222 ad
1156 2157 1190 2222 id
1205 2155 1332 2222 bellum
1348 2163 1438 2222 artes
1459 2156 1566 2222 bonas

334 2262 515 2330 attulisset.
544 2305 587 2315 —
617 2264 677 2345 ΙΙΙ,
709 2289 758 2332 rr.
786 2264 855 2331 Nec
874 2272 945 2330 tam
972 2264 1174 2352 (Antonius)
1199 2265 1334 2330 Primus
1353 2273 1386 2330 et
1412 2264 1567 2352 (Dillius)

334 2370 533 2458 Aponianus
545 2380 580 2439 et
593 2372 810 2462 (Vipstanus)
835 2370 1007 2451 Messalla,
1034 2395 1240 2460 quamquam
1256 2371 1463 2436 omnimodo
1483 2372 1561 2452 nisi,

333 2477 483 2567 eripuere
500 2480 581 2569 (irae
601 2479 747 2546 militum
772 2481 961 2567 Aponium)
980 2479 1212 2560 Saturninum,
1240 2502 1342 2567 quam
1376 2477 1565 2544 obscuritas

335 2583 584 2654 latebrarum...
629 2624 669 2637 -
704 2585 766 2667 ΙΙΙ,
800 2588 850 2651 18.
881 2585 1087 2674 Vipstanus⁸
1115 2584 1275 2651 Messalla
1304 2583 1461 2650 tribunus
1492 2609 1569 2651 eum

338 2690 493 2758 Moesicis
518 2694 740 2760 auxiliaribus
769 2693 966 2782 adsequitur
994 2692 1235 2780 (Vitellianos).
1268 2731 1310 2743 -
1345 2693 1407 2771 lll,
1432 2696 1485 2758 25.
1515 2692 1563 2756 llo

334 2799 515 2866 notabilior
535 2800 655 2868 caedes
674 2802 749 2882 luit,
772 2801 850 2890 quia
872 2799 962 2865 lilius
982 2808 1112 2889 patrem
1145 2800 1324 2867 interiecit.
1355 2801 1439 2865 Rem
1463 2799 1569 2864 nomi-

335 2930 445 2996 naque
461 2918 597 2976 auctore
622 2906 983 2999 vipstano⁰Messalla
998 2907 1169 2975 tradam...
1187 2948 1230 2960 -
1250 2908 1310 2992 ΙΙΙ,
1331 2913 1383 2975 28.
1404 2907 1568 2974 llormine

334 3013 369 3078 id
395 3016 567 3102 ingenium
600 3016 778 3105 (militibus
807 3016 1061 3082 exhortationes
1099 3015 1326 3081 abnuentibus
1365 3015 1568 3080 Cremonam

334 3124 604 3211 monstravisse),
627 3131 664 3188 ut
685 3123 845 3189 Messalla
874 3123 990 3199 tradit,
1013 3146 1055 3187 an
1083 3124 1193 3211 potior
1218 3131 1336 3189 auctor
1357 3123 1403 3187 sit
1432 3122 1471 3187 C.
1502 3121 1568 3184 Pli-

336 3229 424 3304 nius,
442 3230 500 3319 qui
516 3232 704 3297 Antonium
718 3232 862 3309 incusat,
880 3229 969 3296 haud
990 3229 1088 3294 lacile
1103 3229 1335 3295 discreverim.
1360 3268 1401 3278 -
1432 3228 1488 3306 lV,
1507 3231 1562 3304 (a.

336 3336 493 3421 Magnam
513 3362 552 3403 eo
567 3338 621 3403 die
636 3339 772 3426 pietatis
791 3337 1071 3425 eloquentiaeque
1088 3337 1212 3402 lamam
1236 3337 1421 3425 Vipstanus
1434 3335 1458 3374 '¹'
1477 3334 1568 3399 Mes-

285 3494 287 3497 -
335 3443 420 3510 salla
449 3437 594 3533 ¹adeptus
621 3454 684 3522 est,
706 3445 858 3510 nondum
890 3444 1058 3508 senatoria
1090 3452 1212 3524 aetate,
1248 3468 1350 3509 ausus
1375 3467 1435 3532 pro
1468 3440 1569 3506 fratre

335 3552 473 3640 Aquilio
490 3553 621 3641 llcgulo
634 3553 847 3642 deprecari...
880 3551 990 3638 lgitur
1010 3547 1169 3616 Messalla
1200 3575 1268 3615 non
1292 3573 1427 3615 causam
1462 3572 1568 3637 neque

335 3682 429 3725 reum
443 3660 540 3740 tueri,
558 3661 618 3726 sed
633 3661 790 3750 periculis
801 3661 914 3726 lratris
925 3667 1228 3747 semetopponens,
1238 3659 1378 3723 llexerat
1388 3656 1566 3746 quosdam.

336 3805 378 3815 -
397 3768 436 3846 (Ι,
457 3770 506 3844 1).
525 3768 674 3834 Vixdum
700 3770 832 3835 linierat
857 3767 1091 3846 Maternus...,
1114 3789 1190 3831 cum
1219 3766 1406 3854 Vipstanus
1423 3764 1443 3804 ¹¹
1481 3763 1568 3828 Mes-

337 3873 421 3940 salla
439 3875 632 3941 cubiculum
649 3876 743 3966 [eius)
759 3878 934 3964 ingressus
958 3882 1049 3941 est...
1068 3914 1111 3924 —
1136 3876 1185 3939 15.
1208 3874 1293 3938 'lum
1317 3874 1432 3960 Aper:
1460 3899 1475 3930 «
1493 3870 1568 3935 Non

324 4069 331 4104 ¹
349 4069 394 4121 M:
410 4070 562 4135 uipaaniue.
576 4072 653 4122 Corr.
669 4072 755 4135 llyek.

322 4150 334 4185 θ
351 4150 475 4211 Pirosou„
491 4153 546 4209 465.
561 4179 590 4188 -
610 4153 723 4202 Veteres
735 4154 822 4203 Taciti
837 4154 957 4202 editores
977 4174 981 4201 :
1001 4155 1029 4202 C.
1052 4151 1190 4215 l'ipeanus
1207 4150 1249 4199 vel
1265 4151 1295 4198 C.
1315 4146 1467 4212 Vipsanius.

322 4230 334 4266 ³
347 4231 371 4283 Ι
384 4248 390 4280 :
410 4232 534 4296 rripsano.
545 4233 621 4284 Corr.
634 4234 748 4283 Vrsinus
761 4250 792 4283 cx
809 4234 1043 4297 inscriptionibus.

322 4312 334 4347 ⁴
348 4313 374 4365 Μ
390 4329 396 4362 z
413 4313 530 4377 aripenni.
547 4314 622 4365 Corr.
641 4315 728 4378 llyck.

323 4392 449 4457 ⁵Vulg.:
471 4394 603 4458 Vipsanii.
622 4395 663 4444 (li.
679 4395 778 4444 ltrrren
796 4396 831 4443 ad
849 4396 875 4446 Ιι.
889 4397 907 4445 Ι.

320 4472 472 4534 ⁶Puoser„
486 4477 540 4533 468.
556 4476 642 4525 Taciti
657 4478 776 4526 editores
794 4480 856 4525 ante
874 4477 1008 4539 llyclrium
1026 4492 1031 4525 :
1057 4475 1205 4539 l'ipsanus,
1230 4471 1386 4537 Vipsanius.
1402 4499 1431 4509 -
1449 4469 1570 4519 ltrotier:

297 4554 464 4619 l't'pstnnius.

321 4636 332 4670 ⁷
349 4637 372 4687 M
389 4653 394 4685 :
415 4638 569 4701 uipsanius.
581 4639 656 4687 Corr.
673 4639 810 4701 liupertus
827 4655 840 4687 c
859 4639 1008 4701 lapidibus.

322 4718 333 4752 ⁸
351 4718 376 4770 Μ
391 4734 396 4768 :
412 4719 533 4782 uipsans.
552 4719 627 4768 Corr.
647 4720 794 4783 ltupertus.

323 4798 334 4832 ⁰
352 4799 396 4851 M:
417 4799 540 4864 uipsano.
556 4802 630 4850 Corr.
650 4802 797 4863 Repertus.

324 4880 346 4914 ¹⁰
366 4880 410 4932 M:
431 4880 569 4944 ulpianus.
587 4884 661 4930 Corr.
681 4882 828 4944 liupertus.

322 4961 343 4995 ¹¹
362 4961 434 5013 Αῦε
457 4960 602 5017 Veianius
619 4963 659 5013 B:
678 4954 829 5019 Libanius',·
846 4962 881 5011 b:
908 4961 1042 5010 t'rbanus.
1060 4960 1135 5008 Corr.
1157 4960 1306 5022 liupertus.
