3709 6234
358 871 412 928 454
923 876 1048 928 noscat

405 1016 611 1082 Monobazus
632 1015 829 1080 Adiabenus
858 1017 890 1079 in
907 1015 997 1080 diem
1012 1023 1187 1104 posterum
1203 1016 1301 1082 testis
1320 1016 1373 1096 iis,
1391 1039 1478 1104 quae
1492 1016 1644 1104 pepigis-

402 1131 476 1188 sent
505 1123 727 1210 (Caesennius
754 1125 877 1187 l'aetus
905 1132 939 1187 et
961 1123 1105 1187 Vasaces
1126 1123 1325 1209 Vologaesis
1349 1122 1508 1210 legatus),
1537 1123 1640 1188 adhi-

404 1231 459 1295 bet
486 1231 533 1297 r¹.

359 1255 752 1404 noxialem-111.
772 1340 825 1413 da.
847 1338 985 1401 Portum
1007 1336 1163 1401 Herculis
1180 1338 1346 1402 Monoeci.

361 1444 659 1513 MON'l'ANl'S.v.
672 1442 885 1507 ALPlNlVS
896 1443 1159 1522 MONTANVS,
1171 1443 1363 1511 CVR'l'IVS
1376 1443 1643 1510 MONTANVS.

359 1552 536 1618 MotuNl.
551 1589 595 1599 -
617 1551 673 1628 lV,
698 1553 749 1614 28.
769 1550 890 1635 (lulius
901 1550 1077 1637 Civilis)...
1096 1551 1197 1616 aliam
1208 1574 1346 1615 manum
1358 1552 1491 1616 Mosam
1506 1575 1643 1616 amnem

403 1660 546 1724 transire
575 1657 678 1730 iubet.
712 1665 749 1722 ut
782 1657 957 1745 Menapios
985 1668 1018 1722 et
1038 1659 1189 1723 Morinos
1220 1667 1253 1723 et
1281 1666 1432 1723 extrema
1452 1657 1644 1724 Galliarum

403 1773 568 1853 quateret.

359 1872 498 1937 MOSA.
519 1912 550 1919 --
572 1895 602 1943 2,
621 1870 651 1934 6.
672 1872 752 1936 Mox
765 1871 800 1935 id
815 1895 949 1959 quoque
963 1871 1167 1936 vocabulum
1198 1871 1390 1961 (Vahalem)
1416 1880 1525 1938 mutat
1545 1873 1645 1937 Mosa

403 1980 540 2044 llumine
570 1978 732 2064 (Rhenus)
773 1980 911 2066 eiusque
943 1980 1096 2043 inmense
1139 2003 1196 2044 ore
1226 1979 1382 2043 eumdem
1413 1979 1446 2043 in
1468 1977 1644 2044 Oceanum

403 2086 597 2151 ellunditur.
624 2125 666 2133 --
697 2110 746 2165 rr,
775 2109 826 2148 20.
851 2085 1027 2173 (Corbulo)
1045 2087 1131 2150 inter
1144 2085 1276 2152 Mosam
1295 2086 1519 2174 Rhenumque
1540 2087 1645 2152 trium

404 2202 434 2258 et
462 2194 584 2278 viginti
623 2193 755 2257 milium
785 2193 894 2280 spatio
925 2192 1050 2257 lessam
1079 2193 1251 2280 perduxit,
1289 2217 1354 2281 qua
1371 2195 1500 2259 incerta
1516 2191 1648 2260 Oceani

401 2301 600 2365 vitarentur.
618 2341 641 2349 -
670 2299 786 2369 IV,28.
803 2300 951 2387 (Civilis)
968 2299 1067 2363 aliam
1081 2323 1219 2364 manum
1235 2299 1367 2364 Mosam
1383 2323 1518 2365 amnem
1532 2309 1646 2366 trans·

404 2410 449 2472 irc
483 2406 587 2487 iubet,
610 2417 647 2471 ut
664 2407 840 2494 Menapios
865 2416 898 2472 et
919 2408 1070 2471 Morinos
1096 2415 1129 2472 et
1150 2416 1301 2472 extrema
1318 2407 1506 2472 Galliarum
1523 2418 1646 2496 quate-

404 2523 465 2580 rct.
498 2554 539 2563 —
569 2514 626 2584 lV,
655 2513 711 2579 66.
746 2513 820 2592 Quo
842 2514 954 2578 minus
984 2513 1132 2602 (Civilis)
1160 2515 1248 2579 ultra
1282 2523 1448 2603 pergeret,
1479 2513 1647 2581 Claudius

407 2621 558 2689 labec...
601 2622 738 2697 restitit,
770 2621 875 2685 fretus
915 2620 1001 2699 loeo,
1030 2622 1108 2708 quia
1150 2630 1287 2710 pentem
1333 2622 1447 2686 Mosae
1492 2623 1648 2688 lluminis

405 2735 629 2816 anteceperat.
648 2767 691 2776 -
706 2727 747 2796 Υ.
767 2728 819 2793 23.
839 2728 991 2815 Spatium
1014 2728 1107 2792 velut
1122 2728 1333 2816 aequoris...,
1355 2751 1422 2815 quo
1445 2729 1562 2794 blasae
1575 2733 1646 2795 llu-

405 2836 505 2898 minis
520 2859 558 2899 os
581 2858 714 2898 amnem
735 2835 890 2899 lthenurn
908 2836 1042 2899 Oceano
1058 2835 1226 2900 adfundit.

361 2941 547 3007 Mt'lSClll.
575 2980 619 2991 -
655 2941 703 3016 13,
737 2940 789 3029 37.
821 2942 955 3007 Tunc...
984 2943 1129 3029 primum
1145 2942 1259 3008 inlecti
1280 2943 1412 3006 Moschi
1424 2942 1448 3020 ¹²,
1469 2952 1648 3030 gensante

408 3049 491 3113 alias
506 3050 595 3112 socia
613 3048 786 3124 llomaniS,
809 3049 882 3112 avia
903 3050 1085 3113 Armeniae
1099 3049 1296 3113 incursavit.

361 3154 586 3221 MoSCHt'S.
614 3195 639 3202 ·-
670 3155 695 3232 l,
719 3159 772 3242 87.
789 3154 913 3218 Curam
942 3156 1079 3219 navium
1102 3156 1201 3242 (quas
1221 3156 1255 3219 in
1271 3155 1416 3220 Galliam
1437 3154 1645 3220 Narbonen-

405 3288 475 3328 sem
505 3286 579 3327 eum
609 3262 823 3347 expeditione
851 3262 986 3326 militari
1015 3261 1647 3346 Othomittebat)Moschus³libertus

407 3370 573 3435 retinebat
593 3370 633 3432 ad
659 3368 907 3432 observandam
928 3370 1157 3432 honestiorum
1176 3370 1287 3435 iidem.

362 3478 586 3544 MOSELLA.
608 3516 643 3526 -
670 3477 718 3553 13,
736 3475 787 3539 53.
807 3477 858 3558 (L.
876 3478 1061 3560 Antistius)
1074 3478 1178 3541 Vetus
1189 3477 1367 3540 Mosellam
1385 3485 1484 3565 atque
1500 3479 1644 3541 Ararim

407 3587 492 3650 lacta
513 3586 599 3648 inter
613 3594 794 3669 utrumque
817 3584 903 3647 lassa
920 3592 1094 3647 conectere
1110 3584 1260 3670 paralurt,
1280 3594 1315 3648 ut
1331 3584 1445 3671 copiae
1465 3607 1524 3669 per
1538 3608 1644 3654 mare.

407 3694 482 3756 dein
520 3693 683 3755 llhodauo
708 3700 740 3754 ct
769 3693 875 3754 Arare
905 3691 1172 3777 subrectaeper
1191 3716 1264 3754 cam
1291 3692 1428 3760 lessam.
1447 3713 1526 3755 mox
1541 3692 1646 3755 llario

408 3799 547 3864 Mosella
571 3800 603 3862 in
625 3799 793 3872 lllrcnum,
827 3799 913 3861 exim
943 3807 1113 3862 Oceanum
1148 3798 1405 3861 decurrerent...
1441 3836 1479 3848 —
1510 3798 1568 3874 lt',
1588 3823 1643 3885 71.

408 3906 577 3984 (Petilius)
600 3905 782 3969 Cerialis...
814 3904 1017 3991 Rigodulum
1040 3907 1143 3980 venit,
1167 3930 1265 3992 quem
1288 3906 1397 3968 locum
1420 3929 1542 3990 magna
1558 3905 1642 3969 Tre-

409 4016 557 4077 virorum
585 4036 685 4075 manu
701 4012 901 4075 l'alentinus
921 4013 1104 4084 insederat,
1128 4012 1300 4075 tinnitibus
1316 4020 1373 4076 aut
1390 4010 1530 4076 Mosella
1548 4034 1647 4075 amne

408 4130 562 4208 saeptum
596 4156 633 4168 -
653 4119 709 4188 ll',
734 4144 786 4205 77.
818 4121 1064 4183 chtiocoruu
1088 4119 1243 4182 cohortes
1275 4118 1646 4194 llatarorum,sinistro

412 4228 560 4292 Bructeri
588 4227 821 4313 Tencterique,
852 4250 929 4312 pars
957 4227 1141 4296 ruentibus,
1177 4228 1233 4289 alii
1264 4227 1328 4304 ria,
1360 4226 1416 4290 alii
1450 4227 1538 4289 viam
1558 4226 1647 4291 inter

410 4335 654 4420 Mosellamque
673 4336 796 4395 llumcu
814 4342 881 4396 tarn
900 4334 1072 4419 improvisi
1090 4334 1282 4397 adsiluere..
1320 4332 1472 4416 (Ceriali)
1489 4333 1647 4398 universa

410 4443 522 4505 clades
540 4442 570 4503 in
588 4440 694 4512 oculis
711 4440 828 4507 luit...
858 4440 988 4503 medius
1006 4439 1168 4504 Mosellae
1185 4463 1282 4527 pons,
1299 4440 1355 4526 qui
1376 4439 1537 4503 ulteriora
1553 4440 1647 4503 colo-

410 4551 483 4612 niae
500 4549 748 4629 (liemon-um)
769 4547 929 4616 adnectit,
953 4545 994 4610 ab
1011 4546 1164 4611 hostibus
1178 4547 1339 4611 insessas

397 4748 405 4781 ¹
425 4748 456 4794 V.
469 4748 549 4796 etiam
571 4748 606 4798 15.
629 4748 663 4794 ιθ.

396 4829 406 4861 ²
423 4828 465 4879 M:
480 4827 593 4876 insorhi.
604 4829 679 4876 Corr.
695 4827 788 4876 llitter.
804 4826 864 4874 roll.
877 4827 1020 4886 Strabone,
1035 4828 1113 4886 Mela,
1126 4828 1224 4876 l‘linio.
1235 4831 1397 4874 cumcontra
1411 4824 1518 4873 lasoehi
1529 4825 1648 4888 populus

362 4908 471 4955 aliunde
487 4909 624 4955 inauditus
642 4909 686 4956 sit.

394 4989 405 5022 ¹
420 4987 470 5037 ah:
485 4988 597 5038 osrhus:
612 4989 674 5038 alii:
691 5004 779 5041 oscus.
798 4989 871 5036 Corn
889 4988 982 5036 Orelli.
