3709 6234
281 829 335 885 ⁴90
841 834 1003 890 OCTAVIVS

325 983 421 1061 parat
436 983 647 1042 accusatores
666 1001 786 1056 ..‚non
803 985 916 1042 vetera
933 983 967 1042 et
984 978 1120 1065 saepius
1151 978 1216 1041 iam
1248 977 1362 1044 audita
1394 977 1557 1056 deferens,

326 1082 417 1170 quod
435 1083 617 1149 Britannici
633 1092 776 1151 mortem
792 1084 925 1170 lugeret
936 1091 995 1150 aut
1012 1083 1172 1150 Octaviae
1187 1083 1328 1150 iniurias
1342 1085 1532 1174 evulgaret.
1550 1135 1557 1150 .

326 1228 368 1237 —
401 1193 449 1267 ri.
483 1215 508 1258 r.
533 1191 662 1258 Nero...
687 1193 885 1278 flagrantior
908 1192 944 1256 in
967 1191 1040 1256 dies
1064 1214 1177 1256 amore
1192 1190 1382 1280 Poppaeae,
1399 1192 1559 1281 quaesibi

327 1299 580 1363 matrimonium
613 1307 647 1364 el
681 1298 862 1364 discidium
890 1298 1050 1365 llctariae
1074 1297 1234 1364 incolumi
1260 1299 1451 1387 Agrippina
1476 1298 1561 1366 haud

326 1426 466 1492 sperans
483 1406 609 1471 crebris
624 1403 961 1473 criminationibus...
975 1405 1146 1471 incusaret
1159 1406 1359 1494 principem.
1378 1445 1422 1454 -
1442 1409 1494 1484 hl·
1509 1405 1558 1495 59.

329 1512 423 1599 (Post
439 1513 635 1580 interlectos
657 1514 854 1579 Cornelium
872 1513 1002 1580 Sullam
1017 1520 1052 1579 ct
1076 1512 1272 1579 llubellium
1289 1513 1449 1580 Plautum
1464 1513 1562 1600 Nero)

327 1620 437 1707 posito
462 1629 554 1685 metu
581 1620 718 1710 nuptias
748 1622 966 1709 Poppaeae...
1000 1629 1169 1685 maturare
1191 1627 1287 1708 paral
1322 1619 1561 1709 Octaviamque

327 1727 506 1814 coniugem
520 1728 664 1797 amoliri.
706 1729 862 1818 quamvis
890 1727 1043 1793 modeste
1081 1735 1207 1814 ageret,
1239 1727 1375 1793 nominc
1397 1727 1507 1816 patris
1532 1735 1563 1792 et

328 1833 449 1899 studiis
479 1835 593 1923 populi
622 1859 802 1922 gravem...
821 1875 863 1884 —
881 1838 931 1913 14.
951 1834 1005 1901 60.
1027 1834 1194 1899 Exturbal
1209 1835 1399 1910 Octaviam,
1417 1835 1561 1900 sterilem

327 1940 505 2014 dictitans:
539 1942 629 2006 exim
655 1943 831 2031 Poppaeae
847 1942 1076 2029 coniungitur.
1098 1941 1145 2006 Ea
1162 1941 1220 2006 diu
1235 1939 1353 2030 paelex
1372 1949 1407 2007 et
1421 1940 1561 2008 adulteri

329 2047 484 2122 Neronis
500 2071 577 2113 mox
595 2050 706 2116 mariti
719 2058 852 2137 potens
863 2049 1042 2139 quemdam
1056 2072 1098 2114 cx
1111 2048 1444 2114 ministrisl')claviae
1458 2048 1562 2138 impu-

327 2154 367 2219 lit
387 2155 543 2220 servilem
562 2157 591 2221 ei
605 2180 753 2222 amorem
770 2157 944 2223 obicere...
971 2157 1077 2221 Actae
1106 2156 1149 2221 ob
1170 2155 1204 2220 id
1231 2155 1272 2220 de
1306 2155 1440 2220 ancillis
1466 2177 1563 2244 quae·

328 2262 498 2329 stiones..
517 2263 566 2328 llx
580 2264 702 2353 quibus
720 2288 787 2330 una
803 2265 944 2330 instanti
960 2263 1127 2350 Tigellino
1143 2263 1288 2328 castiora
1304 2285 1378 2328 esse
1389 2261 1562 2328 muliebria

329 2371 490 2436 (lctaviae
517 2372 693 2459 respondit
717 2396 818 2461 quam
849 2395 887 2437 os
914 2373 998 2438 eius,
1029 2370 1186 2435 Movetur
1202 2378 1316 2436 tamen
1332 2369 1442 2458 primo
1457 2369 1564 2436 civilis

329 2477 462 2543 discidii
484 2479 637 2566 specie...
668 2479 854 2567 'l'amquam
882 2479 970 2544 Nero
996 2478 1202 2566 paenitentia
1230 2477 1362 2564 flagilii,
1386 2477 1563 2564 coniugem

329 2586 494 2651 revocarit
510 2589 698 2653 (letariam.
717 2626 759 2638 -
785 2590 833 2664 il.
852 2586 905 2651 61.
925 2587 1024 2651 Exim
1041 2586 1119 2651 laeti
1134 2584 1340 2674 Capitolium
1355 2583 1525 2650 scandunt
1542 2635 1561 2650 ..

330 2693 468 2779 Elligies
485 2693 662 2782 Poppaeae
673 2703 851 2782 proruunt,
875 2694 1035 2760 Octaviae
1055 2693 1220 2779 imagines
1236 2699 1374 2780 gestant
1397 2692 1563 2758 umeris...

330 2799 504 2884 (Queritur
528 2801 685 2889 Poppaea
705 2802 794 2890 apud
816 2802 999 2890 Neronem)
1025 2831 1040 2860 a
1071 2801 1174 2865 vitam
1194 2801 1303 2888 ipsam
1326 2799 1360 2863 in
1376 2807 1563 2865 extremum

330 2907 509 2972 ralduetam
530 2933 548 2971 a
564 2909 730 2974 clientelis
746 2918 775 2975 et
795 2909 942 2974 servitiis
955 2909 1160 2976 Octaviae...
1183 2907 1218 2974 Si
1232 2907 1413 2994 desperent
1427 2929 1564 2972 uxorem

333 3015 476 3078 Neronis
493 3014 561 3080 lore
574 3017 762 3088 Octaviam.
776 3017 826 3081 illi
840 3017 998 3082 maritum
1014 3016 1153 3082 daturos
1173 3043 1201 3081 u.
1220 3053 1264 3064 —
1284 3017 1332 3091 ri.
1348 3013 1403 3080 62.
1427 3014 1564 3100 (Anice-

330 3129 401 3185 tum
415 3122 567 3188 hortatur
581 3124 683 3210 Nero)
694 3152 752 3190 a...
765 3147 825 3189 neo
841 3148 944 3190 manu
959 3132 1017 3189 aut
1032 3123 1099 3189 telo
1110 3143 1212 3210 opus:
1229 3121 1390 3188 fateretur
1402 3122 1563 3188 Octaviae

330 3228 546 3295 adulterium.
566 3259 581 3290 »
615 3270 654 3280 -
676 3235 725 3308 rt,
743 3231 797 3297 63.
825 3235 869 3298 nt
890 3232 977 3297 Nero
998 3231 1205 3320 praelectum
1220 3230 1255 3294 in
1271 3252 1366 3318 spem
1383 3228 1562 3294 sociandae

329 3336 448 3401 classis
481 3347 674 3425 corruptum
706 3347 749 3408 et.
777 3340 951 3403 incusatae
977 3340 1076 3426 paulo
1106 3346 1183 3403 ante
1208 3336 1396 3402 sterilitatis
1421 3335 1561 3406 oblitus.

330 3443 467 3509 abactos
492 3454 606 3533 partus
620 3447 824 3511 conscientia
849 3446 1038 3522 libidimun,
1057 3469 1162 3534 eaque
1177 3444 1241 3508 sibi
1255 3451 1441 3531 comperta,
1457 3444 1565 3507 edicto

331 3562 490 3617 cremarat
528 3553 705 3642 insulaque
737 3555 937 3618 Pandateria
967 3554 1143 3620 Octaviam
1184 3552 1350 3617 claudit..
1381 3589 1425 3601 -
1462 3551 1489 3631 l,
1517 3551 1563 3615 13.

330 3660 433 3745 (Nero
454 3661 543 3747 apud
575 3662 756 3747 tttlronem)
789 3662 980 3750 Poppaeam
1006 3661 1180 3740 Sabinam,
1197 3658 1381 3747 principale
1402 3665 1563 3724 scortum.

330 3775 367 3830 ut
387 3768 476 3853 apud
496 3769 667 3832 conscium
685 3768 863 3833 libidinum
878 3769 1092 3855 deposuerat,
1108 3767 1213 3831 donec
1230 3766 1406 3831 tlctaviam
1425 3787 1566 3831 uxorem

332 3875 527 3939 nundinetur
539 3875 559 3939 ¹.

288 3981 483 4047 ocl‘nl'll.
506 4019 548 4032 -
569 3985 601 4058 A.
629 3985 681 4059 ll.
710 3990 835 4050 tissa...
871 3985 923 4071 (L.
949 3983 1103 4062 :latoniii
1133 3981 1261 4047 tumulo
1282 3982 1501 4048 Octaviorum
1517 3981 1566 4044 in-

331 4091 397 4154 lata
414 4114 473 4176 per
489 4091 659 4154 decretum
678 4101 829 4155 senatus.

289 4198 542 4262 ocblt'lt'ffi.
565 4237 608 4246 —
628 4222 655 4264 ι.
673 4223 703 4285 9.
719 4197 934 4285 Plerisque...
959 4223 1043 4262 rana
1065 4197 1320 4272 mirantibus...
1348 4195 1440 4283 quod
1464 4194 1567 4260 Nolae

334 4307 365 4368 in
389 4304 488 4367 domo
505 4313 537 4368 et
555 4304 722 4380 cubiculo,
741 4306 773 4368 in
797 4328 863 4392 quo
881 4315 975 4393 pater
989 4307 1061 4370 eius
1077 4306 1251 4376 (ictarius,
1273 4305 1378 4368 uitam
1403 4303 1568 4367 linivisset

335 4414 553 4496 (Augustus).

290 4520 513 4585 oc'lat'lt's
529 4519 722 4594 l'ltoa'll),
750 4520 937 4584 l'ltuxl'u.
961 4559 1004 4568 —
1024 4545 1054 4596 2,
1083 4521 1135 4584 33.
1164 4519 1321 4583 Proximo
1348 4524 1489 4582 senalus
1514 4517 1566 4580 dic

336 4626 438 4691 multa
469 4627 638 4690 inlusum
666 4628 813 4691 civitatis
844 4627 932 4691 dicta
959 4653 976 4691 a
997 4631 1038 4704 Q.
1069 4628 1207 4692 llatcrio
1223 4625 1404 4704 consulari,
1424 4625 1566 4691 Octavio

323 4863 328 4894 ¹
352 4861 382 4907 l'.
400 4861 479 4907 ctiam
499 4876 533 4906 ιι.
549 4861 593 4910 3⁸:
614 4876 648 4906 ra..
666 4867 683 4914 t.
699 4862 721 4908 Γ).
737 4868 779 4914 aa:
802 4860 835 4906 ra.
853 4866 943 4920 17:14.
961 4859 1004 4916 iifl
1022 4859 1112 4922 isnliy.

321 4953 331 4985 '·'
347 4953 374 4999 lt.
392 4953 530 5000 Octavius.
544 4953 652 5012 praetor·
667 4966 691 5001 a.
708 4951 754 5011 ap
767 4951 844 4996 261.
