3709 6234
285 841 339 901 302
855 846 997 904 tiatira:

328 991 414 1056 odiis
439 993 631 1079 provinciae
644 992 909 1080 (llritanniae)...
928 992 1081 1080 trepidus
1096 999 1292 1079 procurator
1306 993 1411 1058 Catus
1433 994 1565 1080 (Decia-

331 1099 406 1186 nus)
428 1100 461 1163 in
478 1099 623 1165 Galliam
652 1100 798 1166 transiit.
821 1139 862 1148 -
888 1102 936 1177 id,
958 1099 1011 1188 39.
1044 1098 1113 1163 Nec
1128 1098 1235 1164 deluit
1265 1098 1465 1187 Polyclitus,
1499 1124 1564 1189 quo

329 1207 442 1271 nrinus
457 1208 586 1295 ingenti
606 1208 740 1294 agmine
755 1207 870 1272 ltaliae
888 1206 1087 1295 Galliaeque
1101 1207 1226 1293 gravis.
1250 1259 1256 1272 .
1277 1248 1314 1259 -
1337 1210 1387 1284 ¹4·
1405 1208 1460 1285 46.
1478 1211 1566 1274 Cen-

329 1338 387 1379 sus
407 1338 466 1402 per
486 1314 648 1380 Galliasa
687 1319 728 1393 Q.
752 1314 891 1380 Volusio
923 1323 956 1379 et
983 1315 1099 1380 Sextio
1133 1314 1295 1379 Africano
1330 1313 1566 1404 Trebellioque

328 1423 478 1487 Maximo
494 1423 558 1488 acti
575 1431 665 1489 sunt.
684 1462 726 1471 —
752 1425 800 1502 rt,
821 1423 875 1511 57.
894 1423 959 1509 (lle
974 1421 1132 1487 Cornelio
1150 1421 1243 1488 Sulla
1259 1423 1293 1486 iu
1308 1422 1455 1488 Galliam
1484 1422 1565 1488 Nar·

328 1528 511 1596 bonensem
527 1538 638 1595 amoto
654 1528 755 1593 verba
777 1529 855 1595 lacit
870 1529 960 1617 apud
972 1529 1138 1594 Neronem
1155 1529 1355 1617 Tigellinus)
1380 1556 1396 1594 a
1427 1531 1565 1596 lireotas

327 1637 457 1702 Gallias
472 1637 514 1702 ad
530 1660 652 1702 nomen
668 1637 925 1703 dictatorium...
952 1664 966 1696 n
979 1676 1022 1685 -
1044 1637 1069 1714 l,
1094 1661 1125 1703 a.
1144 1637 1275 1702 Galliae
1306 1647 1479 1704 nutantes.
1522 1676 1565 1687 -

330 1745 355 1824 l,
378 1744 410 1809 8.
429 1744 571 1818 Galliae,
589 1768 689 1832 super
710 1744 906 1809 memoriam
928 1744 1090 1824 VindioiS,
1116 1744 1284 1831 obligatae
1316 1747 1444 1811 recenti
1471 1746 1562 1811 dono

330 1852 501 1916 llomanae
516 1852 665 1916 civitatis
681 1860 714 1917 et
730 1853 764 1916 in
799 1860 973 1939 posterum
1001 1850 1119 1917 tributi
1148 1852 1352 1918 levamento.
1385 1854 1566 1919 Proximae

326 1967 439 2025 tamen
459 1960 671 2024 Germanicis
683 1959 886 2025 exercitibus
901 1959 1092 2025 Galliarum
1109 1960 1264 2026 civitates
1280 1983 1347 2025 non
1364 1960 1484 2026 eodem
1505 1962 1565 2025 ho·

327 2091 407 2132 nore
428 2066 573 2146 habitae,
590 2067 756 2157 quaedam
770 2068 870 2132 etiam
893 2066 1017 2132 linibus
1040 2068 1219 2155 ademptis,
1237 2068 1310 2155 pari
1325 2067 1442 2133 dolore
1471 2090 1565 2133 conr·
1597 2130 1600 2133 .

326 2173 423 2239 moda
460 2175 568 2239 aliena
584 2198 621 2239 ac
655 2199 733 2239 suas
757 2175 897 2239 iniurias
927 2174 1165 2240 metiebantur.
1188 2214 1231 2223 -
1254 2174 1351 2262 l,37.
1381 2176 1564 2265 (Loquitur

328 2281 431 2369 Otho)
469 2312 484 2346 u
504 2285 612 2360 Quam
648 2284 789 2370 gloriam
824 2283 865 2348 ad
900 2283 1127 2370 principatum
1162 2282 1277 2347 attulit
1316 2282 1466 2370 (Galba),
1498 2283 1566 2348 nisi

325 2390 467 2456 occisi...
487 2391 585 2456 Betui
606 2391 758 2455 Chilonis
788 2392 822 2455 in
857 2390 1039 2455 Gallia...'.'
1058 2417 1072 2448 n
1105 2430 1128 2440 -
1150 2389 1243 2472 l,51.
1274 2389 1360 2455 'l'um
1398 2389 1564 2456 adversus

328 2497 504 2562 Vindicem
524 2506 716 2564 contractae
731 2498 894 2586 legiones,
908 2507 1052 2586 sequeet
1073 2496 1202 2561 (tallias
1218 2505 1388 2585 expertae,
1404 2521 1565 2586 quaerere

327 2629 460 2670 rursum
505 2629 596 2671 turma
636 2629 807 2694 novasque
837 2605 1035 2680 discordias,
1066 2628 1126 2669 nee
1157 2604 1277 2677 socios,
1307 2614 1344 2670 ut
1376 2605 1471 2687 olim,
1505 2605 1564 2671 sed

327 2712 442 2778 hostes
473 2721 506 2778 et
541 2714 649 2778 victos
678 2713 854 2779 vocabant.
885 2713 955 2778 Nec
988 2712 1103 2778 deerat
1133 2735 1211 2799 pars
1247 2712 1448 2788 Galliarum,
1478 2736 1564 2802 quae

328 2819 482 2884 libanum
514 2820 646 2900 accolit,
681 2821 815 2886 easdem
869 2828 982 2908 partes
1013 2827 1127 2884 secuta
1160 2844 1198 2885 ac
1224 2828 1293 2884 tum
1323 2821 1485 2886 acerrima
1515 2820 1564 2884 in·

328 2928 484 3013 stigatrix
505 2927 682 2992 adversum
699 2927 896 2993 Galbianos.
923 2967 967 2976 -
993 2926 1018 2996 l,
1041 2929 1094 2991 dr.
1114 2927 1238 2992 Fabius
1267 2927 1392 2992 Valens
1419 2927 1564 2993 adlicere

326 3034 392 3104 vel,
416 3036 443 3100 si
472 3035 668 3115 abnuerent,
693 3045 824 3101 vast-arc
846 3034 987 3099 Gallias.
1011 3087 1016 3099 .
1037 3034 1067 3118 (a
1084 3034 1235 3120 Vitellio)
1245 3035 1369 3101 iussus
1400 3071 1445 3086 -
1461 3034 1488 3110 l.
1506 3034 1560 3100 62.

327 3142 457 3208 Instare
472 3142 569 3208 miles
584 3143 828 3228 (Vitellianus),
850 3166 944 3207 arma
964 3166 1113 3230 poscere,
1126 3142 1207 3207 dum
1228 3142 1359 3207 Galliae
1379 3141 1560 3230 trepident.

325 3249 406 3315 dum
428 3249 611 3338 llispaniae
634 3258 896 3316 cunctentur.—
917 3250 943 3328 l,
961 3248 1016 3313 63.
1041 3248 1140 3337 Isque
1157 3258 1263 3314 terror
1278 3248 1408 3314 Gallias
1424 3249 1560 3326 invasit,

326 3366 363 3423 ut
379 3359 526 3423 venienti
541 3382 619 3421 mox
641 3357 849 3444 (Vitelliano)
867 3358 995 3444 agmini
1016 3357 1191 3422 universae
1209 3357 1363 3422 civitates
1389 3380 1465 3421 cunr
1491 3381 1563 3422 ma·

325 3465 523 3550 gistratibus
543 3465 1013 3552 etprecibusoccurrerent...
1039 3502 1072 3515 -
1102 3464 1126 3536 l,
1150 3466 1204 3552 87.
1236 3464 1367 3530 (ltlm...
1401 3464 1559 3551 expensis

327 3572 405 3638 belli
421 3574 584 3653 consiliis,
602 3573 737 3661 quando
761 3573 930 3637 Poeninae
955 3572 1153 3660 Cottiaeque
1174 3571 1280 3658 Alpes
1304 3580 1337 3636 et
1355 3571 1456 3636 ceteri
1482 3570 1560 3635 tlal-

327 3680 448 3745 liarum
479 3681 590 3745 aditus
629 3680 820 3746 Vitellianis
849 3679 1052 3744 exercitibus
1090 3678 1374 3744 claudebantur...
1398 3679 1483 3756 -—l,
1506 3684 1559 3766 89.

328 3788 529 3853 Provinciali
546 3788 636 3871 (lulii
656 3789 819 3875 Vindicis)
842 3787 943 3866 bello,
957 3786 1048 3875 quod
1068 3790 1156 3851 inter
1182 3786 1333 3872 legiones
1365 3786 1562 3874 Galliasque

325 3895 419 3959 velut
434 3904 610 3960 externum
627 3896 700 3960 luit.
717 3936 758 3945 -
784 3895 826 3972 ll,
850 3896 881 3961 ti.
898 3894 1046 3982 (llellnm
1063 3893 1175 3980 civile)
1192 3894 1312 3960 Oriens
1324 3902 1403 3959 tunc
1416 3895 1562 3982 primum

326 4002 466 4088 parabat
482 4022 490 4085 ;
508 4026 652 4091 namque
668 4003 748 4067 olim
763 4002 970 4067 validissima
987 4003 1074 4067 inter
1094 4026 1129 4066 se
1145 4001 1269 4066 civium
1295 4025 1387 4065 arnna
1408 4001 1441 4065 iu
1465 4000 1561 4066 ltalia

328 4108 480 4174 Galliave
504 4110 633 4175 viribus
662 4111 855 4175 tlccidentis
871 4119 1001 4197 arrepta.
1020 4150 1062 4158 -
1090 4109 1132 4178 ll,
1160 4134 1207 4173 ιι.
1241 4109 1467 4195 'l‘ransgresso
1495 4110 1561 4174 iam

327 4216 433 4305 Alpes
453 4218 608 4284 Caecina,
628 4241 727 4305 quem
749 4218 820 4282 sisti
838 4219 925 4282 intra
941 4217 1070 4281 Gallias
1087 4241 1184 4305 posse
1215 4224 1409 4304 speraverat
1428 4217 1559 4305 (Otho).

326 4363 367 4372 -
387 4323 428 4403 ll,
449 4350 501 4413 29.
519 4325 691 4410 (seditiosi
708 4324 832 4389 milites
844 4325 985 4390 Fabium
1003 4324 1194 4410 Valentem)
1207 4324 1313 4411 spolia
1325 4324 1513 4388 Galliarum
1530 4331 1562 4389 et

325 4427 567 4497 Viennensium
585 4456 715 4503 aarum,
739 4434 843 4519 pretia
865 4432 1020 4496 laborum
1037 4456 1187 4500 suorum,
1221 4431 1391 4497 occultare
1424 4430 1557 4519 (clami⁴

326 4541 464 4605 tantesi.
491 4579 524 4589 -
548 4539 589 4606 ll.
604 4540 657 4605 32.
676 4540 768 4604 Tune
784 4542 967 4605 Suet‹mius
985 4540 1186 4605 Paulinus...
1200 4540 1359 4604 disseruit
1376 4539 1562 4604 exercitum

327 4643 454 4713 Vitellii
467 4649 660 4713 universum
682 4647 871 4717 advenisse,
890 4672 951 4713 nec
969 4648 1112 4712 multum
1137 4648 1259 4711 virium
1291 4671 1308 4711 a
1340 4654 1446 4733 tergo,
1478 4670 1563 4736 quo-

329 4756 418 4819 niam
439 4754 569 4820 Galliae
586 4763 774 4820 tumeant...
795 4754 893 4833 -ll,
910 4755 964 4842 57.
982 4755 1181 4820 Vitellius...
1199 4753 1345 4842 reliquas
1370 4753 1563 4820 Germanici

330 4864 497 4927 exercitus
524 4863 612 4928 vires
655 4862 818 4928 tralrebat.
860 4862 961 4927 l'auei
990 4871 1139 4926 veterum
1173 4861 1317 4926 rnilitum
1346 4861 1379 4925 in
1414 4861 1564 4927 bibernis

327 4972 447 5050 relicti,
465 4972 631 5037 festinatis
647 4995 706 5059 per
718 4971 847 5036 Gallias
863 4969 1055 5049 dilectibus
1075 4978 1112 5034 ut
1129 4970 1374 5034 remanentium
1391 4968 1562 5056 legionum
