3709 6234
772 903 800 955 L.
821 902 953 956 CASSIVS
1457 901 1504 958 181

262 1042 457 1109 Sententiae
477 1042 586 1109 Cassii
608 1050 646 1108 ut
661 1066 759 1108 nemo
775 1066 862 1108 unus
875 1050 993 1108 contra
1009 1044 1056 1108 ire
1071 1066 1174 1108 ausus
1203 1051 1266 1124 est,
1283 1045 1331 1111 ita
1347 1044 1505 1110 dissonae

261 1172 363 1215 voces
392 1148 686 1238 respondebant...
710 1188 753 1199 —
785 1152 835 1229 15,
868 1149 921 1215 52.
946 1150 984 1215 L.
1014 1150 1150 1215 Silanus
1175 1151 1299 1216 eximia
1329 1150 1505 1217 nobilitate

264 1255 511 1346 disciplinaque
536 1257 575 1322 C.
611 1257 731 1335 CassiI,
759 1257 850 1345 apud
869 1280 971 1346 quem
999 1257 1162 1323 educatus
1190 1265 1273 1338 erat,
1301 1257 1343 1322 ad
1370 1282 1505 1324 omnem

264 1364 502 1430 claritudinem
519 1363 687 1429 sublatus.
707 1404 742 1415 -
765 1364 815 1445 16,
832 1391 859 1453 7.
875 1366 1020 1430 Mortem
1034 1365 1251 1453 Poppaeae...
1265 1389 1352 1431 nova
1368 1366 1507 1454 insuper

263 1471 390 1537 invidia
403 1470 492 1537 Nero
504 1470 687 1559 complevit
697 1471 906 1560 prohibendo
918 1471 1117 1538 C.Cassium
1130 1472 1240 1536 oflicio
1254 1474 1503 1562 exsequiarum,

264 1579 354 1669 quod
371 1580 517 1667 primum
533 1578 696 1643 indicium
720 1577 820 1656 mali;
846 1602 956 1668 neque
975 1580 1009 1643 in
1024 1579 1164 1666 longum
1187 1579 1329 1645 dilatum
1348 1588 1411 1645 est.
1438 1580 1505 1647 Sed

265 1687 403 1754 Silanus
432 1685 578 1763 additur,
602 1685 697 1751 nullo
725 1686 876 1763 erimine,
899 1687 964 1750 nisi
994 1687 1133 1751 Cassius
1158 1687 1279 1775 opibus
1300 1688 1445 1753 vetustis
1473 1695 1506 1753 et

261 1795 428 1882 gravitate
443 1816 587 1870 morum,
606 1795 785 1862 Silanus...
803 1792 1066 1881 praecellebant.
1089 1793 1196 1880 Igitur
1215 1794 1318 1859 missa
1343 1794 1386 1859 ad
1406 1818 1506 1860 sena-

261 1910 335 1967 tum
353 1903 504 1967 oratione
520 1902 744 1967 removendos
759 1925 777 1965 a
801 1900 986 1989 republica
1003 1909 1164 1989 utrosque
1186 1900 1345 1968 disseruit
1359 1902 1506 1967 obiecta-

262 2010 379 2098 vitque
408 2007 538 2086 Cassio,
569 2010 661 2097 quod
687 2011 775 2074 inter
799 2010 964 2095 imagines
994 2008 1159 2073 maiorum
1199 2009 1301 2074 etiam
1327 2009 1365 2074 C.
1397 2009 1505 2075 Cassii

262 2117 408 2204 effigiem
424 2115 598 2195 coluisset,
625 2118 670 2182 ita
693 2117 912 2204 inscriptam:
938 2144 953 2175 «
983 2117 1067 2181 Duci
1083 2116 1271 2204 partium...
1293 2143 1308 2176 »
1338 2154 1374 2166 —
1403 2117 1453 2197 16,
1471 2118 1503 2184 8.

264 2224 395 2290 Inducti
407 2224 547 2311 posthac
558 2223 725 2289 vocabulo
741 2225 903 2303 indicum,
917 2224 973 2312 qui
991 2224 1024 2287 in
1039 2222 1214 2311 Lepidam,
1228 2222 1338 2288 Cassii
1349 2248 1503 2304 uxorem,

262 2332 369 2398 Silani
383 2333 534 2414 amitam,
548 2333 715 2398 incestum
733 2356 810 2397 curn
826 2332 941 2397 fratris
955 2331 1066 2397 filio...
1085 2331 1329 2418 confingerent.
1345 2370 1383 2381 —
1402 2331 1452 2412 16,
1470 2358 1502 2420 9.

262 2441 356 2505 Tunc
383 2439 539 2505 consulto
573 2448 711 2505 senatus
741 2440 859 2505 Cassio
895 2447 928 2504 et
956 2438 1071 2504 Silano
1099 2438 1200 2503 exilia
1233 2439 1503 2507 decernuntur...

264 2549 537 2636 Deportatusquc
561 2548 594 2612 in
618 2547 765 2612 insulam
801 2546 992 2611 Sardiniam
1017 2545 1157 2611 Cassius
1184 2554 1218 2611 et
1247 2554 1403 2611 senectus
1433 2547 1506 2612 cius

263 2654 537 2744 exspectabatur.
559 2692 602 2703 -
632 2653 682 2734 16,
716 2679 769 2721 η.
800 2652 927 2741 (Verba
953 2653 1034 2718 lacit
1067 2653 1156 2741 apud
1184 2653 1353 2718 Neronem
1380 2654 1505 2720 Cossu·

262 2762 375 2826 tiunus
415 2761 549 2849 Capito)
587 2789 602 2821 «
643 2762 825 2827 ...Frustra
857 2761 1012 2825 Cassium
1043 2760 1212 2841 amovisti,
1245 2761 1273 2825 si
1293 2760 1436 2847 gliscere
1471 2770 1505 2826 et

262 2870 377 2955 rigere
393 2868 574 2933 Brutorum
591 2868 743 2933 aemulos
757 2891 919 2954 passurus
935 2890 971 2931 es
990 2893 1005 2926 »
1021 2866 1217 2952 (Thraseam
1234 2866 1447 2955 signiticat)¹.

222 2978 233 2999 '
255 2975 293 3040 L.
313 2975 517 3054 CASSIVS,
536 3000 568 3040 v.
592 2975 780 3040 CASSIVS
793 2975 869 3060 (A).

223 3081 409 3148 CASSIVS
439 3081 904 3149 ASCLEPIOI)OTVS'².—
931 3081 981 3159 ιδ,
1014 3080 1068 3145 33.
1102 3080 1194 3146 Idem
1230 3089 1344 3146 tamen
1374 3082 1446 3147 dies
1473 3090 1506 3147 et

264 3190 443 3255 honestum
470 3190 663 3277 exemplum
684 3188 762 3254 tulit
791 3187 900 3254 Cassii
923 3188 1170 3276 Asclepiodoti,
1192 3189 1250 3277 qui
1272 3188 1505 3275 magnitudine

262 3320 365 3384 opum
379 3298 579 3386 praecipuus
589 3298 677 3362 inter
687 3296 866 3383 bithynos,
880 3319 947 3383 quo
959 3295 1123 3385 obsequio
1139 3296 1314 3361 florentem
1330 3298 1506 3384 (Baream)

261 3406 428 3469 Soranum
448 3404 689 3484 celebraverat,
713 3402 882 3470 labantem
914 3426 981 3468 non
998 3402 1158 3482 deseruit,
1182 3411 1373 3492 exutusque
1396 3404 1504 3468 omni-

262 3512 326 3577 bus
343 3512 487 3578 Iortunis
504 3513 587 3578 etin
603 3510 742 3577 exilium
758 3520 853 3576 actus
874 3562 896 3575 ..

221 3618 406 3685 CASSIVS
440 3618 694 3685 CHAEREAt
724 3643 819 3699 -ι,
847 3618 901 3681 32.
952 3617 1092 3683 Cassius
1114 3617 1261 3683 Chaerea
1288 3618 1455 3703 (centurio
1471 3618 1505 3682 in

262 3726 431 3792 Inferioris
455 3726 656 3791 Germaniae
683 3726 847 3810 exercitu)
873 3748 952 3789 mox
973 3724 1076 3789 caede
1100 3725 1177 3788 Gaii
1202 3725 1357 3791 Caesaris
1377 3747 1505 3790 memo-

262 3834 345 3898 riam
361 3833 451 3921 apud
472 3840 625 3921 posteros
643 3833 798 3920 adeptus,
824 3840 895 3897 tum
910 3832 1110 3897 adulescens
1126 3839 1160 3896 et
1176 3831 1278 3896 animi
1294 3832 1400 3913 ferox,
1418 3832 1506 3899 inter

261 3940 437 4005 obstantes
457 3946 490 4005 et
505 3948 654 4005 armatos
668 3938 809 4029 (milites
823 3938 899 4026 sibi)
921 3940 1008 4003 Ierro
1024 3939 1113 4003 viam
1130 3937 1302 4026 patefecit.

221 4047 258 4112 L.
281 4046 479 4127 CASSIVS,
507 4046 707 4128 CASSIVS,
730 4046 917 4113 CASSIVS
943 4044 1202 4112 LONGINVS⁴.
1234 4086 1277 4095 —
1302 4046 1334 4125 6,
1362 4049 1412 4111 15.
1439 4048 1505 4114 Diu

263 4155 429 4244 quaesito,
460 4177 546 4242 quos
575 4154 734 4242 neptibus
765 4156 835 4220 suis
863 4154 1002 4219 maritos
1032 4153 1218 4220 destinaret
1249 4153 1429 4233 Caesar,..
1464 4154 1502 4222 L.

264 4260 433 4343 Cassium,
458 4261 506 4327 M.
533 4261 703 4326 Vinicium
734 4261 858 4348 legit...
879 4260 1017 4326 Cassius
1039 4260 1163 4348 plebeii
1193 4261 1321 4325 Romae
1355 4262 1502 4349 generis,

263 4393 382 4434 verum
405 4368 535 4457 antiqui
559 4368 795 4458 honoratique,
823 4378 856 4434 et
886 4392 1001 4434 severa
1031 4369 1137 4456 patris
1162 4367 1341 4457 disciplina
1363 4369 1505 4434 eductus

262 4476 423 4542 facilitate
439 4476 574 4564 saepius
599 4500 700 4565 quam
727 4477 892 4542 industria
914 4474 1227 4541 commendabatur.
1257 4476 1343 4540 Huic
1374 4477 1505 4542 Drusil-

253 4762 262 4795 t
280 4761 312 4810 V.
326 4762 409 4810 etiarn
429 4760 452 4819 6,
465 4777 488 4813 2.

254 4842 266 4878 ²
281 4841 405 4903 Pnosor„
420 4848 474 4898 tit.

254 4931 266 4966 ³
283 4930 407 4989 Proser„
424 4930 478 4988 ne.

250 5009 260 5043 ⁴
279 5009 403 5068 Pnosor„
424 5011 481 5068 βο.
501 5010 595 5059 Frater
612 5010 641 5059 C.
657 5009 742 5060 Cassii
759 5009 895 5072 (LongInit
910 5008 964 5066 (R).
