<?xml version="1.0" encoding="UTF-8"?>
<!DOCTYPE html PUBLIC "-//W3C//DTD XHTML 1.0 Transitional//EN"
    "http://www.w3.org/TR/xhtml1/DTD/xhtml1-transitional.dtd">
<html xmlns="http://www.w3.org/1999/xhtml" xml:lang="en" lang="en">
 <head>
  <title>
</title>
<meta http-equiv="Content-Type" content="text/html;charset=utf-8" />
  <meta name='ocr-system' content='tesseract 3.04.00' />
  <meta name='ocr-capabilities' content='ocr_page ocr_carea ocr_par ocr_line ocrx_word'/>
</head>
<body>
  <div class='ocr_page' id='page_1' title='image "./onomasticontaci00fabigoog_0097.png"; bbox 0 0 3709 6234; ppageno 0'>
   <div class='ocr_carea' id='block_1_1' title="bbox 747 853 1505 910">
    <p class='ocr_par' dir='ltr' id='par_1_1' title="bbox 747 853 1505 910">
     <span class='ocr_line' id='line_1_1' title="bbox 747 853 1505 910; baseline 0.001 -1"><span class='ocrx_word' id='word_1_1' title='bbox 747 858 776 909; x_wconf 86' lang='lat' dir='ltr'><strong>L.</strong></span> <span class='ocrx_word' id='word_1_2' title='bbox 799 857 983 909; x_wconf 77' lang='lat' dir='ltr'><strong>nnnvnrlvs</strong></span> <span class='ocrx_word' id='word_1_3' title='bbox 1469 853 1505 910; x_wconf 83' lang='lat'><strong>89</strong></span> 
     </span>
    </p>
   </div>
   <div class='ocr_carea' id='block_1_2' title="bbox 268 995 1508 4066">
    <p class='ocr_par' dir='ltr' id='par_1_2' title="bbox 268 995 1508 4066">
     <span class='ocr_line' id='line_1_2' title="bbox 271 995 1504 1086; baseline -0.002 -24"><span class='ocrx_word' id='word_1_4' title='bbox 271 998 417 1065; x_wconf 91' lang='lat' dir='ltr'><strong>diductis</strong></span> <span class='ocrx_word' id='word_1_5' title='bbox 431 999 464 1064; x_wconf 92' lang='lat' dir='ltr'><strong>in</strong></span> <span class='ocrx_word' id='word_1_6' title='bbox 479 998 583 1065; x_wconf 86' lang='lat' dir='ltr'><strong>latera</strong></span> <span class='ocrx_word' id='word_1_7' title='bbox 600 999 722 1064; x_wconf 88' lang='lat' dir='ltr'><strong>turmis</strong></span> <span class='ocrx_word' id='word_1_8' title='bbox 737 1022 880 1063; x_wconf 87' lang='lat' dir='ltr'><strong>vacuum</strong></span> <span class='ocrx_word' id='word_1_9' title='bbox 901 997 1012 1063; x_wconf 89' lang='lat' dir='ltr'><strong>medio</strong></span> <span class='ocrx_word' id='word_1_10' title='bbox 1028 997 1190 1086; x_wconf 83' lang='lat' dir='ltr'>relinquit</span> <span class='ocrx_word' id='word_1_11' title='bbox 1205 997 1279 1066; x_wconf 82' lang='lat' dir='ltr'><strong>iter.</strong></span> <span class='ocrx_word' id='word_1_12' title='bbox 1297 1020 1363 1085; x_wconf 94' lang='lat' dir='ltr'><strong>quo</strong></span> <span class='ocrx_word' id='word_1_13' title='bbox 1378 995 1504 1061; x_wconf 86' lang='lat' dir='ltr'><strong>Varum</strong></span> 
     </span>
     <span class='ocr_line' id='line_1_3' title="bbox 272 1103 1505 1195; baseline -0.003 -25"><span class='ocrx_word' id='word_1_14' title='bbox 272 1108 469 1195; x_wconf 75' lang='lat' dir='ltr'><strong>equitesque</strong></span> <span class='ocrx_word' id='word_1_15' title='bbox 484 1106 557 1171; x_wconf 91' lang='lat' dir='ltr'><strong>eius</strong></span> <span class='ocrx_word' id='word_1_16' title='bbox 572 1107 776 1195; x_wconf 88' lang='lat' dir='ltr'><strong>reciperet...</strong></span> <span class='ocrx_word' id='word_1_17' title='bbox 796 1106 945 1171; x_wconf 75' lang='lat' dir='ltr'><strong>Pauidus</strong></span> <span class='ocrx_word' id='word_1_18' title='bbox 964 1105 1098 1171; x_wconf 75' lang='lat' dir='ltr'><strong>interim</strong></span> <span class='ocrx_word' id='word_1_19' title='bbox 1114 1105 1223 1170; x_wconf 86' lang='lat' dir='ltr'><strong>Varus</strong></span> <span class='ocrx_word' id='word_1_20' title='bbox 1238 1103 1356 1169; x_wconf 81' lang='lat' dir='ltr'><strong>turbae</strong></span> <span class='ocrx_word' id='word_1_21' title='bbox 1370 1127 1505 1167; x_wconf 88' lang='lat' dir='ltr'><strong>suorum</strong></span> 
     </span>
     <span class='ocr_line' id='line_1_4' title="bbox 270 1209 1505 1303; baseline -0.004 -24"><span class='ocrx_word' id='word_1_22' title='bbox 270 1214 430 1280; x_wconf 89' lang='lat' dir='ltr'><strong>miscetur</strong></span> <span class='ocrx_word' id='word_1_23' title='bbox 449 1213 634 1303; x_wconf 87' lang='lat' dir='ltr'><strong>intulitque</strong></span> <span class='ocrx_word' id='word_1_24' title='bbox 649 1213 876 1279; x_wconf 82' lang='lat' dir='ltr'><strong>formidinem.</strong></span> <span class='ocrx_word' id='word_1_25' title='bbox 905 1252 938 1263; x_wconf 90' lang='lat'><em>-</em></span> <span class='ocrx_word' id='word_1_26' title='bbox 964 1212 1024 1284; x_wconf 85' lang='grc' dir='ltr'>ΙΙΙ,</span> <span class='ocrx_word' id='word_1_27' title='bbox 1048 1214 1102 1279; x_wconf 83' lang='lat'><strong>52.</strong></span> <span class='ocrx_word' id='word_1_28' title='bbox 1124 1213 1301 1277; x_wconf 83' lang='lat' dir='ltr'><strong>Mucianus</strong></span> <span class='ocrx_word' id='word_1_29' title='bbox 1320 1220 1390 1277; x_wconf 86' lang='lat' dir='ltr'><strong>tam</strong></span> <span class='ocrx_word' id='word_1_30' title='bbox 1405 1209 1505 1275; x_wconf 89' lang='lat' dir='ltr'><strong>celeri</strong></span> 
     </span>
     <span class='ocr_line' id='line_1_5' title="bbox 269 1318 1504 1408; baseline -0.003 -22"><span class='ocrx_word' id='word_1_31' title='bbox 269 1322 410 1387; x_wconf 85' lang='lat' dir='ltr'><strong>victoria</strong></span> <span class='ocrx_word' id='word_1_32' title='bbox 428 1321 590 1387; x_wconf 78' lang='lat' dir='ltr'><strong>anxius..</strong></span> <span class='ocrx_word' id='word_1_33' title='bbox 607 1321 649 1386; x_wconf 87' lang='lat' dir='ltr'><strong>ad</strong></span> <span class='ocrx_word' id='word_1_34' title='bbox 662 1322 883 1408; x_wconf 83' lang='lat' dir='ltr'><strong>(Antonium)</strong></span> <span class='ocrx_word' id='word_1_35' title='bbox 903 1322 1053 1386; x_wconf 89' lang='lat' dir='ltr'><strong>Primum</strong></span> <span class='ocrx_word' id='word_1_36' title='bbox 1068 1329 1101 1386; x_wconf 91' lang='lat' dir='ltr'><strong>et</strong></span> <span class='ocrx_word' id='word_1_37' title='bbox 1122 1320 1248 1384; x_wconf 70' lang='lat' dir='ltr'><strong>Varum</strong></span> <span class='ocrx_word' id='word_1_38' title='bbox 1269 1319 1379 1384; x_wconf 90' lang='lat' dir='ltr'><strong>media</strong></span> <span class='ocrx_word' id='word_1_39' title='bbox 1400 1318 1504 1406; x_wconf 89' lang='lat' dir='ltr'><strong>scrip·</strong></span> 
     </span>
     <span class='ocr_line' id='line_1_6' title="bbox 269 1426 1505 1518; baseline -0.004 -24"><span class='ocrx_word' id='word_1_40' title='bbox 269 1427 433 1496; x_wconf 82' lang='lat' dir='ltr'><strong>titubat...</strong></span> <span class='ocrx_word' id='word_1_41' title='bbox 468 1426 616 1494; x_wconf 86' lang='lat' dir='ltr'><strong>Plotium</strong></span> <span class='ocrx_word' id='word_1_42' title='bbox 651 1428 859 1518; x_wconf 82' lang='lat' dir='ltr'><strong>Griphum...</strong></span> <span class='ocrx_word' id='word_1_43' title='bbox 905 1437 1100 1517; x_wconf 85' lang='lat' dir='ltr'><strong>ceterosque</strong></span> <span class='ocrx_word' id='word_1_44' title='bbox 1139 1427 1201 1496; x_wconf 91' lang='lat' dir='ltr'><strong>sibi</strong></span> <span class='ocrx_word' id='word_1_45' title='bbox 1240 1427 1326 1491; x_wconf 80' lang='lat' dir='ltr'><strong>{idos</strong></span> <span class='ocrx_word' id='word_1_46' title='bbox 1357 1426 1505 1514; x_wconf 79' lang='lat' dir='ltr'><strong>apertius</strong></span> 
     </span>
     <span class='ocr_line' id='line_1_7' title="bbox 269 1534 1505 1624; baseline 0 -25"><span class='ocrx_word' id='word_1_47' title='bbox 269 1536 415 1612; x_wconf 77' lang='lat' dir='ltr'><strong>monuit,</strong></span> <span class='ocrx_word' id='word_1_48' title='bbox 438 1535 540 1624; x_wconf 89' lang='lat' dir='ltr'><strong>hique</strong></span> <span class='ocrx_word' id='word_1_49' title='bbox 572 1558 691 1600; x_wconf 90' lang='lat' dir='ltr'><strong>omnes</strong></span> <span class='ocrx_word' id='word_1_50' title='bbox 717 1536 758 1601; x_wconf 91' lang='lat' dir='ltr'><strong>de</strong></span> <span class='ocrx_word' id='word_1_51' title='bbox 789 1536 1004 1602; x_wconf 85' lang='lat' dir='ltr'><strong>festinatione</strong></span> <span class='ocrx_word' id='word_1_52' title='bbox 1035 1537 1138 1601; x_wconf 90' lang='lat' dir='ltr'><strong>Primi</strong></span> <span class='ocrx_word' id='word_1_53' title='bbox 1163 1560 1200 1601; x_wconf 90' lang='lat' dir='ltr'><strong>ac</strong></span> <span class='ocrx_word' id='word_1_54' title='bbox 1222 1535 1300 1599; x_wconf 69' lang='lat' dir='ltr'><strong>Vari</strong></span> <span class='ocrx_word' id='word_1_55' title='bbox 1318 1534 1453 1599; x_wconf 87' lang='lat' dir='ltr'><strong>sinistre</strong></span> <span class='ocrx_word' id='word_1_56' title='bbox 1472 1540 1505 1599; x_wconf 83' lang='lat' dir='ltr'><strong>et</strong></span> 
     </span>
     <span class='ocr_line' id='line_1_8' title="bbox 269 1641 1504 1732; baseline -0.002 -26"><span class='ocrx_word' id='word_1_57' title='bbox 269 1642 429 1708; x_wconf 83' lang='lat' dir='ltr'><strong>Muciano</strong></span> <span class='ocrx_word' id='word_1_58' title='bbox 448 1643 599 1709; x_wconf 85' lang='lat' dir='ltr'><strong>volentia</strong></span> <span class='ocrx_word' id='word_1_59' title='bbox 617 1644 833 1732; x_wconf 85' lang='lat' dir='ltr'><strong>rescripsere.</strong></span> <span class='ocrx_word' id='word_1_60' title='bbox 857 1682 891 1695; x_wconf 88' lang='lat'>-</span> <span class='ocrx_word' id='word_1_61' title='bbox 916 1644 976 1722; x_wconf 95' lang='grc' dir='ltr'>ΙΙΙ,</span> <span class='ocrx_word' id='word_1_62' title='bbox 999 1645 1053 1711; x_wconf 87' lang='grc' dir='ltr'><strong>6ι.</strong></span> <span class='ocrx_word' id='word_1_63' title='bbox 1073 1644 1254 1731; x_wconf 83' lang='lat' dir='ltr'><strong>Cognitum</strong></span> <span class='ocrx_word' id='word_1_64' title='bbox 1275 1651 1327 1707; x_wconf 87' lang='lat' dir='ltr'><strong>est</strong></span> <span class='ocrx_word' id='word_1_65' title='bbox 1343 1641 1504 1707; x_wconf 88' lang='lat' dir='ltr'><strong>Interam·</strong></span> 
     </span>
     <span class='ocr_line' id='line_1_9' title="bbox 268 1749 1506 1841; baseline -0.001 -28"><span class='ocrx_word' id='word_1_66' title='bbox 268 1773 390 1816; x_wconf 87' lang='lat' dir='ltr'><strong>nam...</strong></span> <span class='ocrx_word' id='word_1_67' title='bbox 430 1750 598 1839; x_wconf 88' lang='lat' dir='ltr'><strong>praesidio</strong></span> <span class='ocrx_word' id='word_1_68' title='bbox 654 1750 982 1839; x_wconf 83' lang='lat' dir='ltr'><strong>quadringentorum</strong></span> <span class='ocrx_word' id='word_1_69' title='bbox 1020 1752 1173 1841; x_wconf 83' lang='lat' dir='ltr'><strong>equitum</strong></span> <span class='ocrx_word' id='word_1_70' title='bbox 1216 1749 1333 1816; x_wconf 89' lang='lat' dir='ltr'><strong>teneri.</strong></span> <span class='ocrx_word' id='word_1_71' title='bbox 1378 1749 1506 1814; x_wconf 86' lang='lat' dir='ltr'><strong>Missus</strong></span> 
     </span>
     <span class='ocr_line' id='line_1_10' title="bbox 268 1857 1506 1946; baseline -0.002 -24"><span class='ocrx_word' id='word_1_72' title='bbox 268 1857 439 1946; x_wconf 81' lang='lat' dir='ltr'><strong>extemplo</strong></span> <span class='ocrx_word' id='word_1_73' title='bbox 456 1858 566 1923; x_wconf 86' lang='lat' dir='ltr'><strong>Varus</strong></span> <span class='ocrx_word' id='word_1_74' title='bbox 592 1881 667 1922; x_wconf 92' lang='lat' dir='ltr'><strong>cum</strong></span> <span class='ocrx_word' id='word_1_75' title='bbox 685 1858 841 1946; x_wconf 82' lang='lat' dir='ltr'><strong>expedita</strong></span> <span class='ocrx_word' id='word_1_76' title='bbox 863 1882 965 1923; x_wconf 81' lang='lat' dir='ltr'><strong>manu</strong></span> <span class='ocrx_word' id='word_1_77' title='bbox 984 1881 1111 1946; x_wconf 87' lang='lat' dir='ltr'><strong>paucos</strong></span> <span class='ocrx_word' id='word_1_78' title='bbox 1126 1857 1390 1945; x_wconf 85' lang='lat' dir='ltr'><strong>repugnantium</strong></span> <span class='ocrx_word' id='word_1_79' title='bbox 1406 1857 1506 1920; x_wconf 89' lang='lat' dir='ltr'><strong>inter-</strong></span> 
     </span>
     <span class='ocr_line' id='line_1_11' title="bbox 270 1963 1505 2054; baseline -0.002 -26"><span class='ocrx_word' id='word_1_80' title='bbox 270 1963 390 2032; x_wconf 78' lang='lat' dir='ltr'><strong>fecit...</strong></span> <span class='ocrx_word' id='word_1_81' title='bbox 412 2005 454 2017; x_wconf 90' lang='lat'><em>-</em></span> <span class='ocrx_word' id='word_1_82' title='bbox 482 1965 542 2044; x_wconf 92' lang='grc' dir='ltr'>ΙΙΙ,</span> <span class='ocrx_word' id='word_1_83' title='bbox 569 1965 624 2033; x_wconf 86' lang='grc'><strong>63.</strong></span> <span class='ocrx_word' id='word_1_84' title='bbox 648 1965 724 2030; x_wconf 92' lang='lat' dir='ltr'><strong>Non</strong></span> <span class='ocrx_word' id='word_1_85' title='bbox 745 1966 889 2031; x_wconf 88' lang='lat' dir='ltr'><strong>omisere</strong></span> <span class='ocrx_word' id='word_1_86' title='bbox 909 1990 970 2054; x_wconf 91' lang='lat' dir='ltr'><strong>per</strong></span> <span class='ocrx_word' id='word_1_87' title='bbox 989 1989 1047 2031; x_wconf 91' lang='lat' dir='ltr'><strong>eos</strong></span> <span class='ocrx_word' id='word_1_88' title='bbox 1066 1966 1139 2031; x_wconf 92' lang='lat' dir='ltr'><strong>dies</strong></span> <span class='ocrx_word' id='word_1_89' title='bbox 1155 1964 1354 2053; x_wconf 83' lang='lat' dir='ltr'><strong>(Antonius)</strong></span> <span class='ocrx_word' id='word_1_90' title='bbox 1372 1963 1505 2028; x_wconf 90' lang='lat' dir='ltr'><strong>Primus</strong></span> 
     </span>
     <span class='ocr_line' id='line_1_12' title="bbox 268 2071 1507 2163; baseline -0.002 -26"><span class='ocrx_word' id='word_1_91' title='bbox 268 2095 306 2137; x_wconf 86' lang='lat' dir='ltr'><strong>ac</strong></span> <span class='ocrx_word' id='word_1_92' title='bbox 325 2071 436 2136; x_wconf 86' lang='lat' dir='ltr'><strong>Varus</strong></span> <span class='ocrx_word' id='word_1_93' title='bbox 449 2071 577 2138; x_wconf 87' lang='lat' dir='ltr'><strong>crebris</strong></span> <span class='ocrx_word' id='word_1_94' title='bbox 591 2073 721 2138; x_wconf 90' lang='lat' dir='ltr'><strong>nuntiis</strong></span> <span class='ocrx_word' id='word_1_95' title='bbox 742 2073 887 2139; x_wconf 87' lang='lat' dir='ltr'><strong>satutem</strong></span> <span class='ocrx_word' id='word_1_96' title='bbox 915 2082 949 2139; x_wconf 87' lang='lat' dir='ltr'><strong>et</strong></span> <span class='ocrx_word' id='word_1_97' title='bbox 977 2074 1154 2163; x_wconf 86' lang='lat' dir='ltr'><strong>pecuniam</strong></span> <span class='ocrx_word' id='word_1_98' title='bbox 1170 2081 1202 2138; x_wconf 91' lang='lat' dir='ltr'><strong>et</strong></span> <span class='ocrx_word' id='word_1_99' title='bbox 1223 2081 1351 2137; x_wconf 85' lang='lat' dir='ltr'><strong>secreta</strong></span> <span class='ocrx_word' id='word_1_100' title='bbox 1367 2072 1507 2160; x_wconf 87' lang='lat' dir='ltr'><strong>Campa-</strong></span> 
     </span>
     <span class='ocr_line' id='line_1_13' title="bbox 269 2178 1506 2270; baseline 0 -28"><span class='ocrx_word' id='word_1_101' title='bbox 269 2179 343 2243; x_wconf 83' lang='lat' dir='ltr'><strong>niae</strong></span> <span class='ocrx_word' id='word_1_102' title='bbox 358 2178 478 2245; x_wconf 75' lang='lat' dir='ltr'><strong>otterre</strong></span> <span class='ocrx_word' id='word_1_103' title='bbox 491 2178 641 2259; x_wconf 87' lang='lat' dir='ltr'><strong>Vitellio,</strong></span> <span class='ocrx_word' id='word_1_104' title='bbox 660 2181 689 2244; x_wconf 90' lang='lat' dir='ltr'><strong>si</strong></span> <span class='ocrx_word' id='word_1_105' title='bbox 702 2182 824 2270; x_wconf 87' lang='lat' dir='ltr'><strong>positis</strong></span> <span class='ocrx_word' id='word_1_106' title='bbox 844 2182 947 2246; x_wconf 87' lang='lat' dir='ltr'><strong>armis</strong></span> <span class='ocrx_word' id='word_1_107' title='bbox 968 2205 1071 2270; x_wconf 89' lang='lat' dir='ltr'><strong>seque</strong></span> <span class='ocrx_word' id='word_1_108' title='bbox 1088 2204 1125 2246; x_wconf 89' lang='lat' dir='ltr'><strong>ac</strong></span> <span class='ocrx_word' id='word_1_109' title='bbox 1140 2178 1264 2244; x_wconf 90' lang='lat' dir='ltr'><strong>liberos</strong></span> <span class='ocrx_word' id='word_1_110' title='bbox 1280 2203 1359 2243; x_wconf 89' lang='lat' dir='ltr'><strong>suos</strong></span> <span class='ocrx_word' id='word_1_111' title='bbox 1380 2179 1506 2266; x_wconf 87' lang='lat' dir='ltr'><strong>Vespa·</strong></span> 
     </span>
     <span class='ocr_line' id='line_1_14' title="bbox 269 2284 1507 2376; baseline 0.001 -29"><span class='ocrx_word' id='word_1_112' title='bbox 269 2286 364 2350; x_wconf 85' lang='lat' dir='ltr'><strong>siano</strong></span> <span class='ocrx_word' id='word_1_113' title='bbox 377 2287 651 2374; x_wconf 77' lang='lat' dir='ltr'><strong>permisisset-</strong></span> <span class='ocrx_word' id='word_1_114' title='bbox 671 2287 732 2357; x_wconf 87' lang='grc' dir='ltr'>ΙΙΙ,</span> <span class='ocrx_word' id='word_1_115' title='bbox 751 2288 804 2365; x_wconf 72' lang='lat'><strong>64.</strong></span> <span class='ocrx_word' id='word_1_116' title='bbox 829 2291 876 2355; x_wconf 81' lang='lat' dir='ltr'><strong>At</strong></span> <span class='ocrx_word' id='word_1_117' title='bbox 896 2290 1061 2376; x_wconf 87' lang='lat' dir='ltr'><strong>primores</strong></span> <span class='ocrx_word' id='word_1_118' title='bbox 1080 2288 1227 2353; x_wconf 86' lang='lat' dir='ltr'><strong>civitatis</strong></span> <span class='ocrx_word' id='word_1_119' title='bbox 1244 2287 1397 2350; x_wconf 82' lang='lat' dir='ltr'><strong>Flavium</strong></span> <span class='ocrx_word' id='word_1_120' title='bbox 1412 2284 1507 2350; x_wconf 87' lang='lat' dir='ltr'><strong>Sabi-</strong></span> 
     </span>
     <span class='ocr_line' id='line_1_15' title="bbox 271 2394 1506 2481; baseline -0.001 -23"><span class='ocrx_word' id='word_1_121' title='bbox 271 2415 351 2458; x_wconf 91' lang='lat' dir='ltr'><strong>num</strong></span> <span class='ocrx_word' id='word_1_122' title='bbox 374 2394 582 2481; x_wconf 78' lang='lat' dir='ltr'><strong>praetectum</strong></span> <span class='ocrx_word' id='word_1_123' title='bbox 603 2394 696 2460; x_wconf 94' lang='lat' dir='ltr'><strong>urbis</strong></span> <span class='ocrx_word' id='word_1_124' title='bbox 721 2398 860 2461; x_wconf 83' lang='lat' dir='ltr'><strong>secretis</strong></span> <span class='ocrx_word' id='word_1_125' title='bbox 883 2396 1096 2460; x_wconf 89' lang='lat' dir='ltr'><strong>sermonibus</strong></span> <span class='ocrx_word' id='word_1_126' title='bbox 1124 2394 1323 2473; x_wconf 85' lang='lat' dir='ltr'><strong>incitabant,</strong></span> <span class='ocrx_word' id='word_1_127' title='bbox 1345 2394 1506 2457; x_wconf 76' lang='lat' dir='ltr'><strong>victoriae</strong></span> 
     </span>
     <span class='ocr_line' id='line_1_16' title="bbox 270 2498 1507 2590; baseline -0.001 -26"><span class='ocrx_word' id='word_1_128' title='bbox 270 2498 446 2589; x_wconf 77' lang='lat' dir='ltr'><strong>famaeque</strong></span> <span class='ocrx_word' id='word_1_129' title='bbox 462 2511 592 2588; x_wconf 89' lang='lat' dir='ltr'><strong>partem</strong></span> <span class='ocrx_word' id='word_1_130' title='bbox 608 2510 861 2590; x_wconf 87' lang='lat' dir='ltr'><strong>capesseret...;</strong></span> <span class='ocrx_word' id='word_1_131' title='bbox 880 2526 922 2567; x_wconf 91' lang='lat' dir='ltr'><strong>ne</strong></span> <span class='ocrx_word' id='word_1_132' title='bbox 960 2504 1111 2567; x_wconf 85' lang='lat' dir='ltr'><strong>Antonio</strong></span> <span class='ocrx_word' id='word_1_133' title='bbox 1141 2503 1295 2589; x_wconf 83' lang='lat' dir='ltr'><strong>Varoque</strong></span> <span class='ocrx_word' id='word_1_134' title='bbox 1325 2500 1365 2565; x_wconf 91' lang='lat' dir='ltr'><strong>do</strong></span> <span class='ocrx_word' id='word_1_135' title='bbox 1398 2500 1507 2586; x_wconf 81' lang='lat' dir='ltr'><strong>gloria</strong></span> 
     </span>
     <span class='ocr_line' id='line_1_17' title="bbox 270 2606 1508 2698; baseline 0.001 -27"><span class='ocrx_word' id='word_1_136' title='bbox 270 2606 481 2673; x_wconf 88' lang='lat' dir='ltr'><strong>concederet.</strong></span> <span class='ocrx_word' id='word_1_137' title='bbox 498 2647 542 2658; x_wconf 90' lang='lat'><em>-</em></span> <span class='ocrx_word' id='word_1_138' title='bbox 558 2608 616 2689; x_wconf 75' lang='grc' dir='ltr'>ΙΙΙ,</span> <span class='ocrx_word' id='word_1_139' title='bbox 639 2634 666 2674; x_wconf 88' lang='lat'><strong>1.</strong></span> <span class='ocrx_word' id='word_1_140' title='bbox 686 2611 808 2698; x_wconf 82' lang='lat' dir='ltr'><strong>(Capta</strong></span> <span class='ocrx_word' id='word_1_141' title='bbox 827 2634 844 2674; x_wconf 90' lang='lat' dir='ltr'><strong>a</strong></span> <span class='ocrx_word' id='word_1_142' title='bbox 860 2610 1032 2675; x_wconf 83' lang='lat' dir='ltr'><strong>Flavianis</strong></span> <span class='ocrx_word' id='word_1_143' title='bbox 1050 2611 1169 2696; x_wconf 78' lang='lat' dir='ltr'><strong>ltoma)</strong></span> <span class='ocrx_word' id='word_1_144' title='bbox 1186 2607 1393 2697; x_wconf 82' lang='lat' dir='ltr'><strong>praetectum</strong></span> <span class='ocrx_word' id='word_1_145' title='bbox 1410 2630 1508 2695; x_wconf 87' lang='lat' dir='ltr'><strong>prac-</strong></span> 
     </span>
     <span class='ocr_line' id='line_1_18' title="bbox 270 2714 1507 2802; baseline -0.001 -24"><span class='ocrx_word' id='word_1_146' title='bbox 270 2714 348 2779; x_wconf 84' lang='lat' dir='ltr'><strong>torii</strong></span> <span class='ocrx_word' id='word_1_147' title='bbox 363 2736 466 2802; x_wconf 87' lang='lat' dir='ltr'><strong>penes</strong></span> <span class='ocrx_word' id='word_1_148' title='bbox 477 2716 617 2781; x_wconf 85' lang='lat' dir='ltr'><strong>Arrium</strong></span> <span class='ocrx_word' id='word_1_149' title='bbox 635 2715 773 2782; x_wconf 78' lang='lat' dir='ltr'><strong>Varum.</strong></span> <span class='ocrx_word' id='word_1_150' title='bbox 788 2755 832 2767; x_wconf 93' lang='lat'><em>-</em></span> <span class='ocrx_word' id='word_1_151' title='bbox 848 2716 904 2795; x_wconf 83' lang='lat' dir='ltr'><strong>IV,</strong></span> <span class='ocrx_word' id='word_1_152' title='bbox 928 2720 959 2794; x_wconf 72' lang='grc'><strong>4.</strong></span> <span class='ocrx_word' id='word_1_153' title='bbox 978 2717 1163 2783; x_wconf 87' lang='lat' dir='ltr'><strong>Adduntur</strong></span> <span class='ocrx_word' id='word_1_154' title='bbox 1176 2726 1211 2802; x_wconf 77' lang='lat' dir='ltr'><strong>(a</strong></span> <span class='ocrx_word' id='word_1_155' title='bbox 1222 2717 1398 2801; x_wconf 87' lang='lat' dir='ltr'><strong>senatu)...</strong></span> <span class='ocrx_word' id='word_1_156' title='bbox 1417 2714 1507 2780; x_wconf 81' lang='lat' dir='ltr'><strong>Cor—</strong></span> 
     </span>
     <span class='ocr_line' id='line_1_19' title="bbox 269 2820 1505 2912; baseline 0.001 -27"><span class='ocrx_word' id='word_1_157' title='bbox 269 2820 358 2887; x_wconf 91' lang='lat' dir='ltr'><strong>nelio</strong></span> <span class='ocrx_word' id='word_1_158' title='bbox 374 2822 484 2888; x_wconf 90' lang='lat' dir='ltr'><strong>Fusco</strong></span> <span class='ocrx_word' id='word_1_159' title='bbox 497 2830 531 2888; x_wconf 88' lang='lat' dir='ltr'><strong>et</strong></span> <span class='ocrx_word' id='word_1_160' title='bbox 546 2824 648 2888; x_wconf 91' lang='lat' dir='ltr'><strong>Arrio</strong></span> <span class='ocrx_word' id='word_1_161' title='bbox 662 2823 750 2888; x_wconf 77' lang='lat' dir='ltr'><strong>Varo</strong></span> <span class='ocrx_word' id='word_1_162' title='bbox 771 2825 939 2912; x_wconf 89' lang='lat' dir='ltr'><strong>praetoria</strong></span> <span class='ocrx_word' id='word_1_163' title='bbox 967 2825 1125 2910; x_wconf 75' lang='lat' dir='ltr'><strong>insignia.</strong></span> <span class='ocrx_word' id='word_1_164' title='bbox 1147 2863 1190 2872; x_wconf 92' lang='lat'><em>-</em></span> <span class='ocrx_word' id='word_1_165' title='bbox 1213 2824 1269 2898; x_wconf 77' lang='lat' dir='ltr'><strong>lv,</strong></span> <span class='ocrx_word' id='word_1_166' title='bbox 1302 2847 1351 2888; x_wconf 86' lang='grc' dir='ltr'><strong>ιι.</strong></span> <span class='ocrx_word' id='word_1_167' title='bbox 1370 2823 1505 2886; x_wconf 88' lang='lat' dir='ltr'><strong>Mucia-</strong></span> 
     </span>
     <span class='ocr_line' id='line_1_20' title="bbox 270 2928 1506 3016; baseline -0.002 -23"><span class='ocrx_word' id='word_1_168' title='bbox 270 2951 334 2993; x_wconf 90' lang='lat' dir='ltr'><strong>nus</strong></span> <span class='ocrx_word' id='word_1_169' title='bbox 361 2929 480 2994; x_wconf 91' lang='lat' dir='ltr'><strong>urbem</strong></span> <span class='ocrx_word' id='word_1_170' title='bbox 509 2930 684 3016; x_wconf 78' lang='lat' dir='ltr'><strong>ingressus</strong></span> <span class='ocrx_word' id='word_1_171' title='bbox 709 2940 829 2997; x_wconf 89' lang='lat' dir='ltr'><strong>cuncta</strong></span> <span class='ocrx_word' id='word_1_172' title='bbox 863 2931 966 2996; x_wconf 89' lang='lat' dir='ltr'><strong>simul</strong></span> <span class='ocrx_word' id='word_1_173' title='bbox 993 2932 1028 2996; x_wconf 91' lang='lat' dir='ltr'><strong>in</strong></span> <span class='ocrx_word' id='word_1_174' title='bbox 1057 2954 1092 2996; x_wconf 89' lang='lat' dir='ltr'><strong>se</strong></span> <span class='ocrx_word' id='word_1_175' title='bbox 1119 2932 1232 3003; x_wconf 85' lang='lat' dir='ltr'><strong>traxit,</strong></span> <span class='ocrx_word' id='word_1_176' title='bbox 1265 2930 1370 2994; x_wconf 81' lang='lat' dir='ltr'><strong>tracta</strong></span> <span class='ocrx_word' id='word_1_177' title='bbox 1403 2928 1506 2991; x_wconf 91' lang='lat' dir='ltr'><strong>Primi</strong></span> 
     </span>
     <span class='ocr_line' id='line_1_21' title="bbox 270 3035 1507 3127; baseline -0.001 -27"><span class='ocrx_word' id='word_1_178' title='bbox 270 3036 412 3101; x_wconf 87' lang='lat' dir='ltr'><strong>Antonii</strong></span> <span class='ocrx_word' id='word_1_179' title='bbox 428 3036 457 3097; x_wconf 83' lang='lat' dir='ltr'>V</span> <span class='ocrx_word' id='word_1_180' title='bbox 458 3037 573 3126; x_wconf 86' lang='lat' dir='ltr'><strong>urique</strong></span> <span class='ocrx_word' id='word_1_181' title='bbox 603 3038 694 3102; x_wconf 89' lang='lat' dir='ltr'><strong>Arrii</strong></span> <span class='ocrx_word' id='word_1_182' title='bbox 714 3039 876 3127; x_wconf 86' lang='lat' dir='ltr'><strong>potentia,</strong></span> <span class='ocrx_word' id='word_1_183' title='bbox 895 3039 983 3104; x_wconf 87' lang='lat' dir='ltr'><strong>male</strong></span> <span class='ocrx_word' id='word_1_184' title='bbox 998 3037 1211 3104; x_wconf 86' lang='lat' dir='ltr'><strong>dissimulata</strong></span> <span class='ocrx_word' id='word_1_185' title='bbox 1227 3039 1260 3100; x_wconf 91' lang='lat' dir='ltr'><strong>in</strong></span> <span class='ocrx_word' id='word_1_186' title='bbox 1281 3060 1338 3101; x_wconf 92' lang='lat' dir='ltr'><strong>eos</strong></span> <span class='ocrx_word' id='word_1_187' title='bbox 1358 3035 1507 3101; x_wconf 85' lang='lat' dir='ltr'><strong>Muciani</strong></span> 
     </span>
     <span class='ocr_line' id='line_1_22' title="bbox 270 3142 1506 3233; baseline -0.001 -27"><span class='ocrx_word' id='word_1_188' title='bbox 270 3142 485 3210; x_wconf 84' lang='lat' dir='ltr'><strong>iracundia...</strong></span> <span class='ocrx_word' id='word_1_189' title='bbox 514 3183 557 3192; x_wconf 89' lang='lat'>—</span> <span class='ocrx_word' id='word_1_190' title='bbox 590 3144 647 3215; x_wconf 79' lang='lat' dir='ltr'><strong>lv.</strong></span> <span class='ocrx_word' id='word_1_191' title='bbox 680 3145 734 3231; x_wconf 86' lang='lat'><strong>39.</strong></span> <span class='ocrx_word' id='word_1_192' title='bbox 772 3145 979 3233; x_wconf 86' lang='lat' dir='ltr'><strong>Praecipuus</strong></span> <span class='ocrx_word' id='word_1_193' title='bbox 1013 3146 1171 3210; x_wconf 83' lang='lat' dir='ltr'><strong>Muciano</strong></span> <span class='ocrx_word' id='word_1_194' title='bbox 1202 3151 1312 3209; x_wconf 89' lang='lat' dir='ltr'><strong>metus</strong></span> <span class='ocrx_word' id='word_1_195' title='bbox 1340 3167 1357 3207; x_wconf 89' lang='lat' dir='ltr'><strong>e</strong></span> <span class='ocrx_word' id='word_1_196' title='bbox 1392 3143 1506 3206; x_wconf 91' lang='lat' dir='ltr'><strong>Primo</strong></span> 
     </span>
     <span class='ocr_line' id='line_1_23' title="bbox 270 3249 1506 3341; baseline 0.001 -28"><span class='ocrx_word' id='word_1_197' title='bbox 270 3250 422 3315; x_wconf 84' lang='lat' dir='ltr'><strong>Antonio</strong></span> <span class='ocrx_word' id='word_1_198' title='bbox 436 3250 592 3339; x_wconf 88' lang='lat' dir='ltr'><strong>Varoque</strong></span> <span class='ocrx_word' id='word_1_199' title='bbox 622 3252 736 3322; x_wconf 86' lang='lat' dir='ltr'><strong>Arrio.</strong></span> <span class='ocrx_word' id='word_1_200' title='bbox 763 3277 850 3341; x_wconf 91' lang='lat' dir='ltr'><strong>quos</strong></span> <span class='ocrx_word' id='word_1_201' title='bbox 872 3262 1025 3319; x_wconf 90' lang='lat' dir='ltr'><strong>recentes</strong></span> <span class='ocrx_word' id='word_1_202' title='bbox 1040 3253 1217 3341; x_wconf 86' lang='lat' dir='ltr'><strong>clarosque</strong></span> <span class='ocrx_word' id='word_1_203' title='bbox 1233 3274 1344 3316; x_wconf 91' lang='lat' dir='ltr'><strong>rerum</strong></span> <span class='ocrx_word' id='word_1_204' title='bbox 1360 3249 1449 3314; x_wconf 87' lang='lat' dir='ltr'><strong>sama</strong></span> <span class='ocrx_word' id='word_1_205' title='bbox 1469 3273 1506 3314; x_wconf 87' lang='lat' dir='ltr'><strong>ac</strong></span> 
     </span>
     <span class='ocr_line' id='line_1_24' title="bbox 270 3356 1504 3449; baseline 0 -29"><span class='ocrx_word' id='word_1_206' title='bbox 270 3356 416 3423; x_wconf 89' lang='lat' dir='ltr'><strong>militum</strong></span> <span class='ocrx_word' id='word_1_207' title='bbox 444 3357 566 3422; x_wconf 87' lang='lat' dir='ltr'><strong>studiis</strong></span> <span class='ocrx_word' id='word_1_208' title='bbox 594 3359 696 3424; x_wconf 87' lang='lat' dir='ltr'><strong>etiam</strong></span> <span class='ocrx_word' id='word_1_209' title='bbox 720 3359 867 3447; x_wconf 90' lang='lat' dir='ltr'><strong>populus</strong></span> <span class='ocrx_word' id='word_1_210' title='bbox 901 3360 1049 3432; x_wconf 82' lang='lat' dir='ltr'><strong>fovebat,</strong></span> <span class='ocrx_word' id='word_1_211' title='bbox 1072 3360 1150 3449; x_wconf 91' lang='lat' dir='ltr'><strong>quia</strong></span> <span class='ocrx_word' id='word_1_212' title='bbox 1174 3360 1208 3423; x_wconf 94' lang='lat' dir='ltr'><strong>in</strong></span> <span class='ocrx_word' id='word_1_213' title='bbox 1225 3359 1393 3422; x_wconf 85' lang='lat' dir='ltr'><strong>neminem</strong></span> <span class='ocrx_word' id='word_1_214' title='bbox 1417 3357 1504 3421; x_wconf 87' lang='lat' dir='ltr'><strong>ultra</strong></span> 
     </span>
     <span class='ocr_line' id='line_1_25' title="bbox 269 3464 1506 3554; baseline -0.001 -26"><span class='ocrx_word' id='word_1_215' title='bbox 269 3464 375 3529; x_wconf 86' lang='lat' dir='ltr'><strong>aciem</strong></span> <span class='ocrx_word' id='word_1_216' title='bbox 401 3465 632 3531; x_wconf 87' lang='lat' dir='ltr'><strong>saevierant...</strong></span> <span class='ocrx_word' id='word_1_217' title='bbox 661 3465 773 3531; x_wconf 83' lang='lat' dir='ltr'><strong>Tertia</strong></span> <span class='ocrx_word' id='word_1_218' title='bbox 807 3465 909 3554; x_wconf 86' lang='lat' dir='ltr'><strong>legio,</strong></span> <span class='ocrx_word' id='word_1_219' title='bbox 932 3466 1107 3531; x_wconf 84' lang='lat' dir='ltr'><strong>familiaris</strong></span> <span class='ocrx_word' id='word_1_220' title='bbox 1123 3467 1222 3531; x_wconf 88' lang='lat' dir='ltr'><strong>Arrio</strong></span> <span class='ocrx_word' id='word_1_221' title='bbox 1239 3466 1327 3529; x_wconf 75' lang='lat' dir='ltr'><strong>Varo</strong></span> <span class='ocrx_word' id='word_1_222' title='bbox 1343 3464 1454 3542; x_wconf 90' lang='lat' dir='ltr'><strong>mites,</strong></span> <span class='ocrx_word' id='word_1_223' title='bbox 1471 3464 1506 3527; x_wconf 90' lang='lat' dir='ltr'><strong>in</strong></span> 
     </span>
     <span class='ocr_line' id='line_1_26' title="bbox 270 3570 1503 3662; baseline -0.002 -26"><span class='ocrx_word' id='word_1_224' title='bbox 270 3571 402 3658; x_wconf 74' lang='lat' dir='ltr'><strong>Syriam</strong></span> <span class='ocrx_word' id='word_1_225' title='bbox 436 3572 589 3636; x_wconf 84' lang='lat' dir='ltr'><strong>remissa.</strong></span> <span class='ocrx_word' id='word_1_226' title='bbox 618 3611 662 3620; x_wconf 91' lang='lat'><em>-</em></span> <span class='ocrx_word' id='word_1_227' title='bbox 687 3572 744 3651; x_wconf 79' lang='lat' dir='ltr'><strong>lv,</strong></span> <span class='ocrx_word' id='word_1_228' title='bbox 775 3572 831 3637; x_wconf 91' lang='lat'><strong>68.</strong></span> <span class='ocrx_word' id='word_1_229' title='bbox 858 3574 1033 3662; x_wconf 87' lang='lat' dir='ltr'><strong>Suspectis</strong></span> <span class='ocrx_word' id='word_1_230' title='bbox 1051 3573 1251 3660; x_wconf 81' lang='lat' dir='ltr'><strong>(Muciano).</strong></span> <span class='ocrx_word' id='word_1_231' title='bbox 1270 3573 1318 3636; x_wconf 90' lang='lat' dir='ltr'><strong>uti</strong></span> <span class='ocrx_word' id='word_1_232' title='bbox 1343 3570 1503 3650; x_wconf 80' lang='lat' dir='ltr'><strong>diximus,</strong></span> 
     </span>
     <span class='ocr_line' id='line_1_27' title="bbox 271 3676 1507 3767; baseline -0.002 -26"><span class='ocrx_word' id='word_1_233' title='bbox 271 3676 384 3742; x_wconf 90' lang='lat' dir='ltr'><strong>Primo</strong></span> <span class='ocrx_word' id='word_1_234' title='bbox 405 3679 557 3743; x_wconf 86' lang='lat' dir='ltr'><strong>Antonio</strong></span> <span class='ocrx_word' id='word_1_235' title='bbox 587 3678 744 3767; x_wconf 80' lang='lat' dir='ltr'><strong>Varoque</strong></span> <span class='ocrx_word' id='word_1_236' title='bbox 770 3680 883 3746; x_wconf 86' lang='lat' dir='ltr'><strong>Arrio.</strong></span> <span class='ocrx_word' id='word_1_237' title='bbox 913 3681 1023 3745; x_wconf 89' lang='lat' dir='ltr'><strong>Varus</strong></span> <span class='ocrx_word' id='word_1_238' title='bbox 1054 3678 1507 3767; x_wconf 84' lang='lat' dir='ltr'><strong>praetorianispraepositus</strong></span> 
     </span>
     <span class='ocr_line' id='line_1_28' title="bbox 268 3784 1507 3875; baseline 0 -28"><span class='ocrx_word' id='word_1_239' title='bbox 268 3785 559 3872; x_wconf 78' lang='lat' dir='ltr'><strong>vimatquearma</strong></span> <span class='ocrx_word' id='word_1_240' title='bbox 575 3784 753 3852; x_wconf 88' lang='lat' dir='ltr'><strong>retinebat.</strong></span> <span class='ocrx_word' id='word_1_241' title='bbox 777 3787 864 3851; x_wconf 88' lang='lat' dir='ltr'><strong>Eum</strong></span> <span class='ocrx_word' id='word_1_242' title='bbox 885 3787 1064 3852; x_wconf 85' lang='lat' dir='ltr'><strong>Mucianus</strong></span> <span class='ocrx_word' id='word_1_243' title='bbox 1093 3786 1229 3875; x_wconf 92' lang='lat' dir='ltr'><strong>pulsum</strong></span> <span class='ocrx_word' id='word_1_244' title='bbox 1259 3785 1375 3851; x_wconf 87' lang='lat' dir='ltr'><strong>loco...</strong></span> <span class='ocrx_word' id='word_1_245' title='bbox 1402 3806 1507 3848; x_wconf 86' lang='lat' dir='ltr'><strong>anno·</strong></span> 
     </span>
     <span class='ocr_line' id='line_1_29' title="bbox 270 3890 1505 3982; baseline -0.001 -26"><span class='ocrx_word' id='word_1_246' title='bbox 270 3915 331 3957; x_wconf 87' lang='lat' dir='ltr'><strong>nae</strong></span> <span class='ocrx_word' id='word_1_247' title='bbox 346 3891 524 3980; x_wconf 85' lang='lat' dir='ltr'><strong>praefecit:</strong></span> <span class='ocrx_word' id='word_1_248' title='bbox 542 3900 646 3982; x_wconf 89' lang='lat' dir='ltr'><strong>utque</strong></span> <span class='ocrx_word' id='word_1_249' title='bbox 661 3894 846 3958; x_wconf 81' lang='lat' dir='ltr'><strong>Domitiani</strong></span> <span class='ocrx_word' id='word_1_250' title='bbox 870 3895 1020 3959; x_wconf 88' lang='lat' dir='ltr'><strong>animum</strong></span> <span class='ocrx_word' id='word_1_251' title='bbox 1038 3895 1125 3959; x_wconf 83' lang='lat' dir='ltr'><strong>Varo</strong></span> <span class='ocrx_word' id='word_1_252' title='bbox 1143 3892 1231 3957; x_wconf 88' lang='lat' dir='ltr'><strong>haud</strong></span> <span class='ocrx_word' id='word_1_253' title='bbox 1247 3891 1393 3957; x_wconf 87' lang='lat' dir='ltr'><strong>alienum</strong></span> <span class='ocrx_word' id='word_1_254' title='bbox 1414 3890 1505 3955; x_wconf 86' lang='lat' dir='ltr'><strong>dele-</strong></span> 
     </span>
     <span class='ocr_line' id='line_1_30' title="bbox 271 3999 427 4066; baseline 0.006 -4"><span class='ocrx_word' id='word_1_255' title='bbox 271 3999 427 4066; x_wconf 89' lang='lat' dir='ltr'><strong>niret...¹.</strong></span> 
     </span>
    </p>
   </div>
   <div class='ocr_carea' id='block_1_3' title="bbox 221 4104 1507 4729">
    <p class='ocr_par' dir='ltr' id='par_1_3' title="bbox 221 4104 1006 4197">
     <span class='ocr_line' id='line_1_31' title="bbox 221 4104 1006 4197; baseline 0.003 -28"><span class='ocrx_word' id='word_1_256' title='bbox 221 4104 459 4184; x_wconf 80' lang='lat' dir='ltr'><strong>ABRVNTIL</strong></span> <span class='ocrx_word' id='word_1_257' title='bbox 479 4128 513 4171; x_wconf 87' lang='lat' dir='ltr'><strong>v.</strong></span> <span class='ocrx_word' id='word_1_258' title='bbox 530 4105 566 4171; x_wconf 91' lang='lat' dir='ltr'><strong>L.</strong></span> <span class='ocrx_word' id='word_1_259' title='bbox 588 4106 824 4172; x_wconf 77' lang='lat' dir='ltr'><strong>ABRVNTIV</strong></span> <span class='ocrx_word' id='word_1_260' title='bbox 827 4110 850 4174; x_wconf 88' lang='lat' dir='ltr'>S</span> <span class='ocrx_word' id='word_1_261' title='bbox 867 4111 937 4195; x_wconf 74' lang='lat' dir='ltr'><strong>(rr,</strong></span> <span class='ocrx_word' id='word_1_262' title='bbox 961 4133 979 4197; x_wconf 89' lang='lat'><strong>7</strong></span> <span class='ocrx_word' id='word_1_263' title='bbox 985 4127 1006 4195; x_wconf 60' lang='lat' dir='ltr'><strong>j.</strong></span> 
     </span>
    </p>

    <p class='ocr_par' dir='ltr' id='par_1_4' title="bbox 224 4209 1507 4729">
     <span class='ocr_line' id='line_1_32' title="bbox 224 4209 1507 4300; baseline 0.002 -26"><span class='ocrx_word' id='word_1_264' title='bbox 224 4209 266 4277; x_wconf 92' lang='lat' dir='ltr'><strong>L.</strong></span> <span class='ocrx_word' id='word_1_265' title='bbox 275 4211 549 4289; x_wconf 81' lang='lat' dir='ltr'><strong>ARRVNTIVS,</strong></span> <span class='ocrx_word' id='word_1_266' title='bbox 558 4211 821 4279; x_wconf 80' lang='lat' dir='ltr'><strong>ARRVNTIVS</strong></span> <span class='ocrx_word' id='word_1_267' title='bbox 830 4214 854 4286; x_wconf 69' lang='lat'><strong>⁸²,</strong></span> <span class='ocrx_word' id='word_1_268' title='bbox 866 4215 1101 4279; x_wconf 73' lang='lat' dir='ltr'><strong>Altltt&#39;NTll.</strong></span> <span class='ocrx_word' id='word_1_269' title='bbox 1117 4253 1154 4263; x_wconf 92' lang='lat'>—</span> <span class='ocrx_word' id='word_1_270' title='bbox 1166 4239 1174 4276; x_wconf 90' lang='grc' dir='ltr'>ι</span> <span class='ocrx_word' id='word_1_271' title='bbox 1185 4267 1192 4288; x_wconf 91' lang='grc'>,</span> <span class='ocrx_word' id='word_1_272' title='bbox 1203 4215 1234 4280; x_wconf 88' lang='lat'><strong>8.</strong></span> <span class='ocrx_word' id='word_1_273' title='bbox 1245 4213 1273 4274; x_wconf 80' lang='lat' dir='ltr'>V</span> <span class='ocrx_word' id='word_1_274' title='bbox 1276 4221 1290 4278; x_wconf 90' lang='lat' dir='ltr'><strong>t</strong></span> <span class='ocrx_word' id='word_1_275' title='bbox 1300 4212 1413 4300; x_wconf 84' lang='lat' dir='ltr'><strong>logum</strong></span> <span class='ocrx_word' id='word_1_276' title='bbox 1423 4213 1507 4277; x_wconf 88' lang='lat' dir='ltr'><strong>lata·</strong></span> 
     </span>
     <span class='ocr_line' id='line_1_33' title="bbox 271 4317 1506 4410; baseline 0 -27"><span class='ocrx_word' id='word_1_277' title='bbox 271 4341 345 4383; x_wconf 89' lang='lat' dir='ltr'><strong>rum</strong></span> <span class='ocrx_word' id='word_1_278' title='bbox 356 4317 460 4396; x_wconf 84' lang='lat' dir='ltr'><strong>tituli,</strong></span> <span class='ocrx_word' id='word_1_279' title='bbox 476 4320 643 4385; x_wconf 87' lang='lat' dir='ltr'><strong>victarum</strong></span> <span class='ocrx_word' id='word_1_280' title='bbox 652 4320 891 4408; x_wconf 79' lang='lat' dir='ltr'><strong>ab(Augusto)</strong></span> <span class='ocrx_word' id='word_1_281' title='bbox 899 4322 1051 4409; x_wconf 87' lang='lat' dir='ltr'><strong>gentium</strong></span> <span class='ocrx_word' id='word_1_282' title='bbox 1061 4321 1226 4386; x_wconf 83' lang='lat' dir='ltr'><strong>vocabula</strong></span> <span class='ocrx_word' id='word_1_283' title='bbox 1236 4322 1283 4410; x_wconf 92' lang='lat' dir='ltr'><strong>(in</strong></span> <span class='ocrx_word' id='word_1_284' title='bbox 1295 4321 1410 4385; x_wconf 84' lang='lat' dir='ltr'><strong>funere</strong></span> <span class='ocrx_word' id='word_1_285' title='bbox 1420 4321 1506 4407; x_wconf 78' lang='lat' dir='ltr'><strong>eius)</strong></span> 
     </span>
     <span class='ocr_line' id='line_1_34' title="bbox 272 4425 1507 4516; baseline 0.001 -26"><span class='ocrx_word' id='word_1_286' title='bbox 272 4425 531 4504; x_wconf 82' lang='lat' dir='ltr'><strong>anteferrentur,</strong></span> <span class='ocrx_word' id='word_1_287' title='bbox 548 4425 584 4490; x_wconf 93' lang='lat' dir='ltr'><strong>L.</strong></span> <span class='ocrx_word' id='word_1_288' title='bbox 604 4428 789 4492; x_wconf 79' lang='lat' dir='ltr'><strong>Arruntius</strong></span> <span class='ocrx_word' id='word_1_289' title='bbox 801 4429 978 4516; x_wconf 87' lang='lat' dir='ltr'><strong>(censuit).</strong></span> <span class='ocrx_word' id='word_1_290' title='bbox 992 4466 1029 4477; x_wconf 91' lang='lat'><em>-</em></span> <span class='ocrx_word' id='word_1_291' title='bbox 1046 4454 1073 4509; x_wconf 85' lang='lat' dir='ltr'><strong>r,</strong></span> <span class='ocrx_word' id='word_1_292' title='bbox 1096 4430 1145 4499; x_wconf 77' lang='lat'><strong>13.</strong></span> <span class='ocrx_word' id='word_1_293' title='bbox 1168 4429 1204 4494; x_wconf 90' lang='lat' dir='ltr'><strong>L.</strong></span> <span class='ocrx_word' id='word_1_294' title='bbox 1217 4430 1402 4493; x_wconf 74' lang='lat' dir='ltr'><strong>Arruntius</strong></span> <span class='ocrx_word' id='word_1_295' title='bbox 1416 4426 1507 4492; x_wconf 90' lang='lat' dir='ltr'><strong>haud</strong></span> 
     </span>
     <span class='ocr_line' id='line_1_35' title="bbox 273 4531 1506 4623; baseline 0.002 -28"><span class='ocrx_word' id='word_1_296' title='bbox 273 4532 417 4597; x_wconf 88' lang='lat' dir='ltr'><strong>multum</strong></span> <span class='ocrx_word' id='word_1_297' title='bbox 436 4531 633 4620; x_wconf 85' lang='lat' dir='ltr'><strong>discrepans</strong></span> <span class='ocrx_word' id='word_1_298' title='bbox 653 4557 671 4598; x_wconf 89' lang='lat' dir='ltr'><strong>a</strong></span> <span class='ocrx_word' id='word_1_299' title='bbox 688 4533 778 4599; x_wconf 85' lang='lat' dir='ltr'><strong>Galli</strong></span> <span class='ocrx_word' id='word_1_300' title='bbox 799 4536 952 4600; x_wconf 86' lang='lat' dir='ltr'><strong>oratione</strong></span> <span class='ocrx_word' id='word_1_301' title='bbox 968 4536 1108 4622; x_wconf 84' lang='lat' dir='ltr'><strong>perinde</strong></span> <span class='ocrx_word' id='word_1_302' title='bbox 1128 4534 1279 4608; x_wconf 78' lang='lat' dir='ltr'><strong>attendit.</strong></span> <span class='ocrx_word' id='word_1_303' title='bbox 1300 4557 1506 4623; x_wconf 86' lang='lat' dir='ltr'><strong>quamquam</strong></span> 
     </span>
     <span class='ocr_line' id='line_1_36' title="bbox 272 4636 1507 4729; baseline 0.004 -27"><span class='ocrx_word' id='word_1_304' title='bbox 272 4636 404 4704; x_wconf 82' lang='lat' dir='ltr'><strong>Tiberio</strong></span> <span class='ocrx_word' id='word_1_305' title='bbox 429 4638 522 4705; x_wconf 90' lang='lat' dir='ltr'><strong>nulla</strong></span> <span class='ocrx_word' id='word_1_306' title='bbox 537 4647 636 4705; x_wconf 87' lang='lat' dir='ltr'><strong>vetus</strong></span> <span class='ocrx_word' id='word_1_307' title='bbox 662 4640 697 4704; x_wconf 92' lang='lat' dir='ltr'><strong>in</strong></span> <span class='ocrx_word' id='word_1_308' title='bbox 713 4641 915 4707; x_wconf 86' lang='lat' dir='ltr'><strong>Arruntium</strong></span> <span class='ocrx_word' id='word_1_309' title='bbox 941 4643 1030 4708; x_wconf 89' lang='lat' dir='ltr'><strong>ira...</strong></span> <span class='ocrx_word' id='word_1_310' title='bbox 1054 4645 1232 4726; x_wconf 75' lang='lat' dir='ltr'><strong>Augustus</strong></span> <span class='ocrx_word' id='word_1_311' title='bbox 1254 4644 1421 4729; x_wconf 84' lang='lat' dir='ltr'><strong>supremis</strong></span> <span class='ocrx_word' id='word_1_312' title='bbox 1440 4666 1507 4706; x_wconf 88' lang='lat' dir='ltr'><strong>ser·</strong></span> 
     </span>
    </p>
   </div>
   <div class='ocr_carea' id='block_1_4' title="bbox 262 4872 975 5019">
    <p class='ocr_par' dir='ltr' id='par_1_5' title="bbox 262 4872 975 5019">
     <span class='ocr_line' id='line_1_37' title="bbox 262 4872 975 4945; baseline 0.02 -28"><span class='ocrx_word' id='word_1_313' title='bbox 262 4872 270 4906; x_wconf 77' lang='lat'>¹</span> <span class='ocrx_word' id='word_1_314' title='bbox 288 4873 320 4920; x_wconf 66' lang='grc' dir='ltr'><strong>Υ.</strong></span> <span class='ocrx_word' id='word_1_315' title='bbox 337 4876 421 4924; x_wconf 77' lang='lat' dir='ltr'><strong>etism</strong></span> <span class='ocrx_word' id='word_1_316' title='bbox 434 4875 483 4935; x_wconf 93' lang='grc' dir='ltr'>ΙΙΙ,</span> <span class='ocrx_word' id='word_1_317' title='bbox 499 4877 540 4934; x_wconf 78' lang='lat'><strong>26,</strong></span> <span class='ocrx_word' id='word_1_318' title='bbox 554 4879 592 4931; x_wconf 82' lang='lat'><strong>50.</strong></span> <span class='ocrx_word' id='word_1_319' title='bbox 611 4880 650 4936; x_wconf 77' lang='lat'><strong>51,</strong></span> <span class='ocrx_word' id='word_1_320' title='bbox 669 4882 707 4944; x_wconf 79' lang='lat'><strong>⁵9·</strong></span> <span class='ocrx_word' id='word_1_321' title='bbox 723 4882 762 4934; x_wconf 78' lang='lat' dir='ltr'><strong>oo,</strong></span> <span class='ocrx_word' id='word_1_322' title='bbox 780 4882 820 4944; x_wconf 75' lang='lat'><strong>78,</strong></span> <span class='ocrx_word' id='word_1_323' title='bbox 835 4882 937 4945; x_wconf 73' lang='lat' dir='ltr'><strong>8631v.</strong></span> <span class='ocrx_word' id='word_1_324' title='bbox 955 4898 975 4931; x_wconf 84' lang='lat' dir='ltr'><strong>r.</strong></span> 
     </span>
     <span class='ocr_line' id='line_1_38' title="bbox 263 4951 477 5019; baseline 0.028 -18"><span class='ocrx_word' id='word_1_325' title='bbox 263 4951 273 4985; x_wconf 77' lang='lat'>²</span> <span class='ocrx_word' id='word_1_326' title='bbox 286 4953 407 5012; x_wconf 77' lang='lat' dir='ltr'><strong>Pnosor..</strong></span> <span class='ocrx_word' id='word_1_327' title='bbox 419 4971 477 5019; x_wconf 65' lang='lat'><strong>9²9.</strong></span> 
     </span>
    </p>
   </div>
   <div class='ocr_carea' id='block_1_5' title="bbox 0 0 1860 6229">
    <p class='ocr_par' dir='ltr' id='par_1_6' title="bbox 0 0 1860 6229">
     <span class='ocr_line' id='line_1_39' title="bbox 0 0 1860 6229; baseline 0 0"><span class='ocrx_word' id='word_1_328' title='bbox 0 0 1860 6229; x_wconf 95' lang='lat' dir='ltr'><strong> </strong></span> 
     </span>
    </p>
   </div>
  </div>
 </body>
</html>
