3709 6234
284 836 334 890 30¹1
854 841 999 893 astatur:

330 979 362 1042 in
402 978 531 1042 (ἰειΙΙίιι1
561 979 673 1044 vivere
706 988 784 1045 ante
818 981 944 1046 tributa
972 980 1148 1067 genitos„
1185 1003 1213 1042 a.
1243 1017 1284 1028 -
1309 977 1367 1050 lV,
1412 979 1464 1042 18.
1510 977 1566 1044 Sic

330 1085 363 1149 in
379 1084 508 1150 Gallias
524 1087 788 1175 Germaniasque
804 1089 968 1165 intentus,
985 1087 1014 1151 si
1030 1087 1198 1152 destinata
1228 1085 1477 1174 provenissent,
1513 1109 1570 1151 va-

329 1192 568 1257 lidissimarum
590 1193 900 1282 ditissimarumque
940 1195 1114 1259 nationum
1144 1216 1249 1282 regno
1289 1191 1501 1258 imminebat.
1526 1231 1569 1244 --

330 1299 385 1376 lV,
406 1303 458 1378 24.
476 1301 723 1386 (llordeonius)
743 1300 925 1368 Flaccus...
957 1302 1069 1366 missis
1095 1325 1155 1389 per
1183 1299 1324 1377 Gallias,
1355 1300 1413 1387 qui
1442 1299 1569 1364 auxilia

328 1407 585 1474 concirent...-
605 1408 661 1480 lV,
682 1408 734 1473 25.
752 1409 965 1474 Hordeonius
979 1407 1190 1496 exemplares
1202 1407 1352 1473 omnium
1364 1407 1567 1484 litterarum,

328 1514 452 1603 quibus
470 1539 529 1603 per
544 1514 674 1580 Gallias
693 1516 971 1604 Britanniamque
994 1524 1027 1580 et
1061 1515 1243 1603 Hispanias
1277 1514 1401 1580 auxilia
1431 1513 1565 1590 orabat,

327 1622 488 1687 exercitui
504 1622 698 1688 recitavit...
726 1657 764 1670 ·—
780 1622 837 1692 lV.
859 1622 911 1689 26.
948 1623 1115 1689 llilectum
1146 1621 1338 1710 tributaque
1363 1620 1495 1687 Galliae
1516 1645 1569 1686 as-

330 1737 521 1815 pernantes,
540 1769 582 1777 -
603 1730 660 1796 lV.
686 1731 737 1794 28.
776 1730 924 1817 (Civilis)
963 1730 1064 1796 aliam
1099 1753 1236 1794 manum
1269 1729 1400 1794 Mosam
1432 1752 1568 1794 amnem

327 1836 470 1900 transire
487 1835 591 1910 iubet,
610 1844 647 1901 ut
673 1836 849 1924 Menapios
883 1846 917 1903 et
947 1838 1098 1902 Morinos
1124 1844 1158 1901 et
1194 1844 1344 1902 extrema
1378 1834 1567 1902 Galliarum

328 1950 492 2030 quateret..
512 1983 554 1991 —
571 1943 627 2020 lV,
652 1944 704 2010 31.
721 1944 891 2009 Auxiliae
916 1943 1039 2022 Gallia,
1056 1945 1132 2032 quis
1148 1967 1208 2009 nec
1224 1967 1319 2009 amor
1329 1966 1438 2030 neque
1451 1943 1567 2009 odium

328 2050 361 2113 in
378 2058 516 2137 partes..
540 2052 677 2130 ,statim
700 2077 719 2115 a
749 2051 885 2117 Vitellio
917 2052 1125 2117 desciscunt.
1143 2089 1187 2102 —
1212 2051 1270 2130 IV,
1294 2051 1347 2117 32.
1382 2050 1566 2139 (Loquitur

328 2156 460 2243 Civilis)
498 2187 513 2216 a
545 2158 594 2222 En
620 2181 682 2244 ego
712 2159 903 2246 praefectus
939 2160 1039 2224 unius
1072 2158 1221 2223 cohortis
1253 2165 1286 2223 et
1325 2156 1567 2222 Canninefates

329 2264 526 2353 Batavique,
540 2265 662 2351 exigua
673 2265 859 2330 Galliarum
872 2266 1008 2354 portio..
1032 2295 1046 2324 a
1059 2304 1095 2314 —
1109 2265 1168 2340 lV,
1182 2264 1235 2352 37.
1250 2264 1474 2330 Centuriones
1489 2287 1566 2329 cum

326 2371 533 2460 epistulisad
553 2372 708 2436 civitates
733 2371 920 2437 Galliarum
952 2373 1072 2438 misere
1111 2371 1221 2457 (llillii
1252 2371 1398 2436 Voculae
1422 2369 1563 2458 milites)

327 2480 451 2544 :auxilia
486 2504 523 2544 ac
561 2479 729 2568 stipendia
750 2490 916 2546 oraturos.
935 2519 975 2530 —
995 2481 1123 2569 lV,49.
1150 2479 1296 2558 Quidam
1326 2503 1343 2544 e
1373 2477 1565 2544 Vitellianis

326 2586 408 2651 urbe
431 2587 562 2675 prologi
591 2588 809 2653 ostentabant
839 2588 954 2653 Pisoni
983 2586 1195 2676 (proconsuli
1222 2586 1371 2672 Africae)
1404 2593 1565 2651 nutantes

326 2693 466 2768 Gallias,
489 2703 640 2783 paratam
656 2696 913 2762 Germaniam...
930 2694 1109 2782 (llumdcm
1123 2693 1406 2759 monettllaudius
1416 2692 1563 2780 Sagitta)

324 2800 390 2864 duo
412 2801 532 2866 itinera
545 2802 703 2882 audendi,
721 2826 781 2868 seu
801 2854 837 2881 ..‚
856 2826 915 2868 seu
936 2803 1041 2890 petita
1058 2801 1201 2868 navibus
1238 2799 1349 2866 Gallia
1383 2800 1504 2866 ducem
1528 2823 1563 2864 sc

326 2907 515 2973 Vitellianis
531 2909 735 2975 exercitibus
750 2910 955 2976 ostenderet.
979 2948 1022 2958 -
1038 2909 1095 2983 lV,
1113 2911 1167 2987 54.
1185 2908 1312 2974 Audita
1342 2907 1478 2973 interim
1505 2930 1565 2996 per

326 3013 454 3078 Gallias
471 3015 737 3104 Germaniasque
751 3038 842 3080 mors
862 3014 990 3080 Vitellii
1007 3014 1239 3102 duplicaverat
1258 3012 1428 3078 bellum...
1453 3012 1563 3078 lnces-

325 3122 562 3187 serat...lama
576 3123 740 3209 primores
756 3122 943 3187 Galliarum
960 3121 1002 3187 ab
1017 3122 1149 3188 Othone
1186 3121 1351 3186 adversus
1389 3119 1562 3186 Vitellium

326 3229 459 3306 missos,
481 3237 661 3317 antequam
682 3229 949 3316 digrederentur,
968 3229 1150 3318 pepigisse,
1168 3252 1209 3293 ne
1228 3228 1385 3293 deessent
1400 3226 1560 3308 libertati,

327 3336 396 3403 si...
413 3377 455 3385 -
472 3336 529 3410 IV,
548 3338 601 3401 55.
623 3336 727 3401 lulius
748 3337 895 3402 Sabinus
912 3336 1110 3423 (terebat)...
1130 3336 1302 3424 proaviam
1336 3359 1433 3400 suam
1473 3335 1559 3400 lliro

326 3445 410 3508 lulio
424 3468 483 3532 per
498 3444 627 3509 (tallias
643 3443 782 3509 bellanti
799 3467 938 3532 corpore
959 3451 1059 3531 atque
1075 3442 1240 3508 adulterio
1255 3443 1465 3531 placuisse...
1483 3443 1561 3506 (Ier-

324 3553 419 3617 tatim
468 3551 678 3639 proclamant.
726 3552 833 3616 furere
863 3551 1040 3616 discordiis
1069 3549 1232 3639 populum
1256 3550 1503 3626 llomanum...,
1533 3550 1560 3613 si

325 3658 432 3747 Alpes
451 3659 631 3746 praesidiis
643 3658 830 3726 firmentur.
847 3658 968 3744 coalita
990 3657 1143 3723 libertate
1158 3657 1405 3745 disceptaturas
1417 3656 1558 3736 Gallias,

324 3790 423 3854 quem
439 3767 560 3830 virium
577 3790 713 3831 suarum
731 3767 911 3831 terminum
928 3765 1047 3831 velint.
1067 3803 1106 3813 -
1124 3764 1181 3836 lV,
1201 3764 1255 3829 526.
1271 3765 1318 3829 Ea
1350 3764 1447 3852 primi
1483 3787 1562 3828 con-

323 3872 388 3936 cilii
405 3874 511 3937 torma
524 3875 684 3961 missique
702 3897 759 3959 per
774 3872 903 3936 Gallias
918 3873 1106 3938 concitores
1121 3871 1214 3937 belli.
1231 3910 1275 3921 -
1291 3872 1350 3940 lV.
1369 3870 1423 3959 57.
1439 3870 1561 3937 Obtcs·

324 3987 415 4043 tante
432 3980 601 4046 Vocula...
621 3981 668 4044 sic
684 3979 765 4044 olim
781 3980 995 4044 Sacrovirum
1019 3988 1052 4044 et
1082 3979 1231 4048 Aeduos.
1255 4002 1362 4067 nuper
1384 3979 1559 4044 Vindicem

324 4085 519 4175 Galliasque
541 4088 684 4174 singulis
701 4087 836 4173 proeliis
858 4088 1058 4153 concidisse.
1078 4126 1118 4136 -
1137 4088 1193 4165 lV‚
1232 4090 1284 4151 58.
1320 4086 1560 4154 [Contionatur

326 4193 414 4281 apud
440 4194 563 4258 milites
591 4193 731 4278 Vocula}
758 4225 771 4250 a
800 4194 930 4259 Bellum
951 4218 1026 4260 cum
1043 4194 1170 4281 populo
1205 4195 1357 4258 llomano
1374 4194 1496 4259 vestris
1524 4219 1560 4260 se

326 4300 481 4364 manibus
496 4310 669 4386 gesturum
698 4300 870 4366 Classicus
899 4311 1011 4390 sperat
1050 4302 1295 4389 imperiumque
1317 4309 1350 4367 et
1369 4325 1560 4366 sacramen·

324 4418 394 4474 tum
416 4406 601 4472 (ialliarum
618 4415 778 4473 ostentat.
800 4448 842 4456 —
878 4408 1008 4497 lV.5q.
1042 4409 1208 4488 lurarere,
1231 4409 1288 4497 qui
1315 4409 1466 4481 aderant,
1497 4432 1558 4497 pro

323 4515 463 4603 imperio
479 4514 678 4580 (talliarum.
696 4555 738 4563 —
756 4515 812 4592 lV,
831 4514 885 4580 tio.
905 4515 1020 4604 Neque
1035 4525 1113 4581 ante
1128 4539 1244 4603 preces
1259 4516 1438 4593 admissae,
1455 4539 1558 4605 quam

322 4623 354 4685 in
372 4621 474 4687 verba
490 4621 677 4687 (talliarum
698 4623 858 4689 iurarent.
875 4661 919 4672 -
937 4624 994 4690 lV.
1008 4623 1061 4688 61.
1086 4623 1207 4709 (lulius
1223 4622 1355 4708 Civilis)
1385 4646 1494 4710 neque
1522 4647 1558 4688 se

324 4753 432 4817 neque
448 4753 650 4818 ‹prernquam
670 4731 833 4794 llatarum
848 4731 881 4795 in
912 4730 1012 4796 verba
1048 4729 1234 4795 (talliarum
1263 4731 1417 4818 adegit...
1456 4731 1557 4796 l'auci

309 4963 314 4995 ¹
335 4962 375 5012 Ιῑ
392 4963 494 5024 pullas
508 4977 540 5014 rs.
554 4962 595 5010 del
616 4979 622 5008 ι
645 4963 701 5023 nn).
719 4962 815 5010 tVurm
834 4977 838 5009 :
857 4961 964 5010 Galliis.
