3709 6234
662 502 811 554 nautum
1345 498 1378 554 8¹

146 643 355 731 praeclarum
371 644 520 708 animum
550 643 745 708 volentibus
760 643 934 707 Armeniis
954 642 1125 730 praefecit.
1150 643 1378 709 Ariobarzane

144 758 253 817 morte
270 750 407 817 fortuita
424 750 604 839 absumpto
626 751 765 838 stirpem
781 752 853 814 eius
865 749 955 815 haud
973 750 1172 816 toleravere.

100 857 517 934 AtttOvIsTVS.—1V‚
536 858 589 946 73.
609 857 846 943 (Contionatur
871 857 961 946 apud
981 857 1143 923 Treveros
1155 857 1298 923 Petilius
1318 859 1383 924 Ce-

145 965 253 1054 rialis)
272 988 278 1032 :
298 997 311 1022 ιι
332 964 400 1030 Nec
421 965 495 1030 ideo
515 965 669 1030 Rhenum
684 965 884 1045 insedimus,
909 972 946 1030 ut
962 964 1094 1030 Italiam
1123 973 1306 1044 tueremur,
1322 966 1382 1031 sed

146 1097 189 1139 ne
200 1074 277 1162 quis
297 1072 384 1138 alius
400 1072 593 1137 Ariovistus
608 1096 712 1159 regno
728 1072 915 1137 Galliarum
932 1080 1115 1159 poteretur.

100 1179 427 1246 atttSTOBVLvS¹
445 1218 476 1229 -
495 1180 545 1261 13,
561 1204 591 1267 7.
606 1179 737 1245 Nero...
751 1180 917 1244 minorem
933 1181 1131 1244 Armeniam
1142 1179 1381 1247 Aristobulo...

145 1311 224 1354 cum
244 1285 436 1374 insignibus
452 1287 553 1374 regiis
567 1286 717 1352 mandat.
736 1326 779 1335 -
802 1289 851 1368 ι4,
876 1286 928 1351 26.
949 1287 1023 1366 Quo
1037 1286 1171 1352 facilius
1187 1286 1382 1376 (Tigranes)

147 1419 274 1462 novum
299 1417 441 1482 regnum
467 1401 630 1464 tueretur.
662 1418 740 1483 pars
774 1395 969 1472 Armeniae,
1010 1403 1048 1460 ut
1071 1395 1192 1482 cuique
1227 1396 1382 1473 finitima,

150 1502 370 1569 Pharasmani
399 1500 642 1589 Polemonique
662 1509 694 1567 et
725 1501 923 1566 Aristobulo
949 1509 1049 1590 atque
1075 1502 1247 1567 Antiocho
1267 1524 1385 1589 parere

149 1611 261 1676 iussae
277 1616 369 1674 sunt.

102 1715 406 1783 AlllSTONlCVS
420 1716 440 1779 ².
453 1753 496 1763 —
512 1717 544 1793 4,
564 1714 618 1780 55.
635 1714 663 1776 V
667 1716 799 1781 ndecim
816 1715 917 1780 urbes
937 1716 1114 1781 certabant
1126 1719 1217 1800 (cum
1234 1716 1387 1803 ambige-

149 1832 243 1891 retur
262 1845 408 1912 quanam
442 1821 625 1888 incivitate
652 1823 754 1888 Asiae
783 1822 948 1911 templum
975 1823 1101 1888 Tiberii
1124 1825 1385 1913 statueretur)...

149 1931 267 2020 Neque
282 1929 427 1996 multum
441 1929 602 1996 distantia
618 1930 705 1995 inter
721 1954 755 1994 se
772 1930 1006 1996 memorabant
1027 1930 1068 1995 de
1093 1938 1262 1996 vetustate
1285 1954 1387 2018 gene-

146 2039 205 2115 ris,
236 2036 348 2104 studio
377 2037 410 2101 in
436 2036 598 2125 populum
620 2037 810 2101 Romanum
843 2061 903 2126 per
941 2036 1028 2102 bella
1064 2038 1170 2114 Persi,
1202 2038 1388 2103 Aristonici

150 2146 362 2233 aliorumque
378 2168 507 2231 regum.
525 2182 567 2194 -
588 2168 639 2220 ra,
653 2143 706 2210 62.
727 2145 879 2231 Byzantii
896 2144 1000 2233 (apud
1012 2152 1168 2210 senatum
1185 2144 1388 2234 disseruere)

209 2252 332 2317 missas
356 2251 388 2339 (a
409 2253 501 2338 se)...
520 2251 635 2340 copias
649 2252 683 2316 in
704 2251 927 2329 Antiochum,
951 2251 1089 2330 Persen,
1111 2252 1387 2318 Aristonicum...

107 2358 334 2425 ARMENIA.
352 2398 394 2407 -
418 2383 445 2430 r,
465 2360 496 2424 3.
509 2359 631 2423 Gaium
647 2360 842 2444 (Caesarem
859 2360 1031 2446 Agrippae
1046 2359 1169 2445 lilium)
1184 2367 1390 2425 remeantem

154 2466 314 2531 Armenia
336 2518 358 2531 ..
376 2490 509 2532 mors...
532 2465 686 2531 abstulit.
706 2504 746 2514 -
762 2490 791 2540 2,
811 2466 841 2531 3.
860 2465 1027 2550 Victotab
1043 2466 1235 2551 Artabano)
1255 2466 1389 2531 Vononi

154 2573 343 2663 perfugium
374 2573 535 2639 Armenia
575 2573 651 2650 fuit,
683 2597 787 2638 vacua
820 2581 898 2638 tunc
934 2574 1087 2662 interque
1120 2575 1319 2639 Parthorum
1355 2581 1389 2639 et

155 2681 326 2746 Romanas
347 2704 428 2768 opes
442 2680 588 2746 inlida...
606 2719 649 2729 —-
661 2705 690 2757 ι,
713 2682 742 2756 4.
760 2680 844 2743 Τιιιιι
862 2682 969 2745 (laius
991 2683 1116 2746 Caesar
1136 2681 1389 2769 componendae

155 2788 337 2854 Armeniae
379 2787 553 2876 deligitur.
597 2825 641 2837 -
667 2813 697 2867 2,
738 2789 791 2865 43.
828 2787 935 2875 lgitur
966 2788 1047 2853 haec
1074 2797 1107 2853 et
1145 2789 1186 2853 de
1212 2790 1387 2866 Armenia,

155 2920 240 2985 quae
278 2918 380 2984 supra
423 2895 619 2971 memoravi,
667 2895 756 2983 apud
783 2903 895 2983 patres
932 2896 1092 2962 disseruit
1130 2896 1325 2983 (Tiberius).
1348 2935 1391 2944 -

157 3029 188 3084 2,
206 3003 260 3092 57.
295 3002 402 3089 (Piso)
434 3003 547 3067 iussus
577 3004 611 3088 (a
646 3002 863 3089 Germanico)
881 3010 1010 3090 partem
1037 3003 1209 3090 legionum
1235 3005 1305 3091 ipse
1334 3012 1392 3068 aut

157 3136 215 3201 per
229 3113 335 3176 lilium
350 3111 382 3175 in
410 3110 607 3175 Armeniam
628 3110 750 3175 ducere
781 3118 961 3198 utrumque
990 3109 1199 3198 neglexerat.
1218 3150 1258 3160 —
1286 3111 1317 3189 3,
1334 3112 1389 3188 48.

154 3219 355 3308 (Sulpicius)
377 3217 562 3296 Quirinius.
586 3269 592 3281 .
620 3216 762 3284 datus...
781 3227 891 3283 rector
919 3218 1004 3282 Gaio
1030 3217 1166 3283 Caesari
1193 3218 1391 3282 Armeniam

155 3326 334 3393 obtinenti.
353 3362 394 3375 -
418 3324 452 3404 6,
467 3326 504 3389 3ι
542 3325 752 3411 (Artabanus
778 3348 836 3391 rex
853 3325 1068 3414 Parthorum)
1089 3326 1252 3391 invidus..
1274 3327 1392 3391 Arme·

157 3435 243 3511 niae,
261 3435 313 3500 cui
330 3432 489 3498 deluncto
505 3455 583 3521 rege
600 3433 740 3497 Artaxia
758 3434 909 3498 Arsacen
925 3433 1109 3499 liberorum
1129 3457 1268 3498 suorum
1283 3442 1393 3500 veter-

157 3543 281 3607 rimum
296 3541 497 3629 imposuit...
521 3578 563 3589 —
578 3539 610 3617 6,
626 3539 680 3604 32.
699 3539 893 3606 Tiberius...
915 3540 1193 3629 reciperandae...
1212 3543 1393 3607 Armeniae

159 3649 323 3714 Hiberum
346 3646 570 3713 Mithridaten
598 3646 729 3734 deligit.
749 3687 792 3696 —
825 3647 857 3718 6,
883 3647 936 3713 33.
970 3647 1085 3713 lliberi
1127 3649 1261 3735 magnis
1289 3650 1394 3736 copiis

161 3756 358 3821 Armeniam
375 3754 577 3840 inrumpunt
592 3760 625 3818 et
640 3753 722 3818 urbe
738 3755 904 3819 Artaxata
925 3755 1165 3841 potiuntur-
1185 3753 1217 3830 6,
1236 3753 1290 3819 36.
1309 3755 1394 3819 Τιιιιι

159 3863 284 3928 omissa
302 3860 463 3925 Armenia
474 3883 659 3949 versaeque
676 3859 842 3925 Artabani
858 3885 952 3926 res...
971 3901 1014 3909 —
1026 3860 1058 3941 6,
1077 3863 1130 3938 40.
1155 3861 1204 3925 Ne
1233 3862 1395 3948 Tigranes

161 3968 310 4060 quidem,
334 3967 494 4032 Armenia
516 3967 687 4056 quondam
705 3967 831 4055 potitus
863 3992 900 4033 ac
935 3977 1013 4034 tunc
1041 3992 1130 4045 reus,
1147 3969 1284 4034 nomine
1304 3969 1395 4053 regio

163 4076 326 4167 supplicia
342 4074 467 4140 civium
492 4074 620 4162 ellugit.
645 4113 689 4125 -
710 4099 759 4152 ir,
780 4101 827 4165 ¹9·
840 4075 933 4140 Tunc
946 4076 1118 4140 distractis
1139 4076 1287 4141 (trientis
1316 4076 1396 4141 viri-

162 4185 266 4252 bus...
291 4208 391 4249 casus
416 4181 605 4248 Mithridati
633 4182 733 4249 dutus
761 4191 813 4248 est
845 4182 1033 4270 occupandi
1060 4186 1300 4251 Armeniam...
1324 4186 1397 4250 ltex

164 4292 304 4358 minoris
341 4290 523 4356 Armeniae
558 4291 677 4377 Cotys.
701 4330 744 4339 —
783 4316 833 4370 ιι,
872 4315 921 4355 ιο.
970 4290 1173 4378 (Vardanes)
1209 4293 1397 4380 reciperare

156 4518 162 4555 ¹
176 4521 297 4580 Pamin,
311 4521 367 4577 864.

154 4601 260 4651 'Pilius
273 4601 401 4651 Eumenis
418 4599 454 4660 ll,
477 4599 598 4661 Pergami
616 4600 696 4660 regis.
714 4598 798 4645 trater
814 4597 899 4644 Attali
918 4596 965 4647 ΙΙΙ.

185 4728 263 4780 Uare.
281 4742 315 4777 mr
332 4727 419 4777 Lreu.
433 4751 462 4763 -
481 4725 576 4775 Fauii.
