3709 6234
371 851 424 906 368
969 852 1078 904 II'DAEI

417 993 623 1082 (Pallantis),
662 1001 887 1081 cognomento
926 992 1035 1076 Felix,
1066 992 1139 1079 pari
1164 991 1393 1058 moderatione
1427 992 1559 1080 agebat,
1587 993 1655 1058 iam

415 1100 545 1189 pridem
572 1101 713 1167 Iudaeae
737 1100 915 1189 impositus
936 1108 970 1165 et
992 1106 1113 1164 cuncta
1134 1097 1311 1164 malefacta
1331 1098 1395 1164 sibi
1410 1100 1546 1188 impune
1562 1107 1655 1165 ratus

416 1214 509 1273 tanta
536 1209 687 1295 potentia
714 1206 872 1274 subnixo.
893 1247 937 1256 —
970 1209 1019 1284 15,
1037 1208 1092 1284 Id.
1113 1205 1270 1271 Christus
1292 1205 1425 1272 Tiberio
1440 1207 1656 1295 imperitante

417 1338 475 1402 per
513 1323 765 1402 procuratorem
804 1313 964 1379 Pontium
1004 1313 1152 1379 Pilatum
1192 1312 1357 1401 supplicio
1389 1313 1544 1379 adlectus
1569 1321 1653 1394 erat,

417 1445 637 1511 repressaque
654 1423 687 1486 in
708 1445 868 1510 praesens
882 1421 1066 1487 exitiabilis
1081 1420 1277 1508 superstitio
1293 1444 1426 1484 rursum
1443 1420 1652 1510 erumpebat,

419 1552 486 1593 non
516 1528 615 1593 modo
649 1553 709 1616 per
739 1529 910 1607 ludaea122,
943 1530 1107 1616 originem
1135 1528 1207 1592 eius
1241 1527 1332 1604 mali,
1367 1528 1427 1592 sed
1459 1551 1519 1616 per
1539 1526 1655 1592 urbem

418 1637 560 1700 otiam...
588 1677 626 1687 -
652 1636 695 1714 ΙΙ,
727 1660 753 1700 r.
778 1636 875 1702 Titus
902 1636 1130 1724 Vespasianus
1156 1658 1173 1700 e
1206 1634 1328 1699 Iudaea
1356 1633 1518 1699 incolumi
1546 1635 1656 1700 adhuc

418 1742 525 1808 Galba
553 1744 678 1808 missus
712 1743 885 1830 (Itomam)
913 1766 932 1809 a
957 1751 1092 1831 patre...
1112 1742 1212 1818 -ΙΙ,
1234 1740 1265 1807 5.
1284 1741 1447 1830 (Licinius
1462 1741 1656 1828 Mucianus)

417 1849 547 1936 Syriae,
569 1850 828 1938 (Vespasianus)
853 1850 995 1916 Iudaeae
1018 1849 1242 1937 praepositus,
1259 1849 1380 1913 vicinis
1403 1850 1655 1936 provinciarum

416 1956 768 2022 administrationibus
804 1957 931 2023 invidia
969 1957 1183 2023 discordes..
1226 1996 1268 2005 —
1307 1956 1349 2037 II,
1390 1954 1422 2021 6.
1467 1955 1654 2045 Auditique

416 2064 551 2151 saepius
584 2064 616 2128 in
645 2064 744 2151 Syria
779 2062 968 2153 Iudaeaque
998 2064 1159 2130 Caesares
1182 2087 1284 2153 quam
1311 2063 1496 2150 inspecti...
1516 2064 1653 2151 Septem

415 2169 566 2256 legiones
581 2171 697 2236 statim
712 2169 882 2258 (partibus
898 2171 1112 2259 Vespasiani)
1131 2179 1163 2236 ct
1187 2194 1263 2235 eum
1298 2170 1492 2258 ingentibus
1519 2170 1655 2235 auxiliis

417 2276 514 2363 Syria
538 2277 739 2365 Iudaeaque.
758 2278 861 2354 -ΙΙ,
878 2278 931 2366 73.
949 2277 1013 2342 Vix
1028 2275 1189 2344 credibile
1206 2285 1392 2342 memoratu
1409 2285 1472 2358 est,
1487 2285 1653 2366 quantum

417 2384 593 2472 superbiae
609 2385 848 2473 socordiaeque
869 2384 1006 2450 Vitellio
1021 2384 1207 2450 adoleverit
1235 2393 1413 2474 postquam
1425 2384 1654 2473 speculatores

417 2514 434 2556 e
455 2492 554 2578 Syria
570 2492 759 2580 Iudaeaque
780 2491 937 2557 adactum
956 2493 990 2557 in
1010 2492 1113 2558 verba
1137 2493 1209 2558 eius
1238 2491 1409 2558 Orientem
1440 2493 1651 2559 nuntiavere.

417 2637 457 2648 -—
485 2599 528 2679 II,
555 2600 608 2686 70.
635 2597 760 2687 (Verba
781 2599 861 2665 lacit
878 2600 967 2688 apud
989 2600 1237 2689 Vespasianum
1257 2600 1449 2687 Mucianus)
1494 2598 1606 2663 «Tibi
1635 2622 1653 2663 e

419 2704 541 2771 Iudaea
558 2714 591 2771 et
611 2706 709 2793 Syria
725 2713 758 2771 et
778 2707 937 2794 Aegypto
955 2730 1076 2772 novem
1093 2706 1244 2795 legiones
1260 2707 1423 2794 integrae.
1444 2736 1459 2767 »
1477 2746 1516 2754 -
1535 2707 1577 2781 ΙΙ,
1597 2706 1650 2794 78.

417 2812 478 2878 Ilst
505 2813 662 2878 Iudaeam
700 2814 787 2878 inter
816 2814 1016 2903 Syriamque
1051 2812 1248 2894 Car1nelus;
1276 2814 1321 2879 ita
1352 2822 1473 2879 vocant
1502 2821 1652 2879 montem

416 2919 627 3007 deumque...
646 2919 745 2985 Haud
769 2919 871 2986 dubia
894 2921 1118 2987 destinatione
1133 2920 1317 2986 discessere
1336 2920 1515 2985 Mucianus
1531 2920 1655 2985 Antio·

417 3025 539 3104 chiam,
554 3026 784 3114 Vespasianus
805 3027 1101 3109 Caesaream;illa
1123 3025 1253 3114 Syriae,
1285 3027 1347 3092 hoc
1378 3027 1519 3092 Iudaeae
1552 3034 1653 3115 caput

384 3180 387 3185 -
417 3142 479 3199 est.
507 3175 547 3185 —
582 3133 625 3217 II,
661 3135 715 3199 82.
747 3135 860 3201 Titum
895 3136 1020 3200 instare
1051 3134 1204 3213 Iudaeae,
1226 3135 1471 3223 Vespasianum
1501 3134 1653 3201 obtinere

416 3242 563 3307 claustra
588 3243 738 3330 Aegypti
753 3242 896 3331 placuit;
914 3242 1068 3308 sutticere
1083 3242 1286 3308 videbantur
1301 3242 1462 3308 adversus
1476 3241 1652 3308 Vitellium

418 3374 494 3438 pars
510 3351 681 3437 copiarum
712 3358 744 3414 et
773 3350 841 3414 dux
862 3349 1052 3415 Mucianus
1071 3389 1114 3397 -
1135 3350 1192 3426 IV,
1222 3350 1253 3415 3.
1281 3350 1423 3438 Sumpta
1444 3374 1502 3438 per
1522 3349 1652 3415 Gallias

418 3456 666 3546 Hispaniasque
691 3458 802 3522 civilia
837 3481 940 3524 arma.
965 3511 986 3538 .,
1023 3465 1202 3545 postquam
1232 3457 1441 3546 Aegyptum,
1478 3457 1648 3538 Iudaeam,

416 3566 618 3653 Syriamque
650 3574 683 3630 et
715 3588 831 3630 omnes
854 3566 1047 3653 provincias
1067 3565 1301 3653 exercitusque
1321 3564 1590 3631 lustraverant...
1612 3605 1650 3615 —

417 3672 458 3746 V,
480 3698 505 3737 ι,
525 3673 649 3737 Caesar
664 3674 760 3736 Titus
780 3672 1029 3761 perdomandae
1051 3672 1191 3738 Iudaeae
1207 3672 1359 3737 delectus
1379 3696 1397 3737 a
1417 3682 1552 3760 patre...
1570 3673 1651 3737 Tres

416 3804 492 3845 eum
521 3780 554 3843 in
577 3778 698 3844 Iudaea
727 3780 916 3867 legiones...
955 3804 1155 3869 excepere...
1192 3820 1235 3829 —
1260 3780 1301 3848 V.
1336 3779 1367 3844 8.
1408 3780 1532 3866 Magna
1574 3803 1651 3867 pars

417 3886 559 3951 Iudaeae
579 3888 662 3950 riois
681 3887 908 3975 dispergitur3
932 3888 1058 3954 habent
1077 3896 1110 3953 et
1126 3887 1269 3976 oppida3
1295 3886 1529 3973 lIierosolyma
1558 3888 1650 3973 genti

416 4003 526 4081 caput.
543 4034 585 4042 —
601 3994 641 4073 V,
659 4021 692 4082 9.
710 3995 780 4059 Itex
808 3996 1010 4060 Parthorum
1036 3996 1183 4061 Pacorus
1209 3994 1330 4060 Iudaea
1350 3996 1518 4082 potitus...
1548 3994 1649 4060 Clau·

416 4100 534 4165 dius..
573 4099 731 4166 Iudaeam
766 4103 974 4190 provinciam
1015 4102 1185 4191 equitibus
1226 4102 1388 4167 ltornanis
1426 4112 1483 4166 aut
1521 4101 1650 4167 libertis

415 4206 578 4296 permisit.
596 4240 631 4251 -·
648 4211 691 4289 V,
709 4208 761 4273 13.
780 4208 939 4274 Pluribus
955 4210 1185 4297 (Iudaeorum)
1200 4210 1371 4298 persuasio
1383 4209 1490 4273 inerat
1503 4209 1651 4298 antiquis

415 4314 628 4380 sacerdotum
649 4313 771 4380 litteris
792 4317 970 4396 contineri,
988 4341 1027 4382 eo
1047 4319 1120 4406 ipso
1140 4326 1290 4405 tempore
1314 4316 1395 4395 sore,
1414 4324 1450 4381 ut
1464 4316 1650 4382 valesceret

415 4422 535 4487 Oriens
551 4423 759 4510 protectique
776 4423 898 4489 Iudaea
920 4448 1030 4489 rerum
1047 4426 1246 4512 potirentur.

372 4527 543 4609 lt'lmEl,
567 4529 765 4596 IVDAEVS
782 4531 884 4618 (sing.
902 4530 1010 4620 coll).
1033 4571 1076 4581 -
1105 4556 1154 4613 ra,
1183 4532 1235 4597 23.
1262 4531 1424 4597 Ituraei...
1459 4540 1491 4596 et
1521 4529 1646 4612 IudaeI,

414 4636 583 4702 defunctis
612 4636 748 4723 regibus
773 4638 941 4703 Sohaemo
969 4646 1069 4728 atque
1104 4640 1270 4726 Agrippa,
1307 4640 1498 4727 provinciae
1531 4638 1648 4702 Suriae

414 4743 532 4809 additi.
559 4783 600 4792 -
633 4769 684 4826 ra,
713 4745 765 4821 54.
795 4745 882 4810 Sane
911 4745 1135 4834 praebuerant
1151 4747 1263 4811 Iudaei
1286 4747 1430 4835 speciem
1448 4755 1560 4811 motus
1575 4754 1648 4810 orta

414 4851 620 4918 seditione...
639 4852 857 4942 Arsissetque
870 4851 959 4918 bello
976 4855 1160 4941 provincia,
1173 4855 1207 4918 ni
1220 4853 1441 4941 (meidius)
1456 4853 1648 4933 Quadratus

339 4999 342 5007 ·
414 4959 531 5046 Syriae
555 4967 664 5025 rector
680 4958 907 5027 subvenisset.
938 4960 1007 5027 Nec
1036 4961 1093 5027 diu
1129 4962 1290 5028 adversus
1330 4961 1483 5040 Iudaeos,
1522 4961 1580 5050 qui
1613 4961 1647 5025 in
