3709 6234
729 864 876 918 suuntur
1395 862 1446 918 311

210 1004 361 1092 peditum
390 1007 635 1070 Germanorum
663 1007 751 1070 inter
779 1014 913 1071 nostros
936 1005 1096 1071 merebat.
1114 1045 1156 1054 —
1173 1010 1206 1087 Δ,
1229 1010 1282 1095 74.
1310 1005 1447 1072 Clarum

210 1111 289 1178 inde
313 1113 401 1179 inter
433 1114 621 1179 Germanos
654 1113 799 1177 Frisium
820 1137 955 1178 nomen.
979 1150 1022 1164 -
1041 1137 1092 1193 rr,
1124 1113 1172 1179 16.
1197 1114 1310 1178 Primo
1339 1114 1448 1178 laetus

211 1219 389 1285 Germanis
417 1220 582 1285 adventus
613 1221 735 1308 (ltalici
768 1222 873 1307 regis)
916 1260 959 1269 -
997 1246 1046 1300 rr,
1082 1245 1131 1309 ¹7·
1164 1219 1316 1308 (Italicus
1345 1229 1447 1286 testa-

210 1326 365 1411 batur)...
399 1351 459 1392 nec
493 1336 622 1414 patrem
657 1328 783 1406 rubori,
821 1328 912 1416 quod
945 1328 1045 1393 tidem
1078 1328 1242 1394 adversus
1276 1329 1447 1392 llomanos

211 1433 404 1500 volentibus
428 1436 609 1500 Germanis
636 1445 806 1523 sumptam
836 1458 1021 1523 numquam
1055 1436 1236 1500 omisisset.
1259 1474 1300 1485 -
1323 1435 1372 1513 13,
1395 1436 1444 1502 ι8.

211 1541 325 1629 (Nerei
347 1545 534 1607 Germanos
552 1566 699 1629 nuper...
720 1544 957 1632 (Agrippinae)
978 1542 1135 1607 custodes
1156 1542 1289 1608 additos
1309 1541 1447 1630 degredi

211 1649 314 1715 iubet.
345 1688 387 1699 —
419 1653 471 1729 rt,
497 1650 550 1727 54.
572 1650 704 1715 Verrito
719 1658 753 1715 ct
768 1650 945 1734 Malorige,
968 1651 1026 1738 qui
1041 1650 1212 1715 nationem
1230 1649 1447 1737 (Frisiorum)

211 1756 384 1843 regebant,
420 1758 454 1821 in
494 1766 658 1844 quantum
701 1758 861 1822 Germani
891 1765 1117 1844 regnantur..
1155 1756 1276 1843 (lidem
1307 1758 1448 1844 llomae)

211 1863 378 1929 intravere
401 1865 551 1952 Pompeii
569 1865 777 1931 theatrum...
795 1886 802 1943 ;
821 1865 994 1929 advertere
1015 1864 1181 1953 quosdam
1198 1865 1293 1929 cultu
1308 1873 1447 1931 externo

210 1972 244 2035 in
267 1972 406 2038 sedibus
435 1982 647 2054 senatorum;
680 1982 713 2037 et
739 1973 877 2061 quinam
903 1972 1014 2038 lorent
1035 1972 1235 2059 rogitanteS,
1267 1980 1446 2060 postquam

210 2081 410 2146 audiverant
430 2104 544 2145 earum
564 2082 717 2167 gentium
730 2080 850 2167 legatis
865 2080 897 2144 id
914 2080 1051 2144 lionoris
1066 2079 1196 2160 datum,
1214 2102 1300 2168 quac
1323 2080 1448 2146 virtute

210 2196 244 2254 et
266 2188 413 2254 amicitia
441 2188 593 2253 ltomana
617 2187 872 2276 praecellerent,
908 2187 1021 2253 nullos
1041 2186 1235 2252 mortalium
1260 2187 1363 2251 armis
1390 2196 1449 2253 aut

211 2295 275 2361 lide
307 2303 384 2361 ante
421 2297 609 2359 Germanos
648 2319 721 2360 esse
745 2294 939 2360 exclamant
962 2294 1272 2382 degrediunturque
1298 2301 1332 2358 et
1360 2294 1449 2360 inter

211 2411 323 2492 patres
338 2403 531 2471 considunt.
544 2443 586 2451 —
608 2403 657 2469 ι5.
679 2405 732 2469 58.
753 2401 1016 2490 Volitabantque
1028 2426 1087 2489 per
1102 2402 1186 2479 lora,
1196 2424 1255 2489 per
1268 2399 1413 2468 domos..
1423 2453 1446 2480 .,

210 2510 341 2600 pedites
358 2511 556 2599 equitesque
579 2511 737 2598 permixti
766 2510 957 2588 GermaniS,
985 2509 1109 2599 quibus
1139 2508 1264 2574 lidebat
1290 2508 1448 2597 princeps

210 2618 328 2705 (Nero)
343 2619 440 2706 quasi
454 2619 614 2683 externis.
637 2617 721 2692 -Ι,
743 2617 796 2683 52.
817 2616 941 2682 Fabius
962 2616 1128 2682 Valens...
1154 2616 1315 2700 instigare
1341 2616 1447 2682 Vitel-

211 2726 334 2793 lium...
356 2748 362 2792 :
388 2755 401 2786 ιι
422 2724 549 2790 ΑιΙΙοιο
572 2725 794 2798 Britanniam,
815 2732 971 2789 secutura
986 2726 1232 2788 Germanorum
1247 2724 1413 2790 auxilia...
1430 2751 1446 2784 o

207 2872 253 2885 -
285 2834 311 2912 l,
344 2833 398 2897 61.
425 2834 552 2897 Addita
577 2833 710 2920 utrique
747 2831 866 2918 (Fabio
896 2830 1031 2896 Valenti
1059 2839 1092 2896 et
1115 2829 1238 2895 Alieno
1267 2830 1446 2915 Caecinae)

209 2943 456 3006 Germanorum
493 2939 630 3015 auxilia,
671 2963 688 3004 e
717 2938 840 3027 quibus
872 2937 1028 3003 l'itellius
1058 2961 1137 3003 suas
1167 2961 1301 3026 quoque.
1331 2938 1446 3026 copias

209 3047 422 3136 supplevit...
444 3086 486 3095 —
509 3047 534 3123 l,
567 3047 620 3111 ⁴58.
649 3046 826 3133 (Helvetii)
863 3045 1000 3109 cohorte
1038 3045 1206 3110 Thracum
1239 3044 1373 3133 depulsi
1411 3052 1446 3110 et

208 3154 484 3221 consectantibus
511 3154 689 3218 Germanis
720 3153 902 3241 llaetisque
929 3175 988 3239 per
1014 3151 1160 3218 silvas...
1194 3152 1363 3218 trucidati.
1403 3190 1447 3201 —

209 3263 235 3341 l,
254 3287 305 3351 7⁰·
327 3262 498 3349 (Caecina,
517 3262 551 3324 in
570 3260 716 3345 ltaliam)
735 3260 931 3347 praemissis
945 3258 1121 3323 Gallorum
1139 3259 1445 3347 Lusitanorumque

208 3378 241 3436 ct
263 3370 500 3434 Britannorum
531 3367 726 3431 cohortibus
754 3375 787 3431 et
816 3368 1064 3431 Germanorum
1104 3365 1238 3431 vexillis
1275 3388 1351 3431 cum
1392 3365 1446 3430 ala

211 3475 408 3542 Petriana...
438 3475 606 3551 -1‚84.
635 3474 812 3561 (Loquitur
831 3473 934 3559 Otho)
967 3501 981 3532 a
1011 3473 1178 3560 llli.quos
1203 3474 1444 3538 cummaxime

209 3582 364 3648 Vitellius
385 3583 418 3645 in
444 3605 505 3646 nos
540 3582 616 3656 ciet,
643 3582 816 3645 Germani.
846 3606 862 3642 »
892 3618 936 3628 -
965 3579 1007 3655 ll,
1037 3580 1276 3665 22.lnge1·unl
1301 3580 1447 3667 desuper

209 3688 391 3753 tlthoniani
415 3686 523 3774 pila...
552 3687 715 3751 adversus
741 3694 864 3751 temere
885 3684 1069 3749 subeuntes
1084 3684 1240 3749 cohortes
1260 3684 1447 3750 Germano-

209 3818 295 3866 rum,
313 3802 414 3858 cantu
431 3794 514 3858 truei
540 3801 573 3856 et
590 3816 680 3857 moro
705 3793 813 3879 patrio
844 3791 945 3856 nudis
966 3790 1164 3878 corporibus
1186 3814 1287 3879 super
1311 3814 1447 3856 umeros

209 3910 303 3967 scuta
315 3902 551 3989 quatientium.
565 3937 601 3951 -
616 3899 658 3979 ll,
670 3900 722 3965 32.
732 3900 825 3963 Tunc
837 3898 1020 3964 Suetonius
1032 3897 1444 3965 Paulinus...disseruit...

209 4009 409 4085 Germanos,
424 4006 516 4095 quod
528 4030 636 4092 genus
651 4006 796 4071 militum
813 4005 902 4094 apud
923 4006 1038 4070 hostes
1062 4004 1292 4094 (Vitellianos)
1308 4007 1448 4071 atrocis·

210 4116 333 4180 simum
349 4116 405 4188 sit,
421 4123 526 4179 tracto
538 4115 571 4177 in
587 4121 750 4178 aestatem
766 4112 868 4191 bello,
887 4113 986 4177 lluxis
1002 4111 1212 4199 corporibus,
1224 4114 1446 4178 mutationem

210 4222 272 4286 soli
287 4222 437 4311 caelique
459 4222 546 4285 haud
569 4221 780 4286 toleraturos.
812 4220 922 4300 -ll,
946 4219 1000 4285 35.
1030 4220 1072 4284 Et
1092 4227 1164 4285 crat
1189 4219 1299 4284 insula
1323 4220 1446 4307 (Pado)

209 4352 307 4394 amne
324 4330 447 4404 medio,
464 4329 498 4391 iu
515 4352 615 4416 (quarm
640 4328 844 4412 gladiatores
862 4327 1075 4415 (Othoniani)
1092 4326 1238 4392 navibus
1255 4326 1445 4404 molientes,

211 4436 370 4502 Germani
399 4436 603 4521 (Vitelliani)
632 4435 744 4499 mindo
774 4433 1098 4522 praelabebantur...
1132 4433 1274 4499 llesilire
1299 4434 1333 4499 in
1360 4435 1447 4500 vada

210 4543 300 4607 ultro
330 4544 503 4614 Germani.
539 4551 706 4607 retentare
729 4566 871 4630 puppes.
898 4541 1059 4606 scandere
1076 4540 1165 4606 loros
1179 4550 1238 4606 ant
1257 4543 1448 4606 comminus

211 4673 402 4737 mergere...
449 4690 489 4698 —
523 4650 564 4722 ll.
603 4650 657 4733 93.
700 4650 916 4715 Postremo...
958 4648 1141 4714 infamibus
1169 4648 1322 4713 Vaticani
1364 4648 1447 4713 locis

212 4780 332 4842 magna
350 4781 427 4845 pars
444 4756 732 4845 [Vitellianorum
747 4756 946 4831 tetendit...
957 4764 990 4821 et
1000 4755 1173 4821 adiacente
1181 4754 1293 4820 Tiberi
1306 4756 1447 4822 Germa-

212 4887 330 4929 norum
353 4865 595 4952 Galloruuupae
611 4864 754 4928 obnoxia
778 4864 903 4927 morbis
918 4887 1059 4951 corpora
1075 4863 1225 4927 lluminis
1239 4861 1400 4928 aviditate
1414 4872 1448 4929 et

212 4983 325 5042 aestus
337 4974 543 5061 impatientia
557 4971 733 5036 labefacta.
746 5009 790 5020 -
802 4972 862 5042 ΙΙΙ,
879 4976 927 5039 ι5.
946 4971 1053 5038 Simul
1066 4972 1185 5057 ingens
1201 4976 1445 5041 Germanorum
