3709 6234
825 883 947 936 cruces
1478 878 1530 936 193

291 1048 391 1113 quarn
412 1025 556 1090 fractum
571 1032 672 1113 atque
686 1023 856 1088 elumbem
873 1053 901 1089 o.
923 1063 967 1072 —
984 1049 1036 1088 ar.
1066 1050 1082 1089 o
1102 1025 1308 1090 Fecerunt...
1327 1032 1361 1089 et
1380 1025 1529 1089 carmina

289 1132 430 1218 (Caesar
451 1133 714 1220 Brutusque)...
731 1154 798 1194 nou
815 1130 938 1196 melius
952 1132 1191 1220 quaruCicer0‚
1210 1130 1269 1197 sed
1289 1130 1433 1212 felicius,
1451 1131 1529 1220 quia

291 1238 367 1303 illos
387 1238 507 1303 iecisse
522 1240 697 1327 pauciores
721 1239 844 1303 sciunt.
863 1268 876 1297 a
893 1278 936 1286 —
953 1263 1006 1305 22.
1028 1268 1043 1298 a
1060 1239 1113 1303 ud
1127 1240 1328 1304 Ciceronem
1343 1240 1455 1319 veni0‚
1474 1239 1528 1304 cui

290 1346 407 1411 eadem
448 1370 560 1434 pugna
594 1370 670 1410 curu
705 1346 903 1433 aequalibus
933 1347 1003 1410 suis
1027 1347 1102 1420 luit,
1137 1370 1222 1435 quac
1252 1346 1331 1410 mibi
1353 1345 1527 1410 vobiscum

289 1461 381 1519 est...
404 1483 418 1512 a
439 1492 483 1503 -
499 1457 552 1532 ait.
577 1453 757 1540 (Loquitur
779 1454 970 1538 Maternus)
1016 1483 1029 1510 «
1046 1455 1133 1520 Cum
1161 1454 1360 1539 praesertim
1390 1461 1527 1518 centum

291 1569 324 1625 et
344 1560 465 1644 viginti
496 1584 603 1625 annos
633 1560 675 1625 ab
705 1561 844 1626 interitu
873 1561 1046 1625 Ciceronis
1076 1561 1109 1624 in
1134 1561 1222 1625 huuc
1239 1561 1327 1625 diem
1344 1560 1431 1625 ellici
1444 1562 1529 1626 ratio

290 1676 479 1755 temporum
500 1667 676 1755 collegerit
700 1697 729 1731 a.
747 1706 791 1718 -
812 1668 865 1732 25.
884 1668 1067 1755 (Loquitur
1097 1667 1273 1754 Messalla)
1307 1667 1447 1755 «Apud
1468 1690 1531 1732 nos

289 1775 406 1840 Cicero
421 1775 556 1864 quidem
573 1784 704 1840 eeteros
720 1774 915 1839 eorumdem
939 1784 1127 1863 temporum
1139 1775 1285 1840 disertos
1304 1775 1526 1841 antecessit...

291 1881 530 1947 Vehementior
549 1890 583 1947 et
598 1882 729 1969 plenior
742 1890 775 1947 et
791 1880 959 1948 valentior
974 1882 1136 1949 Cicero..
1161 1882 1203 1947 Et
1229 1881 1374 1946 Calvum
1401 1889 1435 1948 et
1451 1880 1531 1947 Asi-

289 1990 380 2053 nium
401 1998 436 2054 et
464 1991 573 2077 ipsum
602 1990 801 2055 Ciceronem
828 1990 929 2054 credo
964 1989 1124 2055 solitos...
1157 1998 1190 2054 et
1224 1989 1328 2054 livere
1356 1997 1389 2054 et
1409 1988 1529 2054 ceteris

289 2097 455 2162 humanae
480 2098 686 2163 intirruitatis
721 2097 813 2162 vitiis
845 2097 987 2163 adlici...
1011 2098 1066 2161 An
1094 2097 1247 2185 (Brutus)
1263 2096 1418 2161 Ciceroni
1441 2095 1530 2160 invi·

290 2202 396 2269 (leret.
428 2204 484 2292 qiu
523 2203 603 2267 mibi
632 2204 767 2268 videtur
792 2226 834 2267 ne
865 2204 1002 2269 Caesari
1022 2202 1365 2291 quidcminvidisse‘l
1384 2202 1528 2266 ›i-ali.

289 2335 304 2373 a
334 2309 595 2397 Exspectabam,
629 2318 664 2375 ut
689 2312 809 2398 (Aper)
847 2312 1001 2375 incusato
1031 2310 1334 2375 ⁴lsinioetCaelio
1364 2318 1397 2375 et
1422 2309 1529 2381 Calvo

289 2416 380 2482 aliud
395 2416 493 2481 nobis
508 2440 631 2504 agmen
646 2418 859 2506 produceret,
885 2417 1105 2505 ...exquibus
1121 2418 1223 2483 alium
1241 2416 1406 2492 Ciceroni,
1425 2416 1529 2480 alium

289 2524 437 2600 Caesari,
461 2523 605 2610 singulis
624 2525 747 2589 deinde
766 2524 920 2610 singulos
936 2547 1227 2611 opponeremus...
1245 2526 1379 2602 Quotus
1399 2575 1421 2590 ..
1438 2523 1529 2613 quis-

289 2654 353 2719 quc
382 2630 661 2696 scholasticorum
683 2655 750 2696 non
779 2632 840 2696 hac
876 2655 937 2696 sua
952 2632 1169 2720 persuasione
1195 2632 1329 2710 fruitur,
1346 2638 1383 2695 ut
1399 2654 1434 2695 sc
1450 2639 1528 2695 ante

289 2738 487 2803 Ciceronem
504 2743 728 2809 numeret...?
748 2768 761 2795 »ι
791 2778 822 2786 -
841 2739 893 2805 30.
914 2764 930 2802 a
955 2738 1064 2804 Notus
1099 2747 1150 2803 est
1180 2738 1276 2803 vobis
1297 2738 1413 2826 utique
1433 2738 1529 2803 Cice-

290 2847 381 2910 ronis
394 2846 491 2915 liber.
514 2846 571 2934 qui
588 2846 714 2911 Brutus
729 2846 937 2924 inscribitur,
960 2848 994 2911 in
1014 2847 1110 2911 cuius
1140 2853 1291 2912 extrema
1314 2853 1450 2933 parte...
1468 2869 1528 2910 sua

291 2953 396 3033 initia,
425 2977 504 3018 suos
525 2953 693 3039 gradus...
717 2953 859 3019 refert...
892 2953 930 3017 ln
959 2953 1054 3018 libris
1074 2954 1248 3026 Ciceronis
1271 2952 1523 3040 deprehendere

291 3059 412 3127 licet...
436 3084 545 3127 uon...
565 3059 668 3125 ullius
689 3062 771 3126 artis
797 3061 962 3147 ingenuae
992 3061 1170 3126 scientiam
1188 3061 1218 3126 ei
1239 3060 1429 3128 defuisse...
1451 3083 1524 3124 »—

291 3166 343 3233 32.
367 3192 383 3230 u
406 3168 566 3234 Cicera...
585 3168 698 3247 relert,
717 3168 881 3256 quidquid
898 3168 1139 3257 ineloquentia
1166 3168 1326 3247 effecerit,
1350 3168 1384 3232 id
1405 3191 1523 3233 senon

289 3274 459 3340 rhetorum
490 3276 649 3360 officinis.
675 3275 734 3340 sed
748 3275 951 3340 Academiae
979 3276 1098 3363 spatiis
1121 3282 1352 3341 consecutum.
1376 3307 1390 3334 ι»
1407 3314 1449 3323 -
1470 3273 1525 3341 35.

289 3412 303 3440 a
331 3381 538 3448 llbetores...
561 3382 662 3469 paulo
675 3389 753 3446 ante
765 3383 938 3447 Ciceronis
952 3391 1103 3470 tempora
1119 3383 1291 3448 exstitisse
1307 3406 1368 3447 nec
1384 3382 1527 3470 placuis-

288 3513 322 3554 se
349 3490 533 3555 maioribus
554 3490 681 3554 uostris
707 3513 748 3554 ex
769 3514 808 3553 eo
825 3490 1042 3556 manifestum
1073 3498 1136 3560 est.
1160 3490 1250 3579 quud
1264 3490 1388 3554 Crasso
1409 3498 1441 3555 ct
1458 3491 1526 3554 llo-

287 3596 381 3661 ruitio
410 3595 607 3661 censoribus
636 3594 806 3672 claudere,
836 3605 875 3661 ut
902 3598 949 3663 ait
976 3597 1106 3671 Cicero,
1148 3596 1267 3662 ludum
1295 3595 1527 3683 impudentiae

288 3702 371 3768 iussi
386 3711 478 3768 sunt.
505 3732 518 3762 ι)
534 3739 578 3754 -
595 3704 648 3790 37.
672 3704 851 3791 (Loquitur
867 3703 1059 3790 blaternas)
1082 3730 1098 3768 «
1117 3704 1203 3776 Non,
1236 3705 1368 3792 opinor,
1388 3703 1527 3770 ...Cice-

290 3833 404 3874 ronem
438 3833 599 3895 inagnum
628 3818 797 3875 oratorem
829 3811 866 3875 l'.
890 3811 1050 3889 Quintius
1081 3810 1241 3876 defensus
1279 3819 1338 3877 aut
1376 3810 1527 3876 Licinius

290 3917 433 3984 ilrebias
471 3918 607 3993 iaciunt,
633 3918 779 3984 Catilina
803 3926 836 3983 et
865 3916 948 3983 blilo
976 3927 1010 3984 et
1032 3917 1154 3984 l'crres
1175 3928 1208 3984 et
1238 3919 1411 3984 ⁴latonius
1439 3919 1526 3985 banc

289 4024 338 4089 illi
361 4025 483 4089 laruam
508 4025 842 4091 circumdederunt...
864 4057 878 4092 »
901 4065 938 4074 —
967 4025 1021 4091 38.
1045 4026 1195 4115 «Neque
1218 4026 1391 4093 Ciceronis
1417 4050 1526 4115 neque

287 4131 441 4197 Caesaris
468 4155 575 4221 neque
608 4133 700 4197 llruti
731 4155 839 4220 neque
869 4133 975 4198 Caelii
1003 4156 1111 4222 neque
1139 4134 1247 4212 Calvi,
1283 4158 1350 4199 nou
1381 4134 1526 4223 denique

288 4238 391 4304 ullius
411 4239 526 4325 magui
552 4240 694 4304 oratoris
711 4237 795 4305 liber
824 4240 913 4327 apuil
941 4241 1172 4306 centumviros
1185 4241 1297 4307 dictus
1324 4242 1489 4329 (legitur).
1509 4271 1524 4300 a

287 4384 329 4396 -
350 4349 404 4423 te.
422 4370 437 4410 a
458 4345 525 4411 Nec
554 4347 639 4412 benc
670 4347 793 4411 laruam
823 4346 1036 4435 eloquentiae
1070 4349 1187 4414 Cicero
1218 4348 1277 4414 tali
1310 4350 1404 4415 exitu
1441 4373 1525 4438 pen-

289 4454 412 4518 savit¹.
444 4479 458 4515 o

244 4557 488 4638 altitonus,
505 4585 537 4625 v.
557 4559 816 4629 ClNCONll'S.

244 4666 444 4746 ‘CIETAR
463 4693 497 4733 v.
516 4668 693 4734 (tultae).

244 4774 430 4844 ClLlCllS.
472 4775 605 4855 ClLIX,
653 4815 697 4826 -
731 4801 762 4848 a,
799 4778 852 4854 Aa.
894 4776 1110 4864 Philopatore
1154 4778 1299 4843 Cilicum
1340 4778 1433 4866 (rege
1465 4778 1524 4844 de-

277 5005 284 5041 l
304 5007 335 5056 t'.
347 5009 429 5057 etiaui
447 5009 474 5056 0.
496 5023 535 5054 ao.

307 5115 384 5165 [su.
404 5130 436 5164 ue
454 5116 539 5166 lares.
555 5141 583 5152 -
605 5115 697 5164 t'sam.
