3709 6234
341 842 395 897 202
905 845 1067 900 cenvmvs

386 996 459 1056 tum
468 986 630 1074 postulat,
646 1010 713 1076 quo
727 987 836 1054 iustae
856 988 945 1054 inter
960 995 1101 1076 patruos
1116 986 1325 1077 fratrumque
1340 986 1428 1053 filias
1441 988 1619 1077 nuptiae...

386 1101 627 1161 statuerentur.
648 1132 690 1144 -
712 1120 762 1174 12,
784 1099 816 1163 8.
841 1096 986 1161 Addidit
1011 1095 1176 1162 Claudius
1196 1117 1291 1160 sacra
1313 1119 1354 1160 ex
1376 1095 1509 1183 legibus
1533 1096 1621 1162 Tulli

385 1202 474 1288 regis
490 1202 690 1290 piaculaque
707 1202 797 1290 apud
820 1202 933 1267 lucum
950 1203 1077 1268 Dianae
1104 1226 1162 1291 per
1186 1203 1364 1291 pontifices
1384 1202 1496 1268 danda
1526 1204 1621 1293 (qui-

386 1308 450 1375 bus
476 1318 713 1397 procuraretur
732 1310 898 1375 incestum
920 1310 957 1375 L.
976 1309 1092 1375 Silano
1119 1318 1152 1375 et
1181 1310 1288 1374 sorori
1324 1310 1438 1376 luniae
1462 1308 1622 1376 Calvinae

386 1417 570 1505 obiectum)
591 1418 760 1485 ..Seneca
789 1416 876 1516 lidus
901 1418 935 1482 in
964 1418 1190 1505 Agrippinam
1214 1418 1375 1482 memoria
1404 1417 1558 1483 beneficii
1589 1426 1624 1483 et

385 1523 538 1589 infensus
553 1523 693 1589 Claudio
718 1523 835 1589 dolore
850 1524 991 1589 iniuriae
1011 1524 1224 1589 credebatur.
1240 1562 1283 1575 —
1304 1548 1353 1605 12,
1372 1550 1403 1613 q.
1421 1524 1621 1590 Mammium

388 1631 619 1700 Pollionem...
641 1631 806 1697 inducunt
829 1632 1033 1697 sententiam
1053 1654 1250 1719 expromere
1266 1632 1468 1720 (Agrippina
1483 1633 1623 1721 eiusque

386 1739 513 1827 amici),
528 1763 594 1829 qua
610 1747 762 1805 oraretur
778 1739 942 1805 Claudius
967 1739 1177 1828 despondere
1197 1738 1373 1805 Octaviam
1396 1739 1557 1806 Domitio.
1583 1778 1620 1791 -

391 1871 441 1929 12,
469 1871 517 1912 11.
537 1845 659 1935 lncipit
678 1848 864 1912 orationem
880 1846 1004 1912 Caesar
1017 1846 1059 1911 de
1076 1847 1209 1932 fastigio
1226 1847 1378 1911 llomano
1398 1847 1622 1913 Parthorum-

386 1978 451 2043 que
467 1954 650 2043 obsequiis.
662 1994 704 2006 -
724 1979 775 2035 12,
797 1978 846 2043 ¹7·
866 1955 1062 2020 Zorsines...
1078 1954 1167 2020 datis
1183 1953 1358 2046 obsidibus
1373 1954 1462 2043 apud
1477 1953 1623 2042 effigiem

387 2059 541 2126 Caesaris
556 2062 748 2149 procubuit.
765 2100 810 2113 -
831 2085 881 2142 12,
904 2086 955 2150 ¹9·
984 2062 1185 2128 Eunones...
1218 2061 1349 2148 legatos
1364 2062 1561 2150 litterasque
1580 2061 1624 2126 ad

387 2169 566 2235 Caesarem
600 2170 634 2234 in
660 2170 752 2235 hune
778 2169 917 2234 modum
938 2170 1102 2236 mittitto
1134 2168 1261 2236 ...Sibi
1288 2177 1321 2235 et
1349 2167 1491 2234 Claudio
1520 2170 1624 2235 etiam

386 2278 659 2343 communionem
680 2277 840 2343 victoriae
864 2300 951 2342 esse.
978 2301 1120 2355 ›1—12,
1152 2300 1204 2344 20.
1234 2278 1282 2342 At
1303 2275 1477 2358 Claudius,
1503 2299 1625 2365 quam·

386 2408 488 2473 quam
512 2384 747 2450 nobilitatibus
757 2386 904 2450 externis
919 2385 1023 2463 mitis,
1040 2383 1208 2450 dubitavit
1224 2393 1335 2450 tamen
1349 2384 1499 2471 accipere
1518 2384 1625 2472 capti·

386 2516 466 2557 vum
482 2501 582 2580 pacto
597 2492 717 2558 salutis
730 2515 773 2557 an
791 2500 942 2581 repetere
967 2492 1069 2556 armis
1083 2492 1206 2557 rectius
1222 2492 1319 2557 soret.
1341 2529 1385 2542 -
1405 2515 1455 2569 12,
1474 2514 1527 2557 21.
1544 2491 1624 2556 Tra-

387 2600 479 2666 ditus
498 2601 639 2689 posthac
668 2600 923 2666 Mithridates...
940 2599 1083 2664 ferocius
1092 2622 1194 2688 quam
1206 2623 1265 2688 pro
1280 2599 1415 2665 fortuna
1423 2598 1624 2665 disseruisse

387 2707 476 2795 apud
488 2707 666 2773 Caesarem
681 2706 861 2773 ferebatur.
878 2746 922 2757 -
944 2731 996 2788 12,
1015 2730 1068 2775 22.
1090 2706 1255 2773 Claudius
1266 2707 1416 2773 inaudita
1432 2730 1488 2772 rea
1500 2706 1624 2793 (Lollia

390 2814 545 2904 Paulina)
581 2814 687 2881 multa
703 2815 745 2879 de
767 2814 969 2881 claritudine
994 2815 1066 2880 eius
1090 2815 1179 2903 apud
1208 2823 1362 2881 senatum
1382 2813 1621 2903 praelatus...;

387 2923 484 3011 proin
505 2921 685 3010 publicatis
704 2921 803 2988 bonis
818 2922 952 2988 cederet
966 2921 1074 2988 ltalia.
1090 2962 1134 2971 —
1155 2947 1203 3004 12,
1223 2921 1275 2989 23.
1295 2922 1511 2987 Pomoerium
1531 2920 1624 2986 urbis

388 3030 483 3096 auxit
502 3028 639 3112 Caesar,
662 3053 755 3095 more
770 3030 894 3118 prisco,
906 3052 974 3118 quo
991 3029 1044 3111 iis,
1062 3029 1119 3118 qui
1135 3029 1305 3117 protulere
1319 3030 1509 3116 imperium,
1520 3029 1623 3095 etiam

388 3137 550 3203 terminos
571 3136 664 3202 urbis
685 3160 873 3226 propagare
896 3137 1008 3202 datur.
1034 3176 1077 3185 -
1104 3161 1152 3215 12,
1171 3140 1224 3214 24.
1246 3136 1339 3215 Quos
1359 3144 1432 3202 tum
1460 3135 1624 3202 Claudius

387 3245 549 3311 terminos
569 3245 730 3333 posuerit,
752 3244 848 3309 facile
868 3244 1007 3331 cognitu
1022 3251 1056 3310 et
1070 3242 1215 3331 publicis
1228 3244 1312 3309 actis
1337 3243 1574 3332 perscriptum.
1590 3280 1626 3291 —

392 3376 442 3430 12,
475 3350 528 3421 25.
557 3351 706 3439 Adoptio
731 3351 764 3415 in
792 3351 981 3415 Domitium
1010 3350 1209 3416 auctoritate
1244 3349 1410 3415 Pallantis
1430 3349 1622 3431 festinatur,

386 3458 486 3547 qui...
512 3457 709 3523 stimulabat
729 3458 951 3524 Claudium...
983 3497 1026 3506 —
1051 3481 1099 3534 12,
1120 3481 1173 3545 29.
1205 3458 1275 3522 Nec
1299 3456 1476 3534 Claudius,
1508 3479 1625 3545 quam-

387 3589 489 3654 quam
513 3588 612 3653 saepe
627 3574 754 3645 oratus,
768 3588 860 3630 arma
875 3564 1084 3631 certantibus
1108 3564 1261 3629 barbaris
1283 3565 1496 3652 interposuit,
1514 3571 1625 3629 tutum

388 3674 521 3738 Vannio
536 3673 725 3762 perfugium
750 3674 965 3760 promittens,
992 3674 1019 3737 si
1045 3672 1237 3760 pelleretur.
1269 3696 1383 3745 -12,
1407 3671 1460 3737 36.
1486 3671 1623 3751 Caesar,

388 3780 469 3845 dum
482 3803 579 3844 suum
592 3779 695 3845 decus
711 3779 857 3861 extollit,
876 3779 1007 3845 addidit
1029 3779 1172 3866 gloriam
1189 3779 1278 3844 victo
1295 3779 1500 3866 (Carataco).
1519 3778 1627 3843 Voca-

388 3895 443 3952 tus
458 3888 582 3976 quippe
603 3894 642 3952 ut
657 3886 698 3951 ad
712 3887 845 3973 insigne
861 3886 1093 3975 spectaculum
1104 3885 1293 3974 populus...
1312 3925 1355 3934 —
1375 3909 1426 3964 12,
1446 3885 1499 3973 37.
1515 3884 1571 3949 Ad
1587 3907 1625 3949 ea

387 3997 511 4061 Caesar
525 3996 658 4060 veniam
687 3995 820 4084 ipsique
840 3994 1033 4083 (Carataco)
1050 4001 1083 4060 et
1099 3994 1235 4080 coniugi
1251 4002 1285 4059 et
1307 3993 1468 4058 fratribus
1493 3992 1622 4059 tribuit.

386 4141 430 4152 -
448 4126 498 4181 12,
514 4105 567 4180 to.
587 4101 776 4184 AtCaesar,
790 4102 925 4187 cognita
938 4109 1045 4166 morte
1061 4100 1379 4188 legati(Britanniae
1391 4100 1429 4165 P.
1444 4099 1624 4185 Ostorii)...

386 4220 430 4287 A.
450 4219 587 4284 Didium
603 4219 744 4284 suffecit.
763 4258 806 4267 -
826 4241 876 4299 12,
894 4220 948 4293 dr.
967 4217 1016 4282 Ti.
1040 4217 1183 4282 Claudio
1195 4218 1350 4305 quintum
1371 4216 1489 4281 Servio
1501 4216 1626 4281 Corne-

387 4327 432 4392 lio
453 4328 560 4392 Orlito
577 4325 816 4392 consulibus...
838 4326 965 4390 Caesar
988 4323 1241 4389 adulationibus
1267 4332 1405 4389 senatus
1426 4322 1536 4389 libens
1555 4346 1626 4389 ces·

388 4436 443 4515 sit,
460 4443 499 4499 ut
513 4435 698 4500 vicensimo
713 4434 934 4498 aetatisanno
945 4431 1161 4497 consulatum
1173 4432 1262 4496 Nero
1278 4432 1419 4502 iniret...
1438 4471 1481 4480 -
1500 4455 1550 4508 12,
1569 4433 1623 4508 42.

388 4542 672 4631 Praebuissetque
688 4563 786 4605 aures
809 4539 934 4605 Caesar
954 4539 1156 4629 (accusatori
1177 4539 1215 4604 L.
1234 4539 1388 4626 Vitellii),
1415 4539 1480 4603 nisi
1501 4539 1627 4626 Agrip-

387 4650 486 4738 pinae
503 4649 604 4714 minis
620 4648 729 4733 magis
746 4671 848 4736 quam
863 4646 1021 4736 precibus
1037 4653 1189 4712 mutatus
1205 4655 1337 4713 esset...
1354 4684 1397 4696 -
1419 4669 1468 4725 12,
1485 4645 1540 4724 43.
1557 4645 1627 4711 Nec

281 4820 287 4831 ,
388 4756 512 4821 occulti
529 4763 662 4821 tantum
689 4764 844 4844 questuS,
872 4756 933 4821 sed
959 4756 1031 4821 iura
1052 4756 1250 4822 reddentem
1280 4755 1461 4821 Claudium
1487 4755 1629 4820 circum-

386 4886 503 4929 vasere
518 4862 725 4928 clamoribus
740 4863 897 4941 turbidis,
921 4863 1127 4951 pulsumque
1147 4863 1182 4929 in
1206 4870 1393 4929 extremam
1418 4862 1481 4927 sori
1496 4869 1627 4950 partem

388 4971 421 5034 vi
440 4970 621 5057 urgebant,
648 4970 753 5035 donec
774 4970 921 5036 militum
941 4970 1044 5058 globo
1064 4970 1215 5037 infensos
1236 4971 1400 5059 perrupit.
1431 5009 1473 5021 -
1499 4994 1548 5051 12,
1569 4972 1625 5048 48.
1658 5009 1660 5012 -
