3709 6234
819 913 1010 967 nnonvntu
1515 913 1568 971 243

330 1054 503 1146 Flaccum)
534 1055 752 1123 interficiunt.
777 1054 904 1121 Eadem
930 1056 964 1120 in
987 1053 1149 1119 Voculam
1172 1052 1389 1142 parabantur,
1406 1057 1471 1121 nisi
1501 1082 1568 1125 ser-

329 1165 390 1230 vili
404 1163 522 1231 habitu
539 1188 598 1253 per
614 1163 772 1230 tenebras
793 1164 968 1250 ignoratus
985 1162 1160 1228 evasisset.
1175 1200 1216 1210 —
1237 1161 1295 1245 lt',
1317 1160 1371 1251 37.
1390 1163 1515 1231 Mutati
1534 1167 1568 1231 in

329 1272 571 1361 paenitentiam
612 1272 756 1360 primani
777 1270 1000 1360 quartanique
1021 1276 1054 1334 et
1069 1269 1392 1334 duoetvicensimani
1404 1271 1567 1338 Voculam

330 1388 590 1468 sequuntur.-
611 1378 666 1455 lv,
695 1378 748 1444 56.
780 1377 984 1445 Simulatum
1011 1377 1094 1465 ipsis
1125 1376 1226 1463 (lulio
1246 1375 1395 1442 Classico
1430 1380 1569 1469 eiusque

330 1487 444 1574 sociis)
474 1487 688 1576 obsequium,
715 1510 782 1575 quo
807 1485 1028 1551 incautiorem
1053 1483 1216 1549 Voculam
1236 1484 1475 1573 opprimerent.
1498 1486 1568 1553 Nec

330 1594 466 1660 deluere
495 1595 554 1683 qui
574 1594 722 1659 Voculae
751 1593 961 1671 nuntiarent,
983 1592 1042 1657 sed
1071 1592 1160 1656 vires
1188 1592 1230 1657 ad
1253 1593 1476 1658 coercendum
1493 1595 1569 1660 dee·

331 1709 449 1767 rant...
467 1742 510 1750 -
532 1702 589 1782 IV,
608 1702 662 1790 57.
695 1699 823 1765 t'ocula
847 1699 1023 1765 Gallorum
1058 1698 1172 1764 lraude
1194 1699 1338 1765 inlectus
1365 1700 1408 1765 ad
1436 1700 1566 1767 hostem

330 1808 506 1874 contendit
526 1861 547 1875 ..
566 1808 767 1874 Obtestantc
783 1806 910 1872 t'ocula
927 1829 995 1870 non
1012 1807 1094 1871 adeo
1112 1805 1282 1871 turbatam
1297 1806 1453 1873 civilibus
1468 1808 1571 1873 armis

331 1939 403 1981 rem
420 1920 619 1996 Romanam,
646 1923 683 1981 ut
702 1916 856 1980 Treveris
870 1915 971 1980 etiam
992 1912 1270 2002 Lingonibusque
1293 1913 1468 2002 despectui
1482 1916 1568 1982 sit...

331 2022 473 2103 t'ocula,
490 2046 697 2112 quamquam
722 2021 873 2111 plerique
906 2022 1021 2108 lugam
1040 2019 1238 2097 suadebant,
1262 2020 1455 2087 audendum
1477 2030 1570 2089 ratus

332 2138 451 2196 vocata
461 2131 619 2195 contione
636 2130 668 2194 in
683 2129 771 2194 hunc
784 2128 921 2193 modum
931 2128 1090 2193 disseruit
1106 2126 1208 2216 (apud
1224 2128 1404 2194 seditiosos
1415 2129 1567 2219 milites).

331 2274 375 2288 -
392 2236 448 2313 lv,
468 2240 520 2328 59.
539 2237 737 2324 lligressum
759 2235 922 2300 Voculam
940 2244 973 2300 et
993 2234 1033 2300 de
1051 2235 1218 2324 supremis
1243 2236 1429 2323 agitantem
1459 2237 1569 2303 liberti

333 2345 489 2434 servique
518 2345 719 2433 prohibuere
748 2344 978 2410 foedissimam
999 2351 1144 2408 mortem
1178 2353 1298 2432 sponte
1325 2345 1565 2431 praevenire...

332 2450 585 2517 lnterlectorem
599 2450 746 2517 Voculae
762 2450 840 2516 altis
852 2450 1069 2516 ordinibus..
1093 2449 1220 2516 attollit
1235 2450 1357 2539 (lulius
1370 2450 1567 2534 Classicus).

333 2595 376 2607 —
391 2557 448 2635 lV,
471 2559 527 2625 62.
556 2558 655 2624 Forte
675 2558 775 2623 obvio
798 2559 1012 2623 interfectore
1041 2556 1189 2622 Voculae
1206 2557 1380 2645 (Aemilio)
1403 2559 1568 2646 Longin0,

305 2701 307 2705 ·
332 2666 493 2732 coniectis
506 2666 540 2730 in
558 2688 634 2731 cum
649 2665 727 2730 telis
740 2665 875 2729 initium
891 2664 1159 2730 exsolvendae...
1175 2664 1293 2751 culpae
1309 2663 1416 2731 fecere
1433 2665 1571 2755 (milites

333 2771 406 2838 alae
429 2772 650 2860 Picentinae).
671 2811 712 2821 —
740 2771 797 2849 lt',
825 2797 879 2861 77.
909 2772 1090 2860 (quuitur
1113 2771 1254 2837 Petilius
1279 2772 1433 2862 Cerialis)
1457 2800 1472 2833 a
1495 2772 1571 2837 Non

334 2879 504 2960 Flaccum,
531 2880 653 2969 inquit,
671 2902 738 2943 non
760 2878 923 2944 Voculam
938 2879 1113 2948 deseritis:
1137 2878 1231 2944 nulla
1245 2879 1299 2944 hic
1314 2879 1459 2968 proditio
1473 2880 1524 2946 ¹...

289 2985 424 3053 DINIS.
447 3027 482 3037 -
503 2990 536 3065 ά.
555 2987 608 3052 50.
633 2985 820 3051 Educibus
850 2986 1066 3075 (Thraecum)
1088 2986 1196 3069 uinis,
1231 2995 1410 3075 provectus
1437 2994 1573 3053 senecta

333 3101 367 3161 et
381 3096 484 3183 longo
497 3118 561 3160 usu
577 3095 646 3159 vim
673 3100 773 3182 atque
795 3093 1010 3159 clementiam
1031 3096 1217 3159 llomanam
1239 3094 1390 3177 edoctus,
1415 3094 1571 3183 ponenda

335 3224 439 3278 arma,
461 3225 567 3267 unum
586 3201 732 3267 adtlictis
751 3200 786 3266 id
801 3201 987 3267 remedium
1008 3201 1209 3276 disserebat,
1232 3202 1427 3291 primusque
1444 3226 1479 3269 sc
1495 3226 1571 3268 cum

333 3310 477 3398 coniuge
491 3316 525 3374 et
539 3307 656 3374 liberis
670 3309 791 3372 victori
807 3308 972 3396 permisit.

289 3415 528 3482 DIODOTVS.
546 3453 589 3465 —
606 3418 644 3497 O,
663 3416 717 3480 30.
742 3445 756 3476 a
775 3416 908 3502 (Cicero
925 3416 959 3480 in
978 3417 1081 3481 Bruto
1106 3416 1222 3501 refert)
1238 3440 1316 3482 se...
1339 3415 1428 3504 apud
1455 3416 1572 3481 Philo-

332 3547 410 3590 nem
424 3523 678 3609 Academicum,
709 3523 797 3610 apud
817 3522 1023 3588 Diodotum⁹
1038 3522 1189 3588 Stoicum
1203 3546 1321 3588 omnes
1337 3523 1572 3613 philosophiae

333 3639 445 3719 partes
461 3630 596 3721 penitus
616 3630 783 3710 hausisse,
804 3653 912 3720 neque
927 3630 969 3694 iis
985 3629 1180 3695 doctoribus
1204 3637 1413 3708 contentum,
1429 3654 1573 3720 quorum

332 3739 363 3804 ei
378 3740 474 3827 copia
489 3738 523 3803 in
545 3738 627 3804 urbe
641 3738 873 3824 contigerat...
897 3735 911 3797 ἡ

289 3843 374 3911 DIS.
397 3844 514 3924 -lV‚
534 3845 589 3912 83.
624 3844 820 3910 Timotheus
847 3844 1022 3934 quaesitis,
1059 3845 1174 3933 quiin
1210 3844 1357 3910 Pontum
1386 3854 1569 3925 meassent,

331 3954 507 4039 cognoscit
522 3952 638 4019 urbem
655 3952 724 4017 illic
736 3952 885 4039 Sinopen
900 3975 963 4017 nec
988 3952 1105 4041 procul
1137 3952 1303 4041 templum
1338 3961 1452 4020 vetere
1482 3955 1572 4020 inter

332 4059 464 4126 accolas
484 4060 572 4125 lama
589 4060 678 4125 lovis
694 4059 800 4141 Ditis3
819 4068 1006 4148 namqueet
1017 4059 1217 4126 muliebrem
1233 4059 1380 4148 effigiem
1393 4060 1570 4142 adsistere,

332 4191 435 4257 quam
469 4167 620 4257 plerique
650 4166 888 4253 Proserpinam
917 4175 1050 4234 vocent.
1077 4167 1191 4247 -lv,
1225 4171 1277 4245 aa.
1326 4169 1434 4234 Deum
1462 4170 1572 4258 ipsum

331 4275 558 4364 (Serapidem)
596 4273 694 4340 multi
721 4273 1019 4362 Aesculapium...‚
1047 4276 1185 4364 quidam
1215 4274 1383 4357 Osirin...,
1420 4275 1574 4365 plerique

334 4380 505 4458 lovem...,
527 4381 663 4471 plurimi
680 4382 793 4447 Ditem
808 4390 939 4470 patrem
951 4382 1154 4469 insignibus,
1182 4405 1268 4470 quae
1296 4382 1425 4471 inipso
1461 4385 1571 4450 maui-

334 4489 431 4567 lesta‚
450 4497 509 4555 aut
523 4513 582 4578 per
598 4489 758 4577 ambages
781 4489 982 4556 coniectant.

289 4596 751 4670 n1t¹0bvltvl1.-1‚63.
781 4596 956 4675 Divoduri,
987 4596 1320 4664 Mediornatricorum
1345 4598 1379 4664 id
1411 4600 1573 4688 oppidum

323 4883 329 4920 ¹
352 4883 384 4935 V.
400 4886 482 4935 ellam
500 4883 545 4944 lh’,
562 4886 601 4947 58,
614 4902 659 4950 72:
681 4886 711 4937 Υ.
726 4888 766 4937 ab.

321 4964 385 5017 ²0:
401 4966 566 5016 Diodotum:
586 4966 657 5019 AB:
676 4968 833 5017 Diodorum.
857 4968 895 5018 Cf.
913 4968 979 5018 Cic..
997 4968 1084 5024 tusc..
1102 4967 1124 5017 5.
1141 4968 1180 5031 ³9,
1198 4969 1258 5029 1133
1275 4969 1315 5016 ,td
1332 4969 1416 5020 Fara..
1434 4968 1469 5018 13.
1491 4969 1526 5029 ιθ,
1544 4975 1574 5027 4;

290 5046 335 5099 Ad
352 5048 423 5098 Au..
442 5061 465 5103 2,
480 5046 556 5104 amfi-
