3709 6234
792 884 939 939 Ttst'tttvs
1445 877 1502 933 675

266 1026 471 1116 primoribus
483 1035 655 1094 oratorum
670 1026 818 1108 additus,
839 1026 1015 1113 divulgato
1029 1025 1163 1113 ingenio
1177 1032 1209 1090 et
1226 1031 1340 1090 secuta
1359 1024 1500 1091 adseve-

267 1135 396 1200 ratione
423 1134 589 1212 Caesaris,
618 1157 684 1223 qua
708 1156 769 1198 suo
790 1133 860 1199 iure
886 1132 1052 1198 disertum
1075 1154 1153 1197 eum
1179 1130 1379 1219 appellavit.
1407 1169 1450 1180 —
1466 1132 1499 1212 d,

267 1243 320 1308 53.
353 1242 598 1330 Agrippina...
629 1264 705 1306 cum
738 1240 864 1306 viseret
891 1263 965 1305 eam
986 1241 1167 1319 Caesar...,
1192 1262 1309 1328 preces
1340 1239 1499 1304 orditur:

267 1348 463 1415 subveniret
481 1348 669 1427 solitudini,
687 1347 783 1413 daret
803 1347 1003 1413 maritum...
1021 1347 1087 1412 Sed
1117 1346 1241 1412 Caesar
1268 1369 1337 1412 non
1350 1346 1500 1434 ignarus.

266 1463 431 1543 quantum
452 1479 494 1522 ex
509 1479 544 1521 re
559 1454 694 1543 publiea
710 1461 891 1542 peteretur,
910 1477 952 1520 ne
968 1460 1080 1519 tamen
1095 1453 1291 1519 ollensionis
1314 1461 1373 1518 aut
1392 1461 1503 1519 metus

267 1563 468 1628 manifestus
487 1563 585 1644 foret,
608 1563 679 1627 sine
704 1586 868 1650 responso
895 1585 1101 1651 quamquam
1140 1562 1323 1627 instantem
1353 1561 1499 1650 reliquit.

267 1709 309 1720 -
341 1674 372 1751 ,4,
398 1670 453 1747 54.
480 1670 713 1758 (Agrippina),
748 1693 825 1735 eum
857 1676 995 1759 propter
1021 1669 1241 1759 (principem)
1261 1668 1500 1742 humberet.

269 1779 422 1843 ...nullos
443 1779 616 1865 adtingere
640 1777 746 1850 cibos,
772 1777 878 1843 donec
910 1777 1056 1843 advertit
1074 1776 1268 1844 Tiberius...
1294 1776 1363 1843 Nec
1382 1784 1495 1843 tamen

266 1886 389 1952 'liberii
418 1910 485 1951 vox
513 1909 624 1951 coram
646 1892 774 1966 secuta,
803 1885 861 1951 sed
880 1884 1045 1950 obversus
1065 1885 1107 1950 ad
1121 1893 1304 1952 matrem...
1328 1923 1370 1935 -
1386 1887 1417 1966 ά,
1445 1885 1501 1951 55.

265 1994 332 2058 Sed
358 1993 495 2065 Caesar,
513 2017 580 2082 quo
602 1993 726 2058 famam
751 2000 929 2073 averteret,
952 1992 1070 2059 adesse
1091 1992 1249 2082 lrequens
1268 1993 1442 2059 senatui...
1459 2030 1504 2045 -

269 2104 297 2177 t,
315 2101 370 2186 57.
393 2101 485 2165 Inter
500 2123 597 2188 quae,
621 2100 680 2165 diu
701 2099 862 2165 meditato
888 2100 1088 2189 prolatoque
1107 2100 1242 2189 saepius
1257 2100 1411 2183 consilio,
1430 2110 1503 2167 tan-

265 2206 342 2272 dem
377 2206 502 2272 Caesar
534 2208 568 2271 in
615 2206 848 2294 Campaniam,
887 2207 1039 2295 speeie...
1073 2206 1293 2273 Dubitaverat
1325 2209 1503 2297 Augustus

266 2316 548 2380 Germanicum...
575 2315 621 2379 rei
650 2315 822 2380 Romanae
866 2315 1049 2403 imponere,
1094 2314 1153 2380 sed
1194 2316 1351 2403 precibus
1387 2317 1503 2382 uxoris

266 2422 396 2487 evictus
416 2421 549 2487 Tiberio
570 2422 822 2500 Germanicum,
853 2422 918 2487 sibi
943 2422 1113 2487 Tiberium
1139 2422 1292 2488 adscivit.
1319 2460 1364 2475 -
1387 2426 1419 2501 d,
1446 2423 1500 2491 58.

267 2528 435 2595 Ferebant
458 2529 556 2617 periti
571 2528 767 2595 caelestium
791 2529 832 2593 iis
856 2529 1006 2594 motibus
1021 2528 1169 2596 siderum
1190 2531 1374 2597 excessisse
1395 2531 1503 2596 Roma

265 2636 449 2712 Tiberium,
479 2644 517 2701 nt
550 2636 679 2702 reditus
703 2635 753 2700 illi
782 2645 974 2723 negaretur.
1009 2675 1053 2685 -
1090 2639 1122 2714 t,
1159 2638 1213 2727 59.
1245 2638 1294 2703 Ae
1321 2638 1406 2703 forte
1436 2638 1503 2703 illis

266 2744 386 2809 diebus
424 2742 576 2810 oblatum
606 2744 743 2810 Caesari
770 2767 895 2832 anceps
926 2744 1156 2832 periculum...
1199 2746 1394 2832 praebuit...
1438 2746 1501 2834 ipsi

266 2851 452 2924 materiem,
470 2875 529 2915 cur
553 2851 719 2917 amicitiae
748 2852 1026 2939 constantiaeque
1054 2850 1167 2917 Seiani
1197 2853 1305 2938 magis
1340 2853 1499 2920 tideret...

265 2960 408 3024 Seianus
426 2982 516 3047 genu
545 2958 718 3048 vultuque
739 2966 772 3025 et
797 2958 953 3025 manibus
975 2982 1075 3049 super
1104 2959 1282 3026 Caesarem
1316 2983 1501 3048 suspensus

264 3066 421 3153 opposuit
450 3089 522 3131 sese
551 3065 779 3132 incidentibus
810 3067 943 3154 (saxis).
979 3106 1022 3117 -
1055 3069 1088 3144 ά,
1124 3066 1176 3135 6ο.
1203 3067 1356 3132 'l'iberius
1385 3075 1501 3133 torvus

265 3173 406 3259 (Neroni
436 3174 627 3239 Germanici
663 3174 746 3260 lilio)
777 3181 836 3239 aut
874 3173 995 3239 falsum
1030 3174 1188 3240 renidens
1207 3174 1425 3252 vultu—d,
1443 3175 1497 3240 62.

261 3279 445 3345 Adtluxere
461 3281 509 3368 (iu
529 3281 817 3368 amphitheatrum
837 3281 999 3369 Fidenae)
1020 3281 1109 3346 avidi
1125 3281 1255 3360 talium,
1282 3282 1498 3369 imperitante

263 3388 396 3455 Tiberio
418 3387 534 3477 procul
554 3387 787 3476 voluptatibus
805 3388 923 3455 habiti.
949 3427 991 3438 -
1018 3391 1047 3467 t,
1071 3388 1125 3465 64.
1147 3388 1305 3454 Nondum
1329 3413 1367 3454 ea
1386 3388 1500 3454 clades

263 3496 469 3567 exoleverat,
505 3517 580 3560 cum
615 3496 704 3583 ignis
737 3496 898 3562 violentia
935 3495 1051 3562 urbem
1092 3495 1178 3561 ultra
1196 3497 1334 3561 solitum
1363 3497 1498 3574 adfecit,

265 3603 512 3693 ...feralemque
543 3626 671 3668 annum
703 3602 867 3685 ferebant,
906 3604 984 3670 ...ni
1017 3605 1140 3671 Caesar
1172 3603 1307 3669 obviam
1334 3604 1417 3670 isset
1442 3605 1500 3670 tri-

263 3712 395 3777 buendo
410 3711 571 3801 pecunias
599 3734 641 3776 ex
667 3711 766 3776 modo
786 3711 1022 3777 detrimenti...
1041 3711 1225 3777 Adduntur
1244 3713 1443 3791 sententiae,
1464 3720 1501 3778 ut

263 3843 360 3885 mons
393 3818 526 3884 Caelius
554 3818 586 3882 in
624 3826 798 3905 posterum
848 3819 1026 3906 Augustus
1074 3818 1312 3908 appellaretur.
1362 3820 1498 3907 quando

262 3927 392 3991 eunctis
427 3926 553 3990 circum
595 3925 819 4014 flagrantibus
861 3925 934 3991 sola
971 3925 1094 3991 Tiberii
1127 3925 1282 4013 efligies..
1338 3926 1497 3994 inviolata

262 4033 454 4097 mansisset.
473 4069 516 4080 —
540 4033 572 4110 d,
590 4031 644 4096 66.
672 4032 930 4120 Corripuerat...
960 4033 1086 4097 Varum
1116 4033 1329 4112 Quintilium,
1358 4034 1496 4099 divitem

261 4148 294 4206 et
323 4140 458 4205 Caesari
491 4140 719 4228 propinquum
748 4140 917 4205 Domitius
947 4140 1041 4206 aller.
1073 4179 1116 4188 -
1141 4144 1172 4218 rt,
1204 4140 1257 4228 67.
1284 4142 1332 4207 At
1359 4142 1495 4220 Caesar,

259 4247 422 4312 dedicatis
456 4269 514 4334 per
552 4246 771 4334 Campaniam
805 4246 998 4336 templis...
1035 4247 1183 4334 Capreas
1215 4271 1251 4313 se
1282 4249 1316 4313 in
1351 4249 1494 4315 insulam

260 4353 430 4419 abdidit...
459 4353 526 4418 Sed
552 4362 625 4419 tum
653 4354 807 4420 Tiberius
836 4354 1015 4421 duodecim
1048 4354 1204 4420 villarum
1238 4355 1432 4422 nominibus
1463 4366 1497 4424 et

259 4460 405 4526 molibus
428 4460 609 4540 insederat,
644 4469 772 4551 quanto
801 4462 953 4529 intentus
980 4461 1059 4527 olim
1096 4461 1250 4550 publicas
1295 4463 1337 4528 ad
1383 4488 1493 4547 curas,

259 4577 353 4635 tanto
393 4568 594 4634 occultiores
623 4570 657 4633 in
678 4570 779 4635 luxus
807 4578 841 4635 et
872 4570 1000 4636 malum
1028 4570 1136 4636 otium
1170 4569 1352 4638 resolutus.
1387 4611 1429 4621 -
1459 4576 1492 4655 ά,

259 4677 313 4743 68.
349 4675 492 4741 Latiaris
518 4676 621 4765 (Titio
648 4677 773 4742 Sabino
811 4677 926 4743 dolum
963 4677 1149 4764 struens)...
1185 4700 1226 4743 ne
1255 4678 1289 4742 in
1322 4678 1494 4745 Tiberium

261 4784 397 4873 quidem
413 4783 566 4849 convicio
586 4783 745 4851 abstinet.
774 4822 818 4835 -
851 4787 884 4862 Δ,
915 4784 969 4873 69.
1000 4785 1182 4872 Properate
1216 4785 1294 4850 inde
1323 4789 1494 4854 accusatio

262 4892 442 4980 missisque
465 4890 507 4955 ad
531 4890 709 4957 Caesarem
728 4892 849 4957 litteris
872 4892 1023 4958 ordinem
1044 4891 1211 4958 fraudis...
1235 4917 1424 4962 narravere.
1450 4935 1493 4946 -

262 5001 293 5078 il,
313 5023 365 5086 7⁰·
397 4999 464 5065 Sed
484 4998 608 5065 Caesar
622 4998 800 5065 sollemnia
821 5000 1015 5088 incipientis
1042 5000 1121 5065 anni
1147 4999 1301 5066 kalendis
1330 5000 1493 5069 Ianuariis
