<?xml version="1.0" encoding="UTF-8"?>
<!DOCTYPE html PUBLIC "-//W3C//DTD XHTML 1.0 Transitional//EN"
    "http://www.w3.org/TR/xhtml1/DTD/xhtml1-transitional.dtd">
<html xmlns="http://www.w3.org/1999/xhtml" xml:lang="en" lang="en">
 <head>
  <title>
</title>
<meta http-equiv="Content-Type" content="text/html;charset=utf-8" />
  <meta name='ocr-system' content='tesseract 3.04.00' />
  <meta name='ocr-capabilities' content='ocr_page ocr_carea ocr_par ocr_line ocrx_word'/>
</head>
<body>
  <div class='ocr_page' id='page_1' title='image "./onomasticontaci00fabigoog_0351.png"; bbox 0 0 3709 6234; ppageno 0'>
   <div class='ocr_carea' id='block_1_1' title="bbox 821 834 1542 888">
    <p class='ocr_par' dir='ltr' id='par_1_1' title="bbox 821 834 1542 888">
     <span class='ocr_line' id='line_1_1' title="bbox 821 834 1542 888; baseline 0.004 -3"><span class='ocrx_word' id='word_1_1' title='bbox 821 834 985 887; x_wconf 76' lang='lat' dir='ltr'>ueacvtes</span> <span class='ocrx_word' id='word_1_2' title='bbox 1489 834 1542 888; x_wconf 68' lang='lat'>343</span> 
     </span>
    </p>
   </div>
   <div class='ocr_carea' id='block_1_2' title="bbox 259 974 1544 4717">
    <p class='ocr_par' dir='ltr' id='par_1_2' title="bbox 303 974 1544 1921">
     <span class='ocr_line' id='line_1_2' title="bbox 304 974 1542 1065; baseline 0.002 -25"><span class='ocrx_word' id='word_1_3' title='bbox 304 999 405 1064; x_wconf 90' lang='lat' dir='ltr'>super</span> <span class='ocrx_word' id='word_1_4' title='bbox 420 977 604 1063; x_wconf 77' lang='lat' dir='ltr'><strong>caespitem</strong></span> <span class='ocrx_word' id='word_1_5' title='bbox 620 975 762 1041; x_wconf 79' lang='lat' dir='ltr'>redditis</span> <span class='ocrx_word' id='word_1_6' title='bbox 781 975 880 1055; x_wconf 82' lang='lat' dir='ltr'>extis,</span> <span class='ocrx_word' id='word_1_7' title='bbox 902 974 1029 1056; x_wconf 83' lang='lat' dir='ltr'>lovem,</span> <span class='ocrx_word' id='word_1_8' title='bbox 1051 974 1226 1054; x_wconf 85' lang='lat' dir='ltr'>lunonem,</span> <span class='ocrx_word' id='word_1_9' title='bbox 1244 976 1432 1042; x_wconf 86' lang='lat' dir='ltr'>Minervam</span> <span class='ocrx_word' id='word_1_10' title='bbox 1447 1001 1542 1065; x_wconf 91' lang='lat' dir='ltr'>prae-</span> 
     </span>
     <span class='ocr_line' id='line_1_3' title="bbox 303 1082 1542 1172; baseline 0.004 -27"><span class='ocrx_word' id='word_1_11' title='bbox 303 1082 459 1172; x_wconf 88' lang='lat' dir='ltr'>sidesque</span> <span class='ocrx_word' id='word_1_12' title='bbox 470 1083 601 1171; x_wconf 90' lang='lat' dir='ltr'>imperii</span> <span class='ocrx_word' id='word_1_13' title='bbox 615 1083 696 1148; x_wconf 89' lang='lat' dir='ltr'>deos</span> <span class='ocrx_word' id='word_1_14' title='bbox 711 1090 868 1171; x_wconf 83' lang='lat' dir='ltr'><strong>precatus</strong></span> <span class='ocrx_word' id='word_1_15' title='bbox 889 1133 910 1148; x_wconf 94' lang='lat'>..</span> <span class='ocrx_word' id='word_1_16' title='bbox 925 1121 969 1132; x_wconf 95' lang='lat'>—</span> <span class='ocrx_word' id='word_1_17' title='bbox 988 1083 1034 1149; x_wconf 74' lang='grc' dir='ltr'>Α.</span> <span class='ocrx_word' id='word_1_18' title='bbox 1055 1106 1084 1149; x_wconf 82' lang='lat' dir='ltr'>a.</span> <span class='ocrx_word' id='word_1_19' title='bbox 1104 1084 1276 1170; x_wconf 84' lang='lat' dir='ltr'>Legimus,</span> <span class='ocrx_word' id='word_1_20' title='bbox 1294 1108 1371 1150; x_wconf 93' lang='lat' dir='ltr'>cum</span> <span class='ocrx_word' id='word_1_21' title='bbox 1390 1085 1542 1150; x_wconf 80' lang='lat' dir='ltr'>Aruleno</span> 
     </span>
     <span class='ocr_line' id='line_1_4' title="bbox 304 1189 1543 1270; baseline 0.006 -17"><span class='ocrx_word' id='word_1_22' title='bbox 304 1189 444 1255; x_wconf 85' lang='lat' dir='ltr'>Rustico</span> <span class='ocrx_word' id='word_1_23' title='bbox 465 1191 590 1256; x_wconf 89' lang='lat' dir='ltr'>Paetus</span> <span class='ocrx_word' id='word_1_24' title='bbox 610 1190 768 1270; x_wconf 80' lang='lat' dir='ltr'>Thrasea,</span> <span class='ocrx_word' id='word_1_25' title='bbox 801 1190 972 1255; x_wconf 90' lang='lat' dir='ltr'>Herennio</span> <span class='ocrx_word' id='word_1_26' title='bbox 994 1191 1170 1256; x_wconf 88' lang='lat' dir='ltr'>Senecioni</span> <span class='ocrx_word' id='word_1_27' title='bbox 1197 1192 1334 1257; x_wconf 83' lang='lat' dir='ltr'>Priscus</span> <span class='ocrx_word' id='word_1_28' title='bbox 1364 1192 1543 1261; x_wconf 89' lang='lat' dir='ltr'>Helvidius</span> 
     </span>
     <span class='ocr_line' id='line_1_5' title="bbox 304 1295 1542 1386; baseline 0.006 -27"><span class='ocrx_word' id='word_1_29' title='bbox 304 1295 432 1362; x_wconf 89' lang='lat' dir='ltr'>laudati</span> <span class='ocrx_word' id='word_1_30' title='bbox 452 1304 577 1370; x_wconf 82' lang='lat' dir='ltr'>essent.</span> <span class='ocrx_word' id='word_1_31' title='bbox 595 1297 738 1386; x_wconf 91' lang='lat' dir='ltr'>capitale</span> <span class='ocrx_word' id='word_1_32' title='bbox 759 1296 874 1375; x_wconf 86' lang='lat' dir='ltr'>luisse,</span> <span class='ocrx_word' id='word_1_33' title='bbox 896 1318 1005 1385; x_wconf 91' lang='lat' dir='ltr'>neque</span> <span class='ocrx_word' id='word_1_34' title='bbox 1027 1297 1060 1362; x_wconf 92' lang='lat' dir='ltr'>in</span> <span class='ocrx_word' id='word_1_35' title='bbox 1076 1297 1169 1385; x_wconf 92' lang='lat' dir='ltr'>ipsos</span> <span class='ocrx_word' id='word_1_36' title='bbox 1184 1299 1283 1364; x_wconf 93' lang='lat' dir='ltr'>modo</span> <span class='ocrx_word' id='word_1_37' title='bbox 1299 1309 1465 1381; x_wconf 74' lang='lat' dir='ltr'>auctores,</span> <span class='ocrx_word' id='word_1_38' title='bbox 1483 1303 1542 1368; x_wconf 93' lang='lat' dir='ltr'>sed</span> 
     </span>
     <span class='ocr_line' id='line_1_6' title="bbox 304 1403 1543 1498; baseline 0.004 -31"><span class='ocrx_word' id='word_1_39' title='bbox 304 1403 339 1468; x_wconf 91' lang='lat' dir='ltr'>in</span> <span class='ocrx_word' id='word_1_40' title='bbox 363 1403 468 1469; x_wconf 91' lang='lat' dir='ltr'>libros</span> <span class='ocrx_word' id='word_1_41' title='bbox 497 1428 630 1493; x_wconf 91' lang='lat' dir='ltr'>quoque</span> <span class='ocrx_word' id='word_1_42' title='bbox 658 1427 774 1470; x_wconf 91' lang='lat' dir='ltr'>corum</span> <span class='ocrx_word' id='word_1_43' title='bbox 813 1404 991 1469; x_wconf 88' lang='lat' dir='ltr'>saevitum.</span> <span class='ocrx_word' id='word_1_44' title='bbox 1022 1443 1065 1452; x_wconf 92' lang='lat'><strong>—</strong></span> <span class='ocrx_word' id='word_1_45' title='bbox 1106 1404 1144 1482; x_wconf 87' lang='lat'>0,</span> <span class='ocrx_word' id='word_1_46' title='bbox 1168 1404 1199 1470; x_wconf 86' lang='lat'>5.</span> <span class='ocrx_word' id='word_1_47' title='bbox 1230 1406 1406 1495; x_wconf 83' lang='lat' dir='ltr'>(Loquitur</span> <span class='ocrx_word' id='word_1_48' title='bbox 1436 1409 1543 1498; x_wconf 84' lang='lat' dir='ltr'>Aper)</span> 
     </span>
     <span class='ocr_line' id='line_1_7' title="bbox 305 1510 1541 1603; baseline 0.005 -30"><span class='ocrx_word' id='word_1_49' title='bbox 305 1533 321 1573; x_wconf 80' lang='lat' dir='ltr'>a</span> <span class='ocrx_word' id='word_1_50' title='bbox 348 1511 437 1590; x_wconf 87' lang='lat' dir='ltr'>Quid</span> <span class='ocrx_word' id='word_1_51' title='bbox 464 1512 556 1577; x_wconf 89' lang='lat' dir='ltr'>aliud</span> <span class='ocrx_word' id='word_1_52' title='bbox 588 1511 719 1577; x_wconf 82' lang='lat' dir='ltr'>infestis</span> <span class='ocrx_word' id='word_1_53' title='bbox 748 1510 902 1599; x_wconf 90' lang='lat' dir='ltr'>patribus</span> <span class='ocrx_word' id='word_1_54' title='bbox 934 1533 1042 1599; x_wconf 85' lang='lat' dir='ltr'>nuper</span> <span class='ocrx_word' id='word_1_55' title='bbox 1079 1510 1202 1599; x_wconf 85' lang='lat' dir='ltr'>Eprius</span> <span class='ocrx_word' id='word_1_56' title='bbox 1229 1512 1412 1579; x_wconf 82' lang='lat' dir='ltr'>Marcellus</span> <span class='ocrx_word' id='word_1_57' title='bbox 1439 1537 1541 1603; x_wconf 91' lang='lat' dir='ltr'>quam</span> 
     </span>
     <span class='ocr_line' id='line_1_8' title="bbox 304 1617 1541 1709; baseline 0.001 -24"><span class='ocrx_word' id='word_1_58' title='bbox 304 1620 532 1709; x_wconf 90' lang='lat' dir='ltr'>eloquentiam</span> <span class='ocrx_word' id='word_1_59' title='bbox 548 1642 645 1684; x_wconf 91' lang='lat' dir='ltr'>suam</span> <span class='ocrx_word' id='word_1_60' title='bbox 665 1619 848 1707; x_wconf 80' lang='lat' dir='ltr'>opposuit?</span> <span class='ocrx_word' id='word_1_61' title='bbox 882 1617 956 1696; x_wconf 81' lang='lat' dir='ltr'>Qua</span> <span class='ocrx_word' id='word_1_62' title='bbox 985 1618 1157 1684; x_wconf 91' lang='lat' dir='ltr'>accinctus</span> <span class='ocrx_word' id='word_1_63' title='bbox 1186 1627 1220 1685; x_wconf 91' lang='lat' dir='ltr'>et</span> <span class='ocrx_word' id='word_1_64' title='bbox 1239 1620 1354 1684; x_wconf 81' lang='lat' dir='ltr'>minax</span> <span class='ocrx_word' id='word_1_65' title='bbox 1380 1620 1541 1688; x_wconf 88' lang='lat' dir='ltr'>disertam</span> 
     </span>
     <span class='ocr_line' id='line_1_9' title="bbox 304 1724 1544 1815; baseline 0 -23"><span class='ocrx_word' id='word_1_66' title='bbox 304 1726 453 1815; x_wconf 81' lang='lat' dir='ltr'>quidem,</span> <span class='ocrx_word' id='word_1_67' title='bbox 471 1725 531 1792; x_wconf 90' lang='lat' dir='ltr'>sed</span> <span class='ocrx_word' id='word_1_68' title='bbox 546 1726 801 1791; x_wconf 79' lang='lat' dir='ltr'>inexercitatam</span> <span class='ocrx_word' id='word_1_69' title='bbox 817 1731 850 1790; x_wconf 89' lang='lat' dir='ltr'>et</span> <span class='ocrx_word' id='word_1_70' title='bbox 865 1724 937 1790; x_wconf 90' lang='lat' dir='ltr'>eius</span> <span class='ocrx_word' id='word_1_71' title='bbox 952 1725 1042 1789; x_wconf 92' lang='lat' dir='ltr'>modi</span> <span class='ocrx_word' id='word_1_72' title='bbox 1056 1727 1279 1791; x_wconf 72' lang='lat' dir='ltr'>certaminum</span> <span class='ocrx_word' id='word_1_73' title='bbox 1293 1727 1411 1792; x_wconf 87' lang='lat' dir='ltr'>rudem</span> <span class='ocrx_word' id='word_1_74' title='bbox 1428 1727 1544 1793; x_wconf 88' lang='lat' dir='ltr'>llelvi-</span> 
     </span>
     <span class='ocr_line' id='line_1_10' title="bbox 305 1832 701 1921; baseline -0.003 -22"><span class='ocrx_word' id='word_1_75' title='bbox 305 1835 352 1899; x_wconf 93' lang='lat' dir='ltr'>dii</span> <span class='ocrx_word' id='word_1_76' title='bbox 371 1834 573 1921; x_wconf 89' lang='lat' dir='ltr'>sapientiam</span> <span class='ocrx_word' id='word_1_77' title='bbox 588 1832 701 1898; x_wconf 86' lang='lat' dir='ltr'>elusit.</span> 
     </span>
    </p>

    <p class='ocr_par' dir='ltr' id='par_1_3' title="bbox 259 1939 1541 2330">
     <span class='ocr_line' id='line_1_11' title="bbox 259 1939 1541 2029; baseline -0.001 -24"><span class='ocrx_word' id='word_1_78' title='bbox 259 1941 471 2028; x_wconf 84' lang='lat' dir='ltr'>(HELVIVS</span> <span class='ocrx_word' id='word_1_79' title='bbox 502 1940 675 2029; x_wconf 81' lang='lat' dir='ltr'>RVFVS),</span> <span class='ocrx_word' id='word_1_80' title='bbox 700 1939 846 2006; x_wconf 80' lang='lat' dir='ltr'>RVFVS</span> <span class='ocrx_word' id='word_1_81' title='bbox 867 1939 1094 2007; x_wconf 84' lang='lat' dir='ltr'>HELVIVS¹.</span> <span class='ocrx_word' id='word_1_82' title='bbox 1111 1979 1156 1992; x_wconf 94' lang='lat'>-</span> <span class='ocrx_word' id='word_1_83' title='bbox 1181 1942 1211 2021; x_wconf 84' lang='lat'>3,</span> <span class='ocrx_word' id='word_1_84' title='bbox 1236 1965 1288 2006; x_wconf 69' lang='grc' dir='ltr'>αι.</span> <span class='ocrx_word' id='word_1_85' title='bbox 1318 1942 1392 2021; x_wconf 82' lang='lat' dir='ltr'>Quo</span> <span class='ocrx_word' id='word_1_86' title='bbox 1412 1941 1541 2029; x_wconf 87' lang='lat' dir='ltr'>proelio</span> 
     </span>
     <span class='ocr_line' id='line_1_12' title="bbox 302 2045 1541 2134; baseline -0.001 -22"><span class='ocrx_word' id='word_1_87' title='bbox 302 2047 478 2134; x_wconf 88' lang='lat' dir='ltr'>(adversus</span> <span class='ocrx_word' id='word_1_88' title='bbox 504 2047 762 2132; x_wconf 77' lang='lat' dir='ltr'>Tacfarinatem)</span> <span class='ocrx_word' id='word_1_89' title='bbox 793 2046 901 2112; x_wconf 88' lang='lat' dir='ltr'>llusus</span> <span class='ocrx_word' id='word_1_90' title='bbox 931 2045 1072 2113; x_wconf 86' lang='lat' dir='ltr'>Helvius</span> <span class='ocrx_word' id='word_1_91' title='bbox 1086 2048 1261 2134; x_wconf 86' lang='lat' dir='ltr'>gregarius</span> <span class='ocrx_word' id='word_1_92' title='bbox 1287 2048 1385 2113; x_wconf 91' lang='lat' dir='ltr'>miles</span> <span class='ocrx_word' id='word_1_93' title='bbox 1417 2048 1541 2114; x_wconf 87' lang='lat' dir='ltr'>servati</span> 
     </span>
     <span class='ocr_line' id='line_1_13' title="bbox 302 2153 1539 2245; baseline -0.002 -25"><span class='ocrx_word' id='word_1_94' title='bbox 302 2156 385 2220; x_wconf 90' lang='lat' dir='ltr'>civis</span> <span class='ocrx_word' id='word_1_95' title='bbox 399 2154 502 2220; x_wconf 89' lang='lat' dir='ltr'>decus</span> <span class='ocrx_word' id='word_1_96' title='bbox 515 2155 647 2220; x_wconf 89' lang='lat' dir='ltr'>rettulit</span> <span class='ocrx_word' id='word_1_97' title='bbox 660 2155 872 2242; x_wconf 87' lang='lat' dir='ltr'>donatusque</span> <span class='ocrx_word' id='word_1_98' title='bbox 885 2161 937 2219; x_wconf 88' lang='lat' dir='ltr'>est</span> <span class='ocrx_word' id='word_1_99' title='bbox 957 2153 999 2218; x_wconf 89' lang='lat' dir='ltr'>ab</span> <span class='ocrx_word' id='word_1_100' title='bbox 1014 2156 1168 2243; x_wconf 79' lang='lat' dir='ltr'>Apronio</span> <span class='ocrx_word' id='word_1_101' title='bbox 1186 2155 1362 2245; x_wconf 86' lang='lat' dir='ltr'>torquibus</span> <span class='ocrx_word' id='word_1_102' title='bbox 1377 2164 1411 2221; x_wconf 90' lang='lat' dir='ltr'>et</span> <span class='ocrx_word' id='word_1_103' title='bbox 1430 2155 1539 2220; x_wconf 91' lang='lat' dir='ltr'>hasta.</span> 
     </span>
     <span class='ocr_line' id='line_1_14' title="bbox 304 2262 911 2330; baseline -0.007 0"><span class='ocrx_word' id='word_1_104' title='bbox 304 2264 429 2330; x_wconf 87' lang='lat' dir='ltr'>Caesar</span> <span class='ocrx_word' id='word_1_105' title='bbox 441 2262 572 2328; x_wconf 91' lang='lat' dir='ltr'>addidit</span> <span class='ocrx_word' id='word_1_106' title='bbox 584 2263 725 2328; x_wconf 88' lang='lat' dir='ltr'>civicam</span> <span class='ocrx_word' id='word_1_107' title='bbox 740 2284 911 2327; x_wconf 90' lang='lat' dir='ltr'>coronam.</span> 
     </span>
    </p>

    <p class='ocr_par' dir='ltr' id='par_1_4' title="bbox 261 2369 1542 2566">
     <span class='ocr_line' id='line_1_15' title="bbox 261 2369 1542 2457; baseline 0.002 -22"><span class='ocrx_word' id='word_1_108' title='bbox 261 2370 494 2437; x_wconf 87' lang='lat' dir='ltr'>HENIOCHI.</span> <span class='ocrx_word' id='word_1_109' title='bbox 514 2408 558 2419; x_wconf 98' lang='lat'>—</span> <span class='ocrx_word' id='word_1_110' title='bbox 574 2395 604 2442; x_wconf 80' lang='lat' dir='ltr'>a,</span> <span class='ocrx_word' id='word_1_111' title='bbox 622 2369 677 2435; x_wconf 89' lang='grc'>68.</span> <span class='ocrx_word' id='word_1_112' title='bbox 695 2371 896 2436; x_wconf 86' lang='lat' dir='ltr'>Vonones...</span> <span class='ocrx_word' id='word_1_113' title='bbox 914 2370 1115 2457; x_wconf 85' lang='lat' dir='ltr'>ellugcread</span> <span class='ocrx_word' id='word_1_114' title='bbox 1130 2371 1324 2450; x_wconf 79' lang='lat' dir='ltr'>Armenios,</span> <span class='ocrx_word' id='word_1_115' title='bbox 1342 2371 1420 2436; x_wconf 91' lang='lat' dir='ltr'>inde</span> <span class='ocrx_word' id='word_1_116' title='bbox 1437 2371 1542 2437; x_wconf 81' lang='lat' dir='ltr'>Alba-</span> 
     </span>
     <span class='ocr_line' id='line_1_16' title="bbox 304 2478 928 2566; baseline 0.002 -23"><span class='ocrx_word' id='word_1_117' title='bbox 304 2501 366 2543; x_wconf 94' lang='lat' dir='ltr'>nos</span> <span class='ocrx_word' id='word_1_118' title='bbox 387 2478 688 2566; x_wconf 89' lang='lat' dir='ltr'>Heniochosque...</span> <span class='ocrx_word' id='word_1_119' title='bbox 707 2485 849 2542; x_wconf 91' lang='lat' dir='ltr'>conatus</span> <span class='ocrx_word' id='word_1_120' title='bbox 866 2484 928 2544; x_wconf 89' lang='lat' dir='ltr'>est.</span> 
     </span>
    </p>

    <p class='ocr_par' dir='ltr' id='par_1_5' title="bbox 260 2585 1542 2974">
     <span class='ocr_line' id='line_1_17' title="bbox 260 2585 1541 2673; baseline 0.002 -22"><span class='ocrx_word' id='word_1_121' title='bbox 260 2585 703 2664; x_wconf 71' lang='lat' dir='ltr'>HERCVLElvs⁹.-1t‚</span> <span class='ocrx_word' id='word_1_122' title='bbox 727 2585 758 2650; x_wconf 91' lang='lat'>8.</span> <span class='ocrx_word' id='word_1_123' title='bbox 782 2585 1001 2672; x_wconf 77' lang='lat' dir='ltr'>(Agrippina)</span> <span class='ocrx_word' id='word_1_124' title='bbox 1029 2586 1165 2673; x_wconf 89' lang='lat' dir='ltr'>respicit</span> <span class='ocrx_word' id='word_1_125' title='bbox 1190 2586 1371 2652; x_wconf 77' lang='lat' dir='ltr'>Anicetum</span> <span class='ocrx_word' id='word_1_126' title='bbox 1399 2588 1541 2653; x_wconf 85' lang='lat' dir='ltr'>trierar-</span> 
     </span>
     <span class='ocr_line' id='line_1_18' title="bbox 302 2692 1539 2761; baseline 0.001 -2"><span class='ocrx_word' id='word_1_127' title='bbox 302 2694 366 2759; x_wconf 93' lang='lat' dir='ltr'>cho</span> <span class='ocrx_word' id='word_1_128' title='bbox 404 2694 581 2760; x_wconf 79' lang='lat' dir='ltr'>Herculeio</span> <span class='ocrx_word' id='word_1_129' title='bbox 607 2701 640 2758; x_wconf 89' lang='lat' dir='ltr'>et</span> <span class='ocrx_word' id='word_1_130' title='bbox 672 2692 813 2759; x_wconf 83' lang='lat' dir='ltr'>Obarito</span> <span class='ocrx_word' id='word_1_131' title='bbox 843 2693 1039 2758; x_wconf 91' lang='lat' dir='ltr'>centurione</span> <span class='ocrx_word' id='word_1_132' title='bbox 1074 2692 1246 2758; x_wconf 88' lang='lat' dir='ltr'>classiario</span> <span class='ocrx_word' id='word_1_133' title='bbox 1298 2696 1539 2761; x_wconf 88' lang='lat' dir='ltr'>comitatum...</span> 
     </span>
     <span class='ocr_line' id='line_1_19' title="bbox 303 2800 1542 2890; baseline 0.001 -23"><span class='ocrx_word' id='word_1_134' title='bbox 303 2801 567 2867; x_wconf 89' lang='lat' dir='ltr'>Circumsistunt</span> <span class='ocrx_word' id='word_1_135' title='bbox 582 2800 706 2866; x_wconf 87' lang='lat' dir='ltr'>lectum</span> <span class='ocrx_word' id='word_1_136' title='bbox 728 2823 944 2887; x_wconf 87' lang='lat' dir='ltr'>percussores</span> <span class='ocrx_word' id='word_1_137' title='bbox 963 2808 996 2865; x_wconf 87' lang='lat' dir='ltr'>et</span> <span class='ocrx_word' id='word_1_138' title='bbox 1012 2801 1102 2888; x_wconf 91' lang='lat' dir='ltr'>prior</span> <span class='ocrx_word' id='word_1_139' title='bbox 1127 2801 1331 2866; x_wconf 86' lang='lat' dir='ltr'>trierarchus</span> <span class='ocrx_word' id='word_1_140' title='bbox 1345 2801 1425 2868; x_wconf 88' lang='lat' dir='ltr'>lusti</span> <span class='ocrx_word' id='word_1_141' title='bbox 1441 2811 1542 2890; x_wconf 91' lang='lat' dir='ltr'>caput</span> 
     </span>
     <span class='ocr_line' id='line_1_20' title="bbox 303 2908 539 2974; baseline 0.004 -1"><span class='ocrx_word' id='word_1_142' title='bbox 303 2908 375 2974; x_wconf 90' lang='lat' dir='ltr'>eius</span> <span class='ocrx_word' id='word_1_143' title='bbox 396 2908 539 2974; x_wconf 88' lang='lat' dir='ltr'>adllixit.</span> 
     </span>
    </p>

    <p class='ocr_par' dir='ltr' id='par_1_6' title="bbox 260 3015 1543 4717">
     <span class='ocr_line' id='line_1_21' title="bbox 260 3015 1540 3104; baseline 0.004 -24"><span class='ocrx_word' id='word_1_144' title='bbox 260 3016 509 3083; x_wconf 82' lang='lat' dir='ltr'>llERCVLES.</span> <span class='ocrx_word' id='word_1_145' title='bbox 527 3054 570 3064; x_wconf 94' lang='lat'>-</span> <span class='ocrx_word' id='word_1_146' title='bbox 591 3039 622 3091; x_wconf 70' lang='grc' dir='ltr'>α,</span> <span class='ocrx_word' id='word_1_147' title='bbox 650 3038 699 3083; x_wconf 85' lang='lat' dir='ltr'>ra.</span> <span class='ocrx_word' id='word_1_148' title='bbox 723 3015 975 3103; x_wconf 80' lang='lat' dir='ltr'>(Germanicus)</span> <span class='ocrx_word' id='word_1_149' title='bbox 999 3015 1124 3080; x_wconf 91' lang='lat' dir='ltr'>indicio</span> <span class='ocrx_word' id='word_1_150' title='bbox 1146 3016 1305 3104; x_wconf 79' lang='lat' dir='ltr'>perfugae</span> <span class='ocrx_word' id='word_1_151' title='bbox 1325 3019 1540 3104; x_wconf 84' lang='lat' dir='ltr'>cognoscit...</span> 
     </span>
     <span class='ocr_line' id='line_1_22' title="bbox 302 3121 1542 3212; baseline 0.004 -25"><span class='ocrx_word' id='word_1_152' title='bbox 302 3124 500 3189; x_wconf 83' lang='lat' dir='ltr'>convenisse</span> <span class='ocrx_word' id='word_1_153' title='bbox 515 3123 731 3212; x_wconf 70' lang='lat' dir='ltr'>(Germanos)</span> <span class='ocrx_word' id='word_1_154' title='bbox 745 3123 780 3187; x_wconf 90' lang='lat' dir='ltr'>iu</span> <span class='ocrx_word' id='word_1_155' title='bbox 799 3121 920 3187; x_wconf 84' lang='lat' dir='ltr'>silvam</span> <span class='ocrx_word' id='word_1_156' title='bbox 936 3121 1072 3187; x_wconf 92' lang='lat' dir='ltr'>llerculi</span> <span class='ocrx_word' id='word_1_157' title='bbox 1092 3147 1233 3189; x_wconf 90' lang='lat' dir='ltr'>sacram.</span> <span class='ocrx_word' id='word_1_158' title='bbox 1251 3162 1294 3172; x_wconf 96' lang='lat'><em>-</em></span> <span class='ocrx_word' id='word_1_159' title='bbox 1313 3149 1345 3203; x_wconf 82' lang='lat' dir='ltr'>a,</span> <span class='ocrx_word' id='word_1_160' title='bbox 1363 3124 1415 3190; x_wconf 80' lang='lat' dir='ltr'>(lo.</span> <span class='ocrx_word' id='word_1_161' title='bbox 1435 3125 1542 3192; x_wconf 92' lang='lat' dir='ltr'>Orsus</span> 
     </span>
     <span class='ocr_line' id='line_1_23' title="bbox 302 3230 1540 3320; baseline 0.002 -25"><span class='ocrx_word' id='word_1_162' title='bbox 302 3231 426 3320; x_wconf 90' lang='lat' dir='ltr'>oppido</span> <span class='ocrx_word' id='word_1_163' title='bbox 442 3255 460 3295; x_wconf 93' lang='lat' dir='ltr'>a</span> <span class='ocrx_word' id='word_1_164' title='bbox 476 3232 656 3318; x_wconf 89' lang='lat' dir='ltr'>Canopo...</span> <span class='ocrx_word' id='word_1_165' title='bbox 676 3230 757 3295; x_wconf 90' lang='lat' dir='ltr'>inde</span> <span class='ocrx_word' id='word_1_166' title='bbox 777 3231 969 3319; x_wconf 82' lang='lat' dir='ltr'>proximum</span> <span class='ocrx_word' id='word_1_167' title='bbox 989 3231 1098 3294; x_wconf 92' lang='lat' dir='ltr'>amnis</span> <span class='ocrx_word' id='word_1_168' title='bbox 1119 3230 1216 3317; x_wconf 80' lang='lat' dir='ltr'>(Nili)</span> <span class='ocrx_word' id='word_1_169' title='bbox 1232 3253 1270 3294; x_wconf 91' lang='lat' dir='ltr'>os</span> <span class='ocrx_word' id='word_1_170' title='bbox 1285 3230 1434 3297; x_wconf 88' lang='lat' dir='ltr'>dicatum</span> <span class='ocrx_word' id='word_1_171' title='bbox 1456 3233 1540 3298; x_wconf 89' lang='lat' dir='ltr'>ller-</span> 
     </span>
     <span class='ocr_line' id='line_1_24' title="bbox 303 3337 1543 3428; baseline 0.002 -25"><span class='ocrx_word' id='word_1_172' title='bbox 303 3338 383 3417; x_wconf 83' lang='lat' dir='ltr'>culi,</span> <span class='ocrx_word' id='word_1_173' title='bbox 401 3361 501 3428; x_wconf 89' lang='lat' dir='ltr'>quem</span> <span class='ocrx_word' id='word_1_174' title='bbox 520 3337 698 3424; x_wconf 78' lang='lat' dir='ltr'>indigenae</span> <span class='ocrx_word' id='word_1_175' title='bbox 717 3345 829 3402; x_wconf 92' lang='lat' dir='ltr'>ortum</span> <span class='ocrx_word' id='word_1_176' title='bbox 850 3337 940 3424; x_wconf 89' lang='lat' dir='ltr'>apud</span> <span class='ocrx_word' id='word_1_177' title='bbox 956 3361 990 3402; x_wconf 91' lang='lat' dir='ltr'>se</span> <span class='ocrx_word' id='word_1_178' title='bbox 1013 3345 1047 3402; x_wconf 90' lang='lat' dir='ltr'>et</span> <span class='ocrx_word' id='word_1_179' title='bbox 1069 3338 1344 3426; x_wconf 90' lang='lat' dir='ltr'>antiquissimum</span> <span class='ocrx_word' id='word_1_180' title='bbox 1365 3339 1543 3426; x_wconf 90' lang='lat' dir='ltr'>perhibent</span> 
     </span>
     <span class='ocr_line' id='line_1_25' title="bbox 303 3445 1542 3535; baseline 0.001 -24"><span class='ocrx_word' id='word_1_181' title='bbox 303 3447 515 3535; x_wconf 84' lang='lat' dir='ltr'>eosquc‚qui</span> <span class='ocrx_word' id='word_1_182' title='bbox 539 3454 657 3533; x_wconf 87' lang='lat' dir='ltr'>postea</span> <span class='ocrx_word' id='word_1_183' title='bbox 679 3446 752 3534; x_wconf 90' lang='lat' dir='ltr'>pari</span> <span class='ocrx_word' id='word_1_184' title='bbox 779 3446 904 3510; x_wconf 86' lang='lat' dir='ltr'>virtute</span> <span class='ocrx_word' id='word_1_185' title='bbox 931 3445 1067 3524; x_wconf 78' lang='lat' dir='ltr'>luerint,</span> <span class='ocrx_word' id='word_1_186' title='bbox 1103 3445 1138 3509; x_wconf 93' lang='lat' dir='ltr'>in</span> <span class='ocrx_word' id='word_1_187' title='bbox 1174 3454 1437 3533; x_wconf 82' lang='lat' dir='ltr'>cognomentum</span> <span class='ocrx_word' id='word_1_188' title='bbox 1470 3448 1542 3512; x_wconf 93' lang='lat' dir='ltr'>eius</span> 
     </span>
     <span class='ocr_line' id='line_1_26' title="bbox 302 3553 1543 3640; baseline 0.002 -22"><span class='ocrx_word' id='word_1_189' title='bbox 302 3553 461 3619; x_wconf 90' lang='lat' dir='ltr'>adscitos.</span> <span class='ocrx_word' id='word_1_190' title='bbox 478 3588 522 3602; x_wconf 91' lang='lat'>-</span> <span class='ocrx_word' id='word_1_191' title='bbox 548 3555 579 3633; x_wconf 79' lang='lat'>3,</span> <span class='ocrx_word' id='word_1_192' title='bbox 597 3553 650 3619; x_wconf 82' lang='lat'>61.</span> <span class='ocrx_word' id='word_1_193' title='bbox 688 3553 866 3640; x_wconf 87' lang='lat' dir='ltr'>Ephesii...</span> <span class='ocrx_word' id='word_1_194' title='bbox 891 3560 1158 3619; x_wconf 87' lang='lat' dir='ltr'>memorantes...</span> <span class='ocrx_word' id='word_1_195' title='bbox 1182 3561 1357 3619; x_wconf 86' lang='lat' dir='ltr'>auctam...</span> <span class='ocrx_word' id='word_1_196' title='bbox 1380 3576 1543 3620; x_wconf 91' lang='lat' dir='ltr'>concessu</span> 
     </span>
     <span class='ocr_line' id='line_1_27' title="bbox 304 3660 1541 3751; baseline 0 -24"><span class='ocrx_word' id='word_1_197' title='bbox 304 3661 471 3742; x_wconf 85' lang='lat' dir='ltr'>Herculis,</span> <span class='ocrx_word' id='word_1_198' title='bbox 493 3685 570 3726; x_wconf 91' lang='lat' dir='ltr'>cum</span> <span class='ocrx_word' id='word_1_199' title='bbox 607 3660 713 3749; x_wconf 75' lang='lat' dir='ltr'>Lydia</span> <span class='ocrx_word' id='word_1_200' title='bbox 751 3668 937 3750; x_wconf 84' lang='lat' dir='ltr'>poteretur,</span> <span class='ocrx_word' id='word_1_201' title='bbox 966 3661 1204 3725; x_wconf 87' lang='lat' dir='ltr'>caerimoniam</span> <span class='ocrx_word' id='word_1_202' title='bbox 1241 3661 1367 3748; x_wconf 90' lang='lat' dir='ltr'>templo</span> <span class='ocrx_word' id='word_1_203' title='bbox 1398 3662 1445 3751; x_wconf 83' lang='lat' dir='ltr'>(in</span> <span class='ocrx_word' id='word_1_204' title='bbox 1466 3662 1541 3727; x_wconf 93' lang='lat' dir='ltr'>luco</span> 
     </span>
     <span class='ocr_line' id='line_1_28' title="bbox 303 3766 1539 3857; baseline -0.002 -20"><span class='ocrx_word' id='word_1_205' title='bbox 303 3770 445 3856; x_wconf 87' lang='lat' dir='ltr'>Ortygia</span> <span class='ocrx_word' id='word_1_206' title='bbox 457 3769 548 3855; x_wconf 85' lang='lat' dir='ltr'>sito).</span> <span class='ocrx_word' id='word_1_207' title='bbox 565 3807 610 3820; x_wconf 94' lang='lat'>-</span> <span class='ocrx_word' id='word_1_208' title='bbox 630 3771 662 3846; x_wconf 71' lang='lat' dir='ltr'>t,</span> <span class='ocrx_word' id='word_1_209' title='bbox 680 3769 733 3833; x_wconf 80' lang='lat'>38.</span> <span class='ocrx_word' id='word_1_210' title='bbox 754 3797 769 3829; x_wconf 73' lang='grc' dir='ltr'>α</span> <span class='ocrx_word' id='word_1_211' title='bbox 789 3768 987 3855; x_wconf 89' lang='lat' dir='ltr'>Optimos...</span> <span class='ocrx_word' id='word_1_212' title='bbox 1005 3767 1202 3832; x_wconf 90' lang='lat' dir='ltr'>mortalium</span> <span class='ocrx_word' id='word_1_213' title='bbox 1214 3766 1380 3833; x_wconf 83' lang='lat' dir='ltr'>altissima</span> <span class='ocrx_word' id='word_1_214' title='bbox 1397 3791 1539 3857; x_wconf 88' lang='lat' dir='ltr'>cupere;</span> 
     </span>
     <span class='ocr_line' id='line_1_29' title="bbox 304 3874 1539 3963; baseline 0 -22"><span class='ocrx_word' id='word_1_215' title='bbox 304 3878 351 3941; x_wconf 92' lang='lat' dir='ltr'>sic</span> <span class='ocrx_word' id='word_1_216' title='bbox 368 3876 549 3942; x_wconf 89' lang='lat' dir='ltr'>llerculem</span> <span class='ocrx_word' id='word_1_217' title='bbox 565 3883 598 3941; x_wconf 88' lang='lat' dir='ltr'>et</span> <span class='ocrx_word' id='word_1_218' title='bbox 613 3874 772 3940; x_wconf 91' lang='lat' dir='ltr'>Liberum</span> <span class='ocrx_word' id='word_1_219' title='bbox 788 3875 877 3963; x_wconf 89' lang='lat' dir='ltr'>apud</span> <span class='ocrx_word' id='word_1_220' title='bbox 889 3876 1048 3950; x_wconf 89' lang='lat' dir='ltr'>Graecos,</span> <span class='ocrx_word' id='word_1_221' title='bbox 1061 3874 1241 3953; x_wconf 87' lang='lat' dir='ltr'>Quirinum</span> <span class='ocrx_word' id='word_1_222' title='bbox 1257 3874 1347 3963; x_wconf 90' lang='lat' dir='ltr'>apud</span> <span class='ocrx_word' id='word_1_223' title='bbox 1362 3899 1425 3940; x_wconf 89' lang='lat' dir='ltr'>nos</span> <span class='ocrx_word' id='word_1_224' title='bbox 1439 3876 1539 3942; x_wconf 90' lang='lat' dir='ltr'>deum</span> 
     </span>
     <span class='ocr_line' id='line_1_30' title="bbox 304 3983 1541 4063; baseline 0 -15"><span class='ocrx_word' id='word_1_225' title='bbox 304 4007 443 4050; x_wconf 90' lang='lat' dir='ltr'>numero</span> <span class='ocrx_word' id='word_1_226' title='bbox 477 3983 622 4048; x_wconf 82' lang='lat' dir='ltr'>additos,</span> <span class='ocrx_word' id='word_1_227' title='bbox 645 4011 660 4042; x_wconf 91' lang='lat'>»</span> <span class='ocrx_word' id='word_1_228' title='bbox 686 4022 729 4031; x_wconf 92' lang='lat'><strong>—</strong></span> <span class='ocrx_word' id='word_1_229' title='bbox 759 3986 791 4063; x_wconf 71' lang='grc'>4,</span> <span class='ocrx_word' id='word_1_230' title='bbox 819 3983 873 4060; x_wconf 69' lang='grc'>43.</span> <span class='ocrx_word' id='word_1_231' title='bbox 908 3983 1068 4048; x_wconf 88' lang='lat' dir='ltr'>Messenii</span> <span class='ocrx_word' id='word_1_232' title='bbox 1091 3989 1239 4048; x_wconf 90' lang='lat' dir='ltr'>veterem</span> <span class='ocrx_word' id='word_1_233' title='bbox 1276 3983 1364 4049; x_wconf 90' lang='lat' dir='ltr'>inter</span> <span class='ocrx_word' id='word_1_234' title='bbox 1384 3983 1541 4049; x_wconf 87' lang='lat' dir='ltr'>Herculis</span> 
     </span>
     <span class='ocr_line' id='line_1_31' title="bbox 303 4089 1541 4179; baseline -0.001 -23"><span class='ocrx_word' id='word_1_235' title='bbox 303 4098 456 4179; x_wconf 82' lang='lat' dir='ltr'>posteros</span> <span class='ocrx_word' id='word_1_236' title='bbox 482 4090 683 4155; x_wconf 88' lang='lat' dir='ltr'>divisionem</span> <span class='ocrx_word' id='word_1_237' title='bbox 705 4090 932 4178; x_wconf 88' lang='lat' dir='ltr'>Peloponnesi</span> <span class='ocrx_word' id='word_1_238' title='bbox 955 4090 1136 4179; x_wconf 89' lang='lat' dir='ltr'>protulere.</span> <span class='ocrx_word' id='word_1_239' title='bbox 1153 4129 1197 4139; x_wconf 92' lang='lat'>-</span> <span class='ocrx_word' id='word_1_240' title='bbox 1232 4089 1354 4172; x_wconf 80' lang='lat' dir='ltr'>ra,13.</span> <span class='ocrx_word' id='word_1_241' title='bbox 1381 4091 1541 4157; x_wconf 89' lang='lat' dir='ltr'>Gotarzes</span> 
     </span>
     <span class='ocr_line' id='line_1_32' title="bbox 303 4197 1539 4287; baseline 0.001 -24"><span class='ocrx_word' id='word_1_242' title='bbox 303 4199 393 4287; x_wconf 90' lang='lat' dir='ltr'>apud</span> <span class='ocrx_word' id='word_1_243' title='bbox 422 4207 583 4272; x_wconf 86' lang='lat' dir='ltr'>montem,</span> <span class='ocrx_word' id='word_1_244' title='bbox 611 4198 664 4263; x_wconf 91' lang='lat' dir='ltr'>cui</span> <span class='ocrx_word' id='word_1_245' title='bbox 694 4221 817 4262; x_wconf 89' lang='lat' dir='ltr'>nomen</span> <span class='ocrx_word' id='word_1_246' title='bbox 831 4197 1012 4272; x_wconf 80' lang='lat' dir='ltr'>Sanbulos,</span> <span class='ocrx_word' id='word_1_247' title='bbox 1048 4206 1126 4263; x_wconf 85' lang='lat' dir='ltr'>vota</span> <span class='ocrx_word' id='word_1_248' title='bbox 1152 4197 1204 4263; x_wconf 92' lang='lat' dir='ltr'>dis</span> <span class='ocrx_word' id='word_1_249' title='bbox 1231 4198 1297 4263; x_wconf 91' lang='lat' dir='ltr'>loci</span> <span class='ocrx_word' id='word_1_250' title='bbox 1321 4198 1539 4286; x_wconf 88' lang='lat' dir='ltr'>suscipiebat,</span> 
     </span>
     <span class='ocr_line' id='line_1_33' title="bbox 304 4304 1541 4394; baseline -0.002 -23"><span class='ocrx_word' id='word_1_251' title='bbox 304 4307 480 4393; x_wconf 89' lang='lat' dir='ltr'>praecipua</span> <span class='ocrx_word' id='word_1_252' title='bbox 506 4305 669 4391; x_wconf 82' lang='lat' dir='ltr'>religione</span> <span class='ocrx_word' id='word_1_253' title='bbox 700 4304 868 4382; x_wconf 83' lang='lat' dir='ltr'>Herculis,</span> <span class='ocrx_word' id='word_1_254' title='bbox 891 4306 950 4393; x_wconf 93' lang='lat' dir='ltr'>qui</span> <span class='ocrx_word' id='word_1_255' title='bbox 992 4313 1142 4392; x_wconf 90' lang='lat' dir='ltr'>tempore</span> <span class='ocrx_word' id='word_1_256' title='bbox 1180 4312 1269 4371; x_wconf 90' lang='lat' dir='ltr'>stato</span> <span class='ocrx_word' id='word_1_257' title='bbox 1293 4328 1351 4394; x_wconf 89' lang='lat' dir='ltr'>per</span> <span class='ocrx_word' id='word_1_258' title='bbox 1393 4307 1541 4394; x_wconf 89' lang='lat' dir='ltr'>quietem</span> 
     </span>
     <span class='ocr_line' id='line_1_34' title="bbox 304 4411 1541 4501; baseline 0 -24"><span class='ocrx_word' id='word_1_259' title='bbox 304 4421 419 4478; x_wconf 91' lang='lat' dir='ltr'>monet</span> <span class='ocrx_word' id='word_1_260' title='bbox 466 4413 698 4479; x_wconf 89' lang='lat' dir='ltr'>sacerdotes...</span> <span class='ocrx_word' id='word_1_261' title='bbox 739 4449 783 4462; x_wconf 96' lang='lat'>-</span> <span class='ocrx_word' id='word_1_262' title='bbox 830 4437 879 4490; x_wconf 87' lang='lat' dir='ltr'>ra,</span> <span class='ocrx_word' id='word_1_263' title='bbox 907 4415 962 4489; x_wconf 72' lang='lat' dir='ltr'>at.</span> <span class='ocrx_word' id='word_1_264' title='bbox 998 4411 1097 4489; x_wconf 80' lang='lat' dir='ltr'>Quod</span> <span class='ocrx_word' id='word_1_265' title='bbox 1130 4414 1338 4501; x_wconf 90' lang='lat' dir='ltr'>pomoerium</span> <span class='ocrx_word' id='word_1_266' title='bbox 1378 4413 1541 4479; x_wconf 82' lang='lat' dir='ltr'>Romulus</span> 
     </span>
     <span class='ocr_line' id='line_1_35' title="bbox 303 4519 1540 4609; baseline 0 -23"><span class='ocrx_word' id='word_1_267' title='bbox 303 4522 465 4609; x_wconf 80' lang='lat' dir='ltr'>posuerit,</span> <span class='ocrx_word' id='word_1_268' title='bbox 511 4544 648 4585; x_wconf 88' lang='lat' dir='ltr'>noscere</span> <span class='ocrx_word' id='word_1_269' title='bbox 686 4519 775 4585; x_wconf 88' lang='lat' dir='ltr'>haud</span> <span class='ocrx_word' id='word_1_270' title='bbox 816 4520 1002 4586; x_wconf 91' lang='lat' dir='ltr'>absurdum</span> <span class='ocrx_word' id='word_1_271' title='bbox 1043 4544 1128 4587; x_wconf 89' lang='lat' dir='ltr'>reor.</span> <span class='ocrx_word' id='word_1_272' title='bbox 1169 4520 1276 4608; x_wconf 87' lang='lat' dir='ltr'>Igitur</span> <span class='ocrx_word' id='word_1_273' title='bbox 1309 4545 1329 4586; x_wconf 94' lang='lat' dir='ltr'>a</span> <span class='ocrx_word' id='word_1_274' title='bbox 1359 4521 1427 4586; x_wconf 83' lang='lat' dir='ltr'>loro</span> <span class='ocrx_word' id='word_1_275' title='bbox 1459 4521 1540 4587; x_wconf 90' lang='lat' dir='ltr'>hoa-</span> 
     </span>
     <span class='ocr_line' id='line_1_36' title="bbox 303 4626 1540 4717; baseline -0.001 -23"><span class='ocrx_word' id='word_1_276' title='bbox 303 4630 394 4696; x_wconf 92' lang='lat' dir='ltr'>rio...</span> <span class='ocrx_word' id='word_1_277' title='bbox 435 4627 550 4694; x_wconf 91' lang='lat' dir='ltr'>sulcus</span> <span class='ocrx_word' id='word_1_278' title='bbox 588 4626 791 4715; x_wconf 90' lang='lat' dir='ltr'>designandi</span> <span class='ocrx_word' id='word_1_279' title='bbox 828 4628 944 4716; x_wconf 90' lang='lat' dir='ltr'>oppidi</span> <span class='ocrx_word' id='word_1_280' title='bbox 973 4636 1132 4717; x_wconf 86' lang='lat' dir='ltr'>coeptus,</span> <span class='ocrx_word' id='word_1_281' title='bbox 1179 4636 1217 4693; x_wconf 91' lang='lat' dir='ltr'>ut</span> <span class='ocrx_word' id='word_1_282' title='bbox 1255 4651 1413 4715; x_wconf 86' lang='lat' dir='ltr'>magnam</span> <span class='ocrx_word' id='word_1_283' title='bbox 1454 4628 1540 4694; x_wconf 89' lang='lat' dir='ltr'>Her-</span> 
     </span>
    </p>
   </div>
   <div class='ocr_carea' id='block_1_3' title="bbox 290 4867 906 4997">
    <p class='ocr_par' dir='ltr' id='par_1_7' title="bbox 290 4867 906 4997">
     <span class='ocr_line' id='line_1_37' title="bbox 291 4867 906 4926; baseline 0 -11"><span class='ocrx_word' id='word_1_284' title='bbox 291 4868 298 4902; x_wconf 69' lang='grc' dir='ltr'>ί</span> <span class='ocrx_word' id='word_1_285' title='bbox 317 4867 354 4915; x_wconf 84' lang='grc' dir='ltr'>Μ.</span> <span class='ocrx_word' id='word_1_286' title='bbox 375 4868 488 4915; x_wconf 84' lang='lat' dir='ltr'>llclvius</span> <span class='ocrx_word' id='word_1_287' title='bbox 502 4867 588 4914; x_wconf 81' lang='lat' dir='ltr'>ltulus</span> <span class='ocrx_word' id='word_1_288' title='bbox 603 4867 706 4915; x_wconf 85' lang='lat' dir='ltr'>Civica.</span> <span class='ocrx_word' id='word_1_289' title='bbox 725 4867 847 4926; x_wconf 71' lang='lat' dir='ltr'>Proser.¹</span> <span class='ocrx_word' id='word_1_290' title='bbox 866 4867 906 4916; x_wconf 83' lang='lat'>51.</span> 
     </span>
     <span class='ocr_line' id='line_1_38' title="bbox 290 4948 666 4997; baseline 0 -2"><span class='ocrx_word' id='word_1_291' title='bbox 290 4950 302 4985; x_wconf 81' lang='lat'><strong>¹</strong></span> <span class='ocrx_word' id='word_1_292' title='bbox 319 4949 442 4997; x_wconf 79' lang='lat' dir='ltr'>Omissus</span> <span class='ocrx_word' id='word_1_293' title='bbox 457 4951 500 4995; x_wconf 84' lang='lat' dir='ltr'>cst</span> <span class='ocrx_word' id='word_1_294' title='bbox 514 4948 541 4994; x_wconf 86' lang='lat' dir='ltr'>iu</span> <span class='ocrx_word' id='word_1_295' title='bbox 554 4949 666 4996; x_wconf 87' lang='lat' dir='ltr'>Puosor.</span> 
     </span>
    </p>
   </div>
   <div class='ocr_carea' id='block_1_4' title="bbox 0 0 1862 6228">
    <p class='ocr_par' dir='ltr' id='par_1_8' title="bbox 0 0 1862 6228">
     <span class='ocr_line' id='line_1_39' title="bbox 0 0 1862 6228; baseline 0 0"><span class='ocrx_word' id='word_1_296' title='bbox 0 0 1862 6228; x_wconf 95' lang='lat' dir='ltr'> </span> 
     </span>
    </p>
   </div>
  </div>
 </body>
</html>
