<?xml version="1.0" encoding="UTF-8"?>
<!DOCTYPE html PUBLIC "-//W3C//DTD XHTML 1.0 Transitional//EN"
    "http://www.w3.org/TR/xhtml1/DTD/xhtml1-transitional.dtd">
<html xmlns="http://www.w3.org/1999/xhtml" xml:lang="en" lang="en">
 <head>
  <title>
</title>
<meta http-equiv="Content-Type" content="text/html;charset=utf-8" />
  <meta name='ocr-system' content='tesseract 3.04.00' />
  <meta name='ocr-capabilities' content='ocr_page ocr_carea ocr_par ocr_line ocrx_word'/>
</head>
<body>
  <div class='ocr_page' id='page_1' title='image "./onomasticontaci00fabigoog_0504.png"; bbox 0 0 3709 6234; ppageno 0'>
   <div class='ocr_carea' id='block_1_1' title="bbox 406 850 1108 910">
    <p class='ocr_par' dir='ltr' id='par_1_1' title="bbox 406 850 1108 910">
     <span class='ocr_line' id='line_1_1' title="bbox 406 850 1108 910; baseline 0.001 -5"><span class='ocrx_word' id='word_1_1' title='bbox 406 850 458 905; x_wconf 67' lang='lat'><strong>496</strong></span> <span class='ocrx_word' id='word_1_2' title='bbox 982 855 1108 910; x_wconf 74' lang='lat' dir='ltr'><strong>ORODES</strong></span> 
     </span>
    </p>
   </div>
   <div class='ocr_carea' id='block_1_2' title="bbox 391 995 1691 4737">
    <p class='ocr_par' dir='ltr' id='par_1_2' title="bbox 437 995 1691 3751">
     <span class='ocr_line' id='line_1_2' title="bbox 449 995 1690 1088; baseline 0 -26"><span class='ocrx_word' id='word_1_3' title='bbox 449 999 555 1064; x_wconf 80' lang='lat' dir='ltr'>Tarda</span> <span class='ocrx_word' id='word_1_4' title='bbox 577 999 665 1064; x_wconf 90' lang='lat' dir='ltr'><strong>mole</strong></span> <span class='ocrx_word' id='word_1_5' title='bbox 694 1000 804 1067; x_wconf 89' lang='lat' dir='ltr'><strong>civilis</strong></span> <span class='ocrx_word' id='word_1_6' title='bbox 828 998 920 1073; x_wconf 81' lang='lat' dir='ltr'><strong>belli,</strong></span> <span class='ocrx_word' id='word_1_7' title='bbox 946 999 1038 1088; x_wconf 93' lang='lat' dir='ltr'><strong>quod</strong></span> <span class='ocrx_word' id='word_1_8' title='bbox 1062 998 1164 1084; x_wconf 82' lang='lat' dir='ltr'><strong>longa</strong></span> <span class='ocrx_word' id='word_1_9' title='bbox 1191 997 1370 1063; x_wconf 90' lang='lat' dir='ltr'><strong>concordia</strong></span> <span class='ocrx_word' id='word_1_10' title='bbox 1391 997 1529 1085; x_wconf 91' lang='lat' dir='ltr'><strong>quietus</strong></span> <span class='ocrx_word' id='word_1_11' title='bbox 1562 995 1690 1063; x_wconf 84' lang='lat' dir='ltr'><strong>Oriens</strong></span> 
     </span>
     <span class='ocr_line' id='line_1_3' title="bbox 444 1103 1690 1196; baseline -0.002 -25"><span class='ocrx_word' id='word_1_12' title='bbox 444 1114 524 1171; x_wconf 85' lang='lat' dir='ltr'><strong>lunc</strong></span> <span class='ocrx_word' id='word_1_13' title='bbox 543 1107 691 1194; x_wconf 90' lang='lat' dir='ltr'><strong>primum</strong></span> <span class='ocrx_word' id='word_1_14' title='bbox 704 1107 855 1196; x_wconf 86' lang='lat' dir='ltr'><strong>parabat.</strong></span> <span class='ocrx_word' id='word_1_15' title='bbox 873 1145 913 1156; x_wconf 91' lang='lat'>-</span> <span class='ocrx_word' id='word_1_16' title='bbox 938 1105 982 1181; x_wconf 91' lang='lat' dir='ltr'><strong>ll,</strong></span> <span class='ocrx_word' id='word_1_17' title='bbox 997 1105 1029 1170; x_wconf 91' lang='lat'><strong>8.</strong></span> <span class='ocrx_word' id='word_1_18' title='bbox 1050 1105 1186 1194; x_wconf 81' lang='lat' dir='ltr'><strong>(Falsus</strong></span> <span class='ocrx_word' id='word_1_19' title='bbox 1215 1104 1317 1192; x_wconf 86' lang='lat' dir='ltr'><strong>Nero)</strong></span> <span class='ocrx_word' id='word_1_20' title='bbox 1339 1103 1512 1191; x_wconf 85' lang='lat' dir='ltr'><strong>Cythnum</strong></span> <span class='ocrx_word' id='word_1_21' title='bbox 1535 1103 1690 1169; x_wconf 90' lang='lat' dir='ltr'><strong>insulam</strong></span> 
     </span>
     <span class='ocr_line' id='line_1_4' title="bbox 448 1211 1691 1303; baseline 0.002 -26"><span class='ocrx_word' id='word_1_22' title='bbox 448 1213 646 1280; x_wconf 90' lang='lat' dir='ltr'><strong>detrusus...</strong></span> <span class='ocrx_word' id='word_1_23' title='bbox 676 1214 820 1280; x_wconf 89' lang='lat' dir='ltr'><strong>militum</strong></span> <span class='ocrx_word' id='word_1_24' title='bbox 843 1213 1010 1303; x_wconf 91' lang='lat' dir='ltr'><strong>quosdam</strong></span> <span class='ocrx_word' id='word_1_25' title='bbox 1030 1236 1072 1279; x_wconf 89' lang='lat' dir='ltr'><strong>ex</strong></span> <span class='ocrx_word' id='word_1_26' title='bbox 1099 1211 1236 1278; x_wconf 79' lang='lat' dir='ltr'><strong>Oriente</strong></span> <span class='ocrx_word' id='word_1_27' title='bbox 1259 1212 1523 1278; x_wconf 77' lang='lat' dir='ltr'><strong>commeantium</strong></span> <span class='ocrx_word' id='word_1_28' title='bbox 1540 1211 1691 1278; x_wconf 81' lang='lat' dir='ltr'><strong>adscivit</strong></span> 
     </span>
     <span class='ocr_line' id='line_1_5' title="bbox 448 1319 1689 1402; baseline 0.001 -19"><span class='ocrx_word' id='word_1_29' title='bbox 448 1321 502 1386; x_wconf 85' lang='lat' dir='ltr'><strong>vel</strong></span> <span class='ocrx_word' id='word_1_30' title='bbox 522 1373 543 1392; x_wconf 90' lang='lat'><strong>..</strong></span> <span class='ocrx_word' id='word_1_31' title='bbox 569 1360 610 1371; x_wconf 94' lang='lat'>—</span> <span class='ocrx_word' id='word_1_32' title='bbox 632 1322 676 1402; x_wconf 92' lang='lat' dir='ltr'><strong>ll,</strong></span> <span class='ocrx_word' id='word_1_33' title='bbox 695 1321 749 1388; x_wconf 83' lang='lat'><strong>32.</strong></span> <span class='ocrx_word' id='word_1_34' title='bbox 776 1322 869 1387; x_wconf 89' lang='lat' dir='ltr'><strong>Tunc</strong></span> <span class='ocrx_word' id='word_1_35' title='bbox 889 1320 1072 1387; x_wconf 87' lang='lat' dir='ltr'><strong>Suetonius</strong></span> <span class='ocrx_word' id='word_1_36' title='bbox 1105 1319 1312 1388; x_wconf 85' lang='lat' dir='ltr'><strong>Paulinus...</strong></span> <span class='ocrx_word' id='word_1_37' title='bbox 1337 1319 1539 1385; x_wconf 80' lang='lat' dir='ltr'><strong>disseruit...</strong></span> <span class='ocrx_word' id='word_1_38' title='bbox 1566 1327 1689 1385; x_wconf 89' lang='lat' dir='ltr'><strong>contra</strong></span> 
     </span>
     <span class='ocr_line' id='line_1_6' title="bbox 447 1425 1685 1518; baseline 0.002 -28"><span class='ocrx_word' id='word_1_39' title='bbox 447 1427 530 1515; x_wconf 89' lang='lat' dir='ltr'><strong>ipsis</strong></span> <span class='ocrx_word' id='word_1_40' title='bbox 547 1430 658 1494; x_wconf 91' lang='lat' dir='ltr'><strong>omnia</strong></span> <span class='ocrx_word' id='word_1_41' title='bbox 674 1429 835 1518; x_wconf 91' lang='lat' dir='ltr'><strong>opulenta</strong></span> <span class='ocrx_word' id='word_1_42' title='bbox 857 1437 889 1495; x_wconf 94' lang='lat' dir='ltr'><strong>et</strong></span> <span class='ocrx_word' id='word_1_43' title='bbox 916 1429 996 1509; x_wconf 87' lang='lat' dir='ltr'><strong>lida,</strong></span> <span class='ocrx_word' id='word_1_44' title='bbox 1020 1428 1242 1505; x_wconf 80' lang='lat' dir='ltr'><strong>Pannoniam,</strong></span> <span class='ocrx_word' id='word_1_45' title='bbox 1259 1427 1436 1508; x_wconf 80' lang='lat' dir='ltr'><strong>Moesiam,</strong></span> <span class='ocrx_word' id='word_1_46' title='bbox 1464 1425 1685 1504; x_wconf 90' lang='lat' dir='ltr'><strong>Delmatiam,</strong></span> 
     </span>
     <span class='ocr_line' id='line_1_7' title="bbox 448 1533 1687 1625; baseline 0 -27"><span class='ocrx_word' id='word_1_47' title='bbox 448 1533 621 1602; x_wconf 77' lang='lat' dir='ltr'><strong>Orientem</strong></span> <span class='ocrx_word' id='word_1_48' title='bbox 647 1561 724 1601; x_wconf 93' lang='lat' dir='ltr'><strong>cum</strong></span> <span class='ocrx_word' id='word_1_49' title='bbox 753 1537 895 1625; x_wconf 82' lang='lat' dir='ltr'><strong>integris</strong></span> <span class='ocrx_word' id='word_1_50' title='bbox 922 1535 1169 1602; x_wconf 84' lang='lat' dir='ltr'><strong>exercitibus...</strong></span> <span class='ocrx_word' id='word_1_51' title='bbox 1202 1573 1243 1584; x_wconf 90' lang='lat'><em>-</em></span> <span class='ocrx_word' id='word_1_52' title='bbox 1270 1535 1313 1617; x_wconf 90' lang='lat' dir='ltr'><strong>ll,</strong></span> <span class='ocrx_word' id='word_1_53' title='bbox 1345 1536 1398 1623; x_wconf 82' lang='lat'><strong>73.</strong></span> <span class='ocrx_word' id='word_1_54' title='bbox 1428 1534 1495 1598; x_wconf 85' lang='lat' dir='ltr'><strong>Vix</strong></span> <span class='ocrx_word' id='word_1_55' title='bbox 1521 1533 1687 1600; x_wconf 86' lang='lat' dir='ltr'><strong>credibile</strong></span> 
     </span>
     <span class='ocr_line' id='line_1_8' title="bbox 446 1640 1686 1733; baseline 0 -27"><span class='ocrx_word' id='word_1_56' title='bbox 446 1652 634 1709; x_wconf 86' lang='lat' dir='ltr'><strong>memoratu</strong></span> <span class='ocrx_word' id='word_1_57' title='bbox 647 1651 709 1722; x_wconf 91' lang='lat' dir='ltr'><strong>est,</strong></span> <span class='ocrx_word' id='word_1_58' title='bbox 728 1654 892 1733; x_wconf 89' lang='lat' dir='ltr'><strong>quantum</strong></span> <span class='ocrx_word' id='word_1_59' title='bbox 908 1644 1087 1732; x_wconf 88' lang='lat' dir='ltr'><strong>superbiae</strong></span> <span class='ocrx_word' id='word_1_60' title='bbox 1108 1642 1350 1732; x_wconf 88' lang='lat' dir='ltr'><strong>socordiaeque</strong></span> <span class='ocrx_word' id='word_1_61' title='bbox 1370 1641 1507 1707; x_wconf 77' lang='lat' dir='ltr'><strong>Vitellio</strong></span> <span class='ocrx_word' id='word_1_62' title='bbox 1523 1640 1686 1706; x_wconf 81' lang='lat' dir='ltr'><strong>adoleve-</strong></span> 
     </span>
     <span class='ocr_line' id='line_1_9' title="bbox 446 1747 1685 1840; baseline 0.001 -28"><span class='ocrx_word' id='word_1_63' title='bbox 446 1749 500 1828; x_wconf 88' lang='lat' dir='ltr'><strong>rit,</strong></span> <span class='ocrx_word' id='word_1_64' title='bbox 517 1758 697 1840; x_wconf 89' lang='lat' dir='ltr'><strong>postquam</strong></span> <span class='ocrx_word' id='word_1_65' title='bbox 719 1751 949 1839; x_wconf 86' lang='lat' dir='ltr'><strong>speculatores</strong></span> <span class='ocrx_word' id='word_1_66' title='bbox 974 1776 991 1817; x_wconf 92' lang='lat' dir='ltr'><strong>e</strong></span> <span class='ocrx_word' id='word_1_67' title='bbox 1017 1752 1114 1840; x_wconf 75' lang='lat' dir='ltr'><strong>Syria</strong></span> <span class='ocrx_word' id='word_1_68' title='bbox 1136 1751 1326 1840; x_wconf 86' lang='lat' dir='ltr'><strong>Iudaeaque</strong></span> <span class='ocrx_word' id='word_1_69' title='bbox 1345 1748 1504 1815; x_wconf 89' lang='lat' dir='ltr'><strong>adactum</strong></span> <span class='ocrx_word' id='word_1_70' title='bbox 1522 1749 1559 1812; x_wconf 92' lang='lat' dir='ltr'><strong>in</strong></span> <span class='ocrx_word' id='word_1_71' title='bbox 1579 1747 1685 1814; x_wconf 76' lang='lat' dir='ltr'><strong>verba</strong></span> 
     </span>
     <span class='ocr_line' id='line_1_10' title="bbox 445 1856 1683 1950; baseline -0.001 -29"><span class='ocrx_word' id='word_1_72' title='bbox 445 1858 517 1922; x_wconf 89' lang='lat' dir='ltr'><strong>cius</strong></span> <span class='ocrx_word' id='word_1_73' title='bbox 542 1857 714 1924; x_wconf 89' lang='lat' dir='ltr'><strong>Orientem</strong></span> <span class='ocrx_word' id='word_1_74' title='bbox 745 1861 956 1926; x_wconf 83' lang='lat' dir='ltr'><strong>nuntiavere.</strong></span> <span class='ocrx_word' id='word_1_75' title='bbox 987 1899 1027 1909; x_wconf 94' lang='lat'><strong>--</strong></span> <span class='ocrx_word' id='word_1_76' title='bbox 1052 1861 1094 1940; x_wconf 86' lang='lat'><strong>11,</strong></span> <span class='ocrx_word' id='word_1_77' title='bbox 1128 1862 1183 1950; x_wconf 85' lang='lat'><strong>98.</strong></span> <span class='ocrx_word' id='word_1_78' title='bbox 1217 1859 1311 1923; x_wconf 79' lang='lat' dir='ltr'><strong>blare</strong></span> <span class='ocrx_word' id='word_1_79' title='bbox 1332 1879 1467 1946; x_wconf 90' lang='lat' dir='ltr'><strong>quoque</strong></span> <span class='ocrx_word' id='word_1_80' title='bbox 1497 1856 1683 1922; x_wconf 87' lang='lat' dir='ltr'><strong>etesiarum</strong></span> 
     </span>
     <span class='ocr_line' id='line_1_11' title="bbox 446 1964 1684 2054; baseline 0 -26"><span class='ocrx_word' id='word_1_81' title='bbox 446 1967 527 2030; x_wconf 88' lang='lat' dir='ltr'><strong>llatu</strong></span> <span class='ocrx_word' id='word_1_82' title='bbox 547 1966 581 2029; x_wconf 88' lang='lat' dir='ltr'><strong>in</strong></span> <span class='ocrx_word' id='word_1_83' title='bbox 597 1965 769 2031; x_wconf 89' lang='lat' dir='ltr'><strong>Orientem</strong></span> <span class='ocrx_word' id='word_1_84' title='bbox 780 1967 1021 2054; x_wconf 82' lang='lat' dir='ltr'><strong>navigantibus</strong></span> <span class='ocrx_word' id='word_1_85' title='bbox 1034 1967 1233 2046; x_wconf 80' lang='lat' dir='ltr'><strong>secundum,</strong></span> <span class='ocrx_word' id='word_1_86' title='bbox 1250 1965 1329 2031; x_wconf 90' lang='lat' dir='ltr'><strong>inde</strong></span> <span class='ocrx_word' id='word_1_87' title='bbox 1348 1964 1528 2030; x_wconf 84' lang='lat' dir='ltr'><strong>adversum</strong></span> <span class='ocrx_word' id='word_1_88' title='bbox 1543 1972 1629 2028; x_wconf 86' lang='lat' dir='ltr'><strong>erat.</strong></span> <span class='ocrx_word' id='word_1_89' title='bbox 1640 2002 1684 2014; x_wconf 93' lang='lat'><em>-</em></span> 
     </span>
     <span class='ocr_line' id='line_1_12' title="bbox 448 2071 1685 2157; baseline 0 -23"><span class='ocrx_word' id='word_1_90' title='bbox 448 2071 506 2148; x_wconf 91' lang='grc' dir='ltr'>ΙΙΙ,</span> <span class='ocrx_word' id='word_1_91' title='bbox 533 2096 560 2137; x_wconf 90' lang='lat'><strong>1.</strong></span> <span class='ocrx_word' id='word_1_92' title='bbox 580 2072 752 2151; x_wconf 83' lang='lat' dir='ltr'><strong>Quibus...</strong></span> <span class='ocrx_word' id='word_1_93' title='bbox 769 2073 899 2139; x_wconf 89' lang='lat' dir='ltr'><strong>trahere</strong></span> <span class='ocrx_word' id='word_1_94' title='bbox 915 2073 1041 2139; x_wconf 89' lang='lat' dir='ltr'><strong>bellum</strong></span> <span class='ocrx_word' id='word_1_95' title='bbox 1069 2073 1258 2150; x_wconf 85' lang='lat' dir='ltr'><strong>videbatur,</strong></span> <span class='ocrx_word' id='word_1_96' title='bbox 1281 2071 1519 2157; x_wconf 78' lang='lat' dir='ltr'><strong>(disserebant)</strong></span> <span class='ocrx_word' id='word_1_97' title='bbox 1539 2120 1562 2137; x_wconf 91' lang='lat'><strong>..</strong></span> <span class='ocrx_word' id='word_1_98' title='bbox 1575 2071 1685 2136; x_wconf 83' lang='lat' dir='ltr'><strong>inses-</strong></span> 
     </span>
     <span class='ocr_line' id='line_1_13' title="bbox 444 2177 1680 2268; baseline 0 -25"><span class='ocrx_word' id='word_1_99' title='bbox 444 2179 492 2244; x_wconf 86' lang='lat' dir='ltr'><strong>sis</strong></span> <span class='ocrx_word' id='word_1_100' title='bbox 506 2180 640 2244; x_wconf 87' lang='lat' dir='ltr'><strong>interim</strong></span> <span class='ocrx_word' id='word_1_101' title='bbox 654 2179 986 2268; x_wconf 80' lang='lat' dir='ltr'><strong>Alpibusvcnturum</strong></span> <span class='ocrx_word' id='word_1_102' title='bbox 1002 2205 1077 2246; x_wconf 88' lang='lat' dir='ltr'><strong>cum</strong></span> <span class='ocrx_word' id='word_1_103' title='bbox 1093 2181 1199 2268; x_wconf 89' lang='lat' dir='ltr'><strong>copiis</strong></span> <span class='ocrx_word' id='word_1_104' title='bbox 1213 2180 1362 2245; x_wconf 83' lang='lat' dir='ltr'><strong>Orientis</strong></span> <span class='ocrx_word' id='word_1_105' title='bbox 1381 2177 1577 2244; x_wconf 87' lang='lat' dir='ltr'><strong>Mucianum</strong></span> <span class='ocrx_word' id='word_1_106' title='bbox 1598 2230 1622 2244; x_wconf 92' lang='lat'><strong>..</strong></span> <span class='ocrx_word' id='word_1_107' title='bbox 1640 2219 1680 2231; x_wconf 90' lang='lat'><em>-</em></span> 
     </span>
     <span class='ocr_line' id='line_1_14' title="bbox 444 2285 1681 2377; baseline 0 -27"><span class='ocrx_word' id='word_1_108' title='bbox 444 2286 504 2365; x_wconf 88' lang='grc' dir='ltr'>ΙΙΙ,</span> <span class='ocrx_word' id='word_1_109' title='bbox 523 2286 577 2363; x_wconf 66' lang='lat'><strong>46.</strong></span> <span class='ocrx_word' id='word_1_110' title='bbox 596 2287 744 2352; x_wconf 83' lang='lat' dir='ltr'><strong>Fortuna</strong></span> <span class='ocrx_word' id='word_1_111' title='bbox 764 2288 880 2377; x_wconf 91' lang='lat' dir='ltr'><strong>populi</strong></span> <span class='ocrx_word' id='word_1_112' title='bbox 896 2289 1084 2355; x_wconf 85' lang='lat' dir='ltr'><strong>llomani...</strong></span> <span class='ocrx_word' id='word_1_113' title='bbox 1120 2289 1315 2353; x_wconf 77' lang='lat' dir='ltr'><strong>Mucianum</strong></span> <span class='ocrx_word' id='word_1_114' title='bbox 1344 2287 1501 2375; x_wconf 83' lang='lat' dir='ltr'><strong>viresque</strong></span> <span class='ocrx_word' id='word_1_115' title='bbox 1531 2285 1681 2352; x_wconf 88' lang='lat' dir='ltr'><strong>Orientis</strong></span> 
     </span>
     <span class='ocr_line' id='line_1_15' title="bbox 443 2393 1678 2483; baseline 0.002 -26"><span class='ocrx_word' id='word_1_116' title='bbox 443 2393 524 2458; x_wconf 90' lang='lat' dir='ltr'><strong>illuc</strong></span> <span class='ocrx_word' id='word_1_117' title='bbox 545 2395 593 2483; x_wconf 86' lang='lat' dir='ltr'><strong>(in</strong></span> <span class='ocrx_word' id='word_1_118' title='bbox 614 2395 791 2473; x_wconf 79' lang='lat' dir='ltr'><strong>Moesiam,</strong></span> <span class='ocrx_word' id='word_1_119' title='bbox 815 2419 915 2483; x_wconf 93' lang='lat' dir='ltr'><strong>quam</strong></span> <span class='ocrx_word' id='word_1_120' title='bbox 929 2404 1010 2462; x_wconf 91' lang='lat' dir='ltr'><strong>tunc</strong></span> <span class='ocrx_word' id='word_1_121' title='bbox 1032 2397 1114 2462; x_wconf 88' lang='lat' dir='ltr'><strong>Daci</strong></span> <span class='ocrx_word' id='word_1_122' title='bbox 1143 2395 1363 2479; x_wconf 83' lang='lat' dir='ltr'><strong>invadebant)</strong></span> <span class='ocrx_word' id='word_1_123' title='bbox 1381 2393 1470 2459; x_wconf 90' lang='lat' dir='ltr'><strong>tulit.</strong></span> <span class='ocrx_word' id='word_1_124' title='bbox 1488 2432 1533 2442; x_wconf 94' lang='lat'><em>-</em></span> <span class='ocrx_word' id='word_1_125' title='bbox 1553 2393 1613 2464; x_wconf 76' lang='lat' dir='ltr'><strong>lv,</strong></span> <span class='ocrx_word' id='word_1_126' title='bbox 1629 2417 1678 2481; x_wconf 86' lang='lat'><strong>¹7·</strong></span> 
     </span>
     <span class='ocr_line' id='line_1_16' title="bbox 440 2501 1679 2591; baseline -0.001 -25"><span class='ocrx_word' id='word_1_127' title='bbox 440 2501 622 2588; x_wconf 87' lang='lat' dir='ltr'><strong>(Loquitur</strong></span> <span class='ocrx_word' id='word_1_128' title='bbox 645 2502 751 2567; x_wconf 91' lang='lat' dir='ltr'><strong>lulius</strong></span> <span class='ocrx_word' id='word_1_129' title='bbox 774 2502 907 2590; x_wconf 77' lang='lat' dir='ltr'><strong>Ciuilis)</strong></span> <span class='ocrx_word' id='word_1_130' title='bbox 950 2537 965 2564; x_wconf 87' lang='lat'>«</span> <span class='ocrx_word' id='word_1_131' title='bbox 989 2505 1162 2569; x_wconf 83' lang='lat' dir='ltr'><strong>Servirent</strong></span> <span class='ocrx_word' id='word_1_132' title='bbox 1191 2503 1288 2590; x_wconf 75' lang='lat' dir='ltr'><strong>Syria</strong></span> <span class='ocrx_word' id='word_1_133' title='bbox 1313 2501 1464 2591; x_wconf 79' lang='lat' dir='ltr'><strong>Asiaque</strong></span> <span class='ocrx_word' id='word_1_134' title='bbox 1492 2509 1527 2566; x_wconf 88' lang='lat' dir='ltr'><strong>et</strong></span> <span class='ocrx_word' id='word_1_135' title='bbox 1561 2508 1679 2566; x_wconf 89' lang='lat' dir='ltr'><strong>suetus</strong></span> 
     </span>
     <span class='ocr_line' id='line_1_17' title="bbox 442 2607 1678 2697; baseline 0.002 -27"><span class='ocrx_word' id='word_1_136' title='bbox 442 2608 577 2692; x_wconf 83' lang='lat' dir='ltr'><strong>regibus</strong></span> <span class='ocrx_word' id='word_1_137' title='bbox 597 2609 760 2676; x_wconf 89' lang='lat' dir='ltr'><strong>Oriens...</strong></span> <span class='ocrx_word' id='word_1_138' title='bbox 785 2635 801 2673; x_wconf 81' lang='lat' dir='ltr'><strong>a</strong></span> <span class='ocrx_word' id='word_1_139' title='bbox 822 2651 856 2661; x_wconf 92' lang='lat'>-</span> <span class='ocrx_word' id='word_1_140' title='bbox 873 2612 914 2688; x_wconf 85' lang='lat' dir='ltr'><strong>l&#39;,</strong></span> <span class='ocrx_word' id='word_1_141' title='bbox 934 2614 962 2677; x_wconf 75' lang='grc' dir='ltr'><strong>ἴ).</strong></span> <span class='ocrx_word' id='word_1_142' title='bbox 979 2611 1135 2677; x_wconf 90' lang='lat' dir='ltr'><strong>Liberum</strong></span> <span class='ocrx_word' id='word_1_143' title='bbox 1157 2619 1326 2697; x_wconf 87' lang='lat' dir='ltr'><strong>patrem...</strong></span> <span class='ocrx_word' id='word_1_144' title='bbox 1344 2608 1545 2674; x_wconf 88' lang='lat' dir='ltr'><strong>domitorem</strong></span> <span class='ocrx_word' id='word_1_145' title='bbox 1557 2607 1678 2674; x_wconf 88' lang='lat' dir='ltr'><strong>Orien·</strong></span> 
     </span>
     <span class='ocr_line' id='line_1_18' title="bbox 443 2715 1678 2808; baseline -0.004 -23"><span class='ocrx_word' id='word_1_146' title='bbox 443 2722 496 2787; x_wconf 91' lang='lat' dir='ltr'><strong>tis.</strong></span> <span class='ocrx_word' id='word_1_147' title='bbox 512 2760 554 2770; x_wconf 93' lang='lat'>-</span> <span class='ocrx_word' id='word_1_148' title='bbox 572 2721 612 2788; x_wconf 83' lang='lat' dir='ltr'><strong>l&#39;.</strong></span> <span class='ocrx_word' id='word_1_149' title='bbox 630 2721 662 2786; x_wconf 90' lang='grc'><strong>6.</strong></span> <span class='ocrx_word' id='word_1_150' title='bbox 679 2721 780 2786; x_wconf 87' lang='lat' dir='ltr'><strong>Terra</strong></span> <span class='ocrx_word' id='word_1_151' title='bbox 806 2722 957 2808; x_wconf 90' lang='lat' dir='ltr'><strong>tinesque</strong></span> <span class='ocrx_word' id='word_1_152' title='bbox 984 2718 1224 2800; x_wconf 79' lang='lat' dir='ltr'><strong>(ludaeorum),</strong></span> <span class='ocrx_word' id='word_1_153' title='bbox 1242 2740 1309 2808; x_wconf 92' lang='lat' dir='ltr'><strong>qua</strong></span> <span class='ocrx_word' id='word_1_154' title='bbox 1338 2716 1381 2781; x_wconf 87' lang='lat' dir='ltr'><strong>ad</strong></span> <span class='ocrx_word' id='word_1_155' title='bbox 1404 2715 1579 2782; x_wconf 88' lang='lat' dir='ltr'><strong>Orientem</strong></span> <span class='ocrx_word' id='word_1_156' title='bbox 1606 2739 1678 2781; x_wconf 90' lang='lat' dir='ltr'><strong>ver·</strong></span> 
     </span>
     <span class='ocr_line' id='line_1_19' title="bbox 442 2822 1678 2914; baseline -0.005 -21"><span class='ocrx_word' id='word_1_157' title='bbox 442 2836 538 2914; x_wconf 73' lang='lat' dir='ltr'><strong>gum.</strong></span> <span class='ocrx_word' id='word_1_158' title='bbox 563 2828 687 2892; x_wconf 71' lang='lat' dir='ltr'><strong>Arabia</strong></span> <span class='ocrx_word' id='word_1_159' title='bbox 704 2829 938 2893; x_wconf 89' lang='lat' dir='ltr'><strong>terminantur.</strong></span> <span class='ocrx_word' id='word_1_160' title='bbox 967 2865 1003 2873; x_wconf 93' lang='lat'>-</span> <span class='ocrx_word' id='word_1_161' title='bbox 1024 2826 1065 2904; x_wconf 69' lang='grc' dir='ltr'>Υ,</span> <span class='ocrx_word' id='word_1_162' title='bbox 1088 2825 1119 2891; x_wconf 89' lang='lat'><strong>8.</strong></span> <span class='ocrx_word' id='word_1_163' title='bbox 1137 2826 1225 2889; x_wconf 82' lang='lat' dir='ltr'><strong>llum</strong></span> <span class='ocrx_word' id='word_1_164' title='bbox 1239 2824 1403 2912; x_wconf 77' lang='lat' dir='ltr'><strong>Assyrios</strong></span> <span class='ocrx_word' id='word_1_165' title='bbox 1421 2845 1525 2913; x_wconf 90' lang='lat' dir='ltr'><strong>penes</strong></span> <span class='ocrx_word' id='word_1_166' title='bbox 1541 2822 1678 2888; x_wconf 83' lang='lat' dir='ltr'><strong>Medos-</strong></span> 
     </span>
     <span class='ocr_line' id='line_1_20' title="bbox 443 2930 1677 3022; baseline -0.003 -24"><span class='ocrx_word' id='word_1_167' title='bbox 443 2959 508 3022; x_wconf 88' lang='lat' dir='ltr'><strong>que</strong></span> <span class='ocrx_word' id='word_1_168' title='bbox 523 2943 556 3000; x_wconf 89' lang='lat' dir='ltr'><strong>et</strong></span> <span class='ocrx_word' id='word_1_169' title='bbox 572 2935 693 3000; x_wconf 89' lang='lat' dir='ltr'><strong>Persas</strong></span> <span class='ocrx_word' id='word_1_170' title='bbox 708 2935 901 3000; x_wconf 88' lang='lat' dir='ltr'><strong>Oriensluit</strong></span> <span class='ocrx_word' id='word_1_171' title='bbox 921 2984 943 2999; x_wconf 93' lang='lat'><strong>..</strong></span> <span class='ocrx_word' id='word_1_172' title='bbox 959 2972 1002 2982; x_wconf 93' lang='lat'>—</span> <span class='ocrx_word' id='word_1_173' title='bbox 1015 2933 1057 3014; x_wconf 73' lang='lat' dir='ltr'><strong>V,</strong></span> <span class='ocrx_word' id='word_1_174' title='bbox 1083 2933 1133 2998; x_wconf 74' lang='lat'><strong>13.</strong></span> <span class='ocrx_word' id='word_1_175' title='bbox 1151 2932 1309 2997; x_wconf 90' lang='lat' dir='ltr'><strong>Pluribus</strong></span> <span class='ocrx_word' id='word_1_176' title='bbox 1323 2931 1486 3020; x_wconf 91' lang='lat' dir='ltr'><strong>(ludaeis)</strong></span> <span class='ocrx_word' id='word_1_177' title='bbox 1501 2930 1677 3018; x_wconf 85' lang='lat' dir='ltr'><strong>persuasio</strong></span> 
     </span>
     <span class='ocr_line' id='line_1_21' title="bbox 441 3037 1675 3131; baseline -0.002 -26"><span class='ocrx_word' id='word_1_178' title='bbox 441 3042 548 3107; x_wconf 88' lang='lat' dir='ltr'><strong>inerat</strong></span> <span class='ocrx_word' id='word_1_179' title='bbox 567 3043 716 3131; x_wconf 87' lang='lat' dir='ltr'><strong>antiquis</strong></span> <span class='ocrx_word' id='word_1_180' title='bbox 731 3042 945 3107; x_wconf 80' lang='lat' dir='ltr'><strong>sacerdotum</strong></span> <span class='ocrx_word' id='word_1_181' title='bbox 958 3041 1080 3106; x_wconf 86' lang='lat' dir='ltr'><strong>litteris</strong></span> <span class='ocrx_word' id='word_1_182' title='bbox 1095 3041 1273 3119; x_wconf 86' lang='lat' dir='ltr'><strong>contineri,</strong></span> <span class='ocrx_word' id='word_1_183' title='bbox 1290 3062 1330 3104; x_wconf 91' lang='lat' dir='ltr'><strong>eo</strong></span> <span class='ocrx_word' id='word_1_184' title='bbox 1345 3039 1420 3127; x_wconf 90' lang='lat' dir='ltr'><strong>ipso</strong></span> <span class='ocrx_word' id='word_1_185' title='bbox 1440 3047 1594 3126; x_wconf 90' lang='lat' dir='ltr'><strong>tempore</strong></span> <span class='ocrx_word' id='word_1_186' title='bbox 1607 3037 1675 3102; x_wconf 86' lang='lat' dir='ltr'><strong>lore</strong></span> 
     </span>
     <span class='ocr_line' id='line_1_22' title="bbox 440 3147 1675 3239; baseline -0.002 -26"><span class='ocrx_word' id='word_1_187' title='bbox 440 3157 477 3214; x_wconf 90' lang='lat' dir='ltr'><strong>ut</strong></span> <span class='ocrx_word' id='word_1_188' title='bbox 513 3149 699 3215; x_wconf 78' lang='lat' dir='ltr'><strong>valesceret</strong></span> <span class='ocrx_word' id='word_1_189' title='bbox 728 3151 849 3214; x_wconf 88' lang='lat' dir='ltr'><strong>Oriens</strong></span> <span class='ocrx_word' id='word_1_190' title='bbox 877 3149 1087 3239; x_wconf 79' lang='lat' dir='ltr'><strong>profectique</strong></span> <span class='ocrx_word' id='word_1_191' title='bbox 1114 3148 1234 3215; x_wconf 88' lang='lat' dir='ltr'><strong>Iudaea</strong></span> <span class='ocrx_word' id='word_1_192' title='bbox 1271 3169 1385 3213; x_wconf 90' lang='lat' dir='ltr'><strong>rerum</strong></span> <span class='ocrx_word' id='word_1_193' title='bbox 1410 3147 1614 3234; x_wconf 87' lang='lat' dir='ltr'><strong>potirentur.</strong></span> <span class='ocrx_word' id='word_1_194' title='bbox 1632 3185 1675 3197; x_wconf 93' lang='lat'>-</span> 
     </span>
     <span class='ocr_line' id='line_1_23' title="bbox 439 3253 1675 3344; baseline 0.001 -29"><span class='ocrx_word' id='word_1_195' title='bbox 439 3263 477 3322; x_wconf 69' lang='grc' dir='ltr'><strong>(ι’.</strong></span> <span class='ocrx_word' id='word_1_196' title='bbox 501 3257 553 3344; x_wconf 80' lang='lat'><strong>37.</strong></span> <span class='ocrx_word' id='word_1_197' title='bbox 569 3257 658 3321; x_wconf 87' lang='lat' dir='ltr'><strong>lnlra</strong></span> <span class='ocrx_word' id='word_1_198' title='bbox 675 3257 871 3322; x_wconf 82' lang='lat' dir='ltr'><strong>l&#39;cntidium</strong></span> <span class='ocrx_word' id='word_1_199' title='bbox 888 3255 1040 3322; x_wconf 88' lang='lat' dir='ltr'><strong>deiectus</strong></span> <span class='ocrx_word' id='word_1_200' title='bbox 1055 3255 1189 3322; x_wconf 81' lang='lat' dir='ltr'><strong>Oriens,</strong></span> <span class='ocrx_word' id='word_1_201' title='bbox 1205 3294 1248 3304; x_wconf 92' lang='lat'>—</span> <span class='ocrx_word' id='word_1_202' title='bbox 1264 3257 1320 3331; x_wconf 68' lang='lat'><strong>45.</strong></span> <span class='ocrx_word' id='word_1_203' title='bbox 1342 3253 1552 3319; x_wconf 83' lang='lat' dir='ltr'><strong>Fecundiora</strong></span> <span class='ocrx_word' id='word_1_204' title='bbox 1570 3254 1675 3340; x_wconf 80' lang='lat' dir='ltr'><strong>igitur</strong></span> 
     </span>
     <span class='ocr_line' id='line_1_24' title="bbox 439 3360 1673 3452; baseline -0.001 -27"><span class='ocrx_word' id='word_1_205' title='bbox 439 3387 575 3429; x_wconf 79' lang='lat' dir='ltr'><strong>neniora</strong></span> <span class='ocrx_word' id='word_1_206' title='bbox 605 3366 766 3452; x_wconf 87' lang='lat' dir='ltr'><strong>lucosque</strong></span> <span class='ocrx_word' id='word_1_207' title='bbox 792 3365 880 3428; x_wconf 89' lang='lat' dir='ltr'><strong>sicut</strong></span> <span class='ocrx_word' id='word_1_208' title='bbox 919 3362 1068 3428; x_wconf 90' lang='lat' dir='ltr'><strong>Orientis</strong></span> <span class='ocrx_word' id='word_1_209' title='bbox 1090 3363 1241 3441; x_wconf 86' lang='lat' dir='ltr'><strong>secretis,</strong></span> <span class='ocrx_word' id='word_1_210' title='bbox 1272 3361 1330 3426; x_wconf 91' lang='lat' dir='ltr'><strong>ubi</strong></span> <span class='ocrx_word' id='word_1_211' title='bbox 1358 3369 1434 3427; x_wconf 90' lang='lat' dir='ltr'><strong>tura</strong></span> <span class='ocrx_word' id='word_1_212' title='bbox 1453 3360 1673 3450; x_wconf 88' lang='lat' dir='ltr'><strong>balsamaque</strong></span> 
     </span>
     <span class='ocr_line' id='line_1_25' title="bbox 437 3467 1673 3558; baseline 0.002 -26"><span class='ocrx_word' id='word_1_213' title='bbox 437 3472 613 3538; x_wconf 87' lang='lat' dir='ltr'><strong>sudantur.</strong></span> <span class='ocrx_word' id='word_1_214' title='bbox 633 3473 677 3536; x_wconf 87' lang='lat' dir='ltr'><strong>ila</strong></span> <span class='ocrx_word' id='word_1_215' title='bbox 695 3471 889 3536; x_wconf 86' lang='lat' dir='ltr'><strong>Occidentis</strong></span> <span class='ocrx_word' id='word_1_216' title='bbox 906 3472 1027 3535; x_wconf 89' lang='lat' dir='ltr'><strong>insulis</strong></span> <span class='ocrx_word' id='word_1_217' title='bbox 1050 3471 1216 3558; x_wconf 87' lang='lat' dir='ltr'><strong>terrisque</strong></span> <span class='ocrx_word' id='word_1_218' title='bbox 1237 3470 1347 3534; x_wconf 91' lang='lat' dir='ltr'><strong>inesse</strong></span> <span class='ocrx_word' id='word_1_219' title='bbox 1369 3467 1615 3536; x_wconf 89' lang='lat' dir='ltr'><strong>crediderim...</strong></span> <span class='ocrx_word' id='word_1_220' title='bbox 1631 3510 1673 3518; x_wconf 96' lang='lat'><em>-</em></span> 
     </span>
     <span class='ocr_line' id='line_1_26' title="bbox 437 3577 1671 3666; baseline 0 -26"><span class='ocrx_word' id='word_1_221' title='bbox 437 3580 481 3643; x_wconf 87' lang='lat' dir='ltr'><strong>.·l.</strong></span> <span class='ocrx_word' id='word_1_222' title='bbox 501 3579 553 3642; x_wconf 75' lang='lat'><strong>30.</strong></span> <span class='ocrx_word' id='word_1_223' title='bbox 580 3580 761 3666; x_wconf 85' lang='lat' dir='ltr'><strong>(Loquitur</strong></span> <span class='ocrx_word' id='word_1_224' title='bbox 784 3578 967 3662; x_wconf 75' lang='lat' dir='ltr'><strong>Calgacus)</strong></span> <span class='ocrx_word' id='word_1_225' title='bbox 998 3578 1308 3665; x_wconf 85' lang='lat' dir='ltr'><strong>‹&lt;(ll01nani)quos</strong></span> <span class='ocrx_word' id='word_1_226' title='bbox 1338 3599 1405 3641; x_wconf 91' lang='lat' dir='ltr'><strong>non</strong></span> <span class='ocrx_word' id='word_1_227' title='bbox 1435 3577 1570 3647; x_wconf 82' lang='lat' dir='ltr'><strong>Oriens,</strong></span> <span class='ocrx_word' id='word_1_228' title='bbox 1605 3600 1671 3642; x_wconf 90' lang='lat' dir='ltr'><strong>non</strong></span> 
     </span>
     <span class='ocr_line' id='line_1_27' title="bbox 437 3686 831 3751; baseline 0.008 -4"><span class='ocrx_word' id='word_1_229' title='bbox 437 3686 602 3749; x_wconf 87' lang='lat' dir='ltr'><strong>Occidens</strong></span> <span class='ocrx_word' id='word_1_230' title='bbox 617 3687 831 3751; x_wconf 77' lang='lat' dir='ltr'><strong>satiaverit».</strong></span> 
     </span>
    </p>

    <p class='ocr_par' dir='ltr' id='par_1_3' title="bbox 393 3791 1672 4308">
     <span class='ocr_line' id='line_1_28' title="bbox 393 3791 1669 3881; baseline 0.003 -27"><span class='ocrx_word' id='word_1_231' title='bbox 393 3792 706 3857; x_wconf 67' lang='lat' dir='ltr'><strong>Ollh&#39;tlb&#39;l&#39;hllllb&#39;.</strong></span> <span class='ocrx_word' id='word_1_232' title='bbox 737 3831 780 3842; x_wconf 91' lang='lat'>-</span> <span class='ocrx_word' id='word_1_233' title='bbox 810 3795 841 3866; x_wconf 82' lang='lat' dir='ltr'><strong>tl,</strong></span> <span class='ocrx_word' id='word_1_234' title='bbox 874 3793 928 3880; x_wconf 82' lang='lat'><strong>37.</strong></span> <span class='ocrx_word' id='word_1_235' title='bbox 961 3793 1096 3857; x_wconf 88' lang='lat' dir='ltr'><strong>Primus</strong></span> <span class='ocrx_word' id='word_1_236' title='bbox 1129 3791 1385 3879; x_wconf 88' lang='lat' dir='ltr'><strong>Ornospades...</strong></span> <span class='ocrx_word' id='word_1_237' title='bbox 1413 3792 1447 3856; x_wconf 91' lang='lat' dir='ltr'><strong>in</strong></span> <span class='ocrx_word' id='word_1_238' title='bbox 1478 3800 1589 3858; x_wconf 83' lang='lat' dir='ltr'><strong>eastra</strong></span> <span class='ocrx_word' id='word_1_239' title='bbox 1617 3794 1669 3881; x_wconf 69' lang='lat' dir='ltr'><strong>ll..</strong></span> 
     </span>
     <span class='ocr_line' id='line_1_29' title="bbox 439 3899 1671 3988; baseline 0.006 -30"><span class='ocrx_word' id='word_1_240' title='bbox 439 3899 564 3962; x_wconf 77' lang='lat' dir='ltr'><strong>l&#39;itellii</strong></span> <span class='ocrx_word' id='word_1_241' title='bbox 576 3899 814 3988; x_wconf 77' lang='lat' dir='ltr'><strong>&#39;l&#39;iridatisquet</strong></span> <span class='ocrx_word' id='word_1_242' title='bbox 826 3901 930 3974; x_wconf 77' lang='lat' dir='ltr'><strong>uenit,</strong></span> <span class='ocrx_word' id='word_1_243' title='bbox 950 3899 1028 3964; x_wconf 85' lang='lat' dir='ltr'><strong>exul</strong></span> <span class='ocrx_word' id='word_1_244' title='bbox 1043 3899 1212 3987; x_wconf 86' lang='lat' dir='ltr'><strong>qnomlam</strong></span> <span class='ocrx_word' id='word_1_245' title='bbox 1228 3908 1261 3963; x_wconf 87' lang='lat' dir='ltr'><strong>ct</strong></span> <span class='ocrx_word' id='word_1_246' title='bbox 1277 3899 1421 3976; x_wconf 81' lang='lat' dir='ltr'><strong>Tiberia,</strong></span> <span class='ocrx_word' id='word_1_247' title='bbox 1435 3922 1512 3964; x_wconf 90' lang='lat' dir='ltr'><strong>cum</strong></span> <span class='ocrx_word' id='word_1_248' title='bbox 1528 3900 1648 3965; x_wconf 86' lang='lat' dir='ltr'><strong>Delma</strong></span> <span class='ocrx_word' id='word_1_249' title='bbox 1659 3941 1671 3948; x_wconf 94' lang='lat'><em>-</em></span> 
     </span>
     <span class='ocr_line' id='line_1_30' title="bbox 438 4005 1672 4095; baseline 0.002 -26"><span class='ocrx_word' id='word_1_250' title='bbox 438 4007 537 4069; x_wconf 86' lang='lat' dir='ltr'><strong>ticum</strong></span> <span class='ocrx_word' id='word_1_251' title='bbox 561 4005 685 4069; x_wconf 68' lang='lat' dir='ltr'><strong>bellum</strong></span> <span class='ocrx_word' id='word_1_252' title='bbox 703 4011 895 4074; x_wconf 80' lang='lat' dir='ltr'><strong>conticeret.</strong></span> <span class='ocrx_word' id='word_1_253' title='bbox 919 4007 1009 4070; x_wconf 73' lang='lat' dir='ltr'><strong>lmual</strong></span> <span class='ocrx_word' id='word_1_254' title='bbox 1027 4006 1191 4093; x_wconf 74' lang='lat' dir='ltr'><strong>inglorius</strong></span> <span class='ocrx_word' id='word_1_255' title='bbox 1211 4006 1393 4071; x_wconf 79' lang='lat' dir='ltr'><strong>auxiliator</strong></span> <span class='ocrx_word' id='word_1_256' title='bbox 1411 4029 1518 4095; x_wconf 83' lang='lat' dir='ltr'><strong>eoque</strong></span> <span class='ocrx_word' id='word_1_257' title='bbox 1534 4008 1672 4074; x_wconf 80' lang='lat' dir='ltr'><strong>civitate</strong></span> 
     </span>
     <span class='ocr_line' id='line_1_31' title="bbox 438 4111 1669 4201; baseline 0.008 -27"><span class='ocrx_word' id='word_1_258' title='bbox 438 4111 586 4175; x_wconf 83' lang='lat' dir='ltr'><strong>llmmma</strong></span> <span class='ocrx_word' id='word_1_259' title='bbox 607 4113 762 4189; x_wconf 81' lang='lat' dir='ltr'><strong>donatus,</strong></span> <span class='ocrx_word' id='word_1_260' title='bbox 795 4138 872 4176; x_wconf 86' lang='lat' dir='ltr'><strong>mox</strong></span> <span class='ocrx_word' id='word_1_261' title='bbox 906 4114 1046 4199; x_wconf 84' lang='lat' dir='ltr'><strong>repetita</strong></span> <span class='ocrx_word' id='word_1_262' title='bbox 1087 4113 1233 4178; x_wconf 80' lang='lat' dir='ltr'><strong>arrncitia</strong></span> <span class='ocrx_word' id='word_1_263' title='bbox 1261 4115 1350 4200; x_wconf 84' lang='lat' dir='ltr'><strong>regis</strong></span> <span class='ocrx_word' id='word_1_264' title='bbox 1379 4114 1669 4201; x_wconf 75' lang='lat' dir='ltr'><strong>(l&#39;artlrorurnl....</strong></span> 
     </span>
     <span class='ocr_line' id='line_1_32' title="bbox 436 4220 1488 4308; baseline 0.008 -28"><span class='ocrx_word' id='word_1_265' title='bbox 436 4220 623 4304; x_wconf 80' lang='lat' dir='ltr'><strong>praelectus</strong></span> <span class='ocrx_word' id='word_1_266' title='bbox 639 4222 779 4306; x_wconf 75' lang='lat' dir='ltr'><strong>chumis,</strong></span> <span class='ocrx_word' id='word_1_267' title='bbox 798 4222 854 4307; x_wconf 86' lang='lat' dir='ltr'><strong>qui</strong></span> <span class='ocrx_word' id='word_1_268' title='bbox 871 4220 1043 4308; x_wconf 79' lang='lat' dir='ltr'><strong>Euphrate</strong></span> <span class='ocrx_word' id='word_1_269' title='bbox 1058 4222 1241 4306; x_wconf 77' lang='lat' dir='ltr'><strong>et&#39;l&#39;igrc...</strong></span> <span class='ocrx_word' id='word_1_270' title='bbox 1260 4223 1488 4288; x_wconf 87' lang='lat' dir='ltr'><strong>circumllui...</strong></span> 
     </span>
    </p>

    <p class='ocr_par' dir='ltr' id='par_1_4' title="bbox 391 4325 1668 4737">
     <span class='ocr_line' id='line_1_33' title="bbox 391 4325 1668 4415; baseline 0.006 -29"><span class='ocrx_word' id='word_1_271' title='bbox 391 4325 603 4390; x_wconf 61' lang='lat' dir='ltr'><strong>OllOltliSh</strong></span> <span class='ocrx_word' id='word_1_272' title='bbox 636 4366 677 4374; x_wconf 92' lang='lat'>—</span> <span class='ocrx_word' id='word_1_273' title='bbox 702 4329 733 4396; x_wconf 75' lang='lat' dir='ltr'><strong>u,</strong></span> <span class='ocrx_word' id='word_1_274' title='bbox 772 4328 824 4391; x_wconf 71' lang='lat'><strong>33.</strong></span> <span class='ocrx_word' id='word_1_275' title='bbox 848 4328 941 4406; x_wconf 83' lang='lat' dir='ltr'><strong>Onae</strong></span> <span class='ocrx_word' id='word_1_276' title='bbox 969 4336 1149 4415; x_wconf 85' lang='lat' dir='ltr'><strong>postquam</strong></span> <span class='ocrx_word' id='word_1_277' title='bbox 1180 4329 1355 4395; x_wconf 73' lang='lat' dir='ltr'><strong>Artabano</strong></span> <span class='ocrx_word' id='word_1_278' title='bbox 1383 4330 1531 4415; x_wconf 80' lang='lat' dir='ltr'><strong>cognita,</strong></span> <span class='ocrx_word' id='word_1_279' title='bbox 1562 4332 1668 4397; x_wconf 90' lang='lat' dir='ltr'><strong>lilium</strong></span> 
     </span>
     <span class='ocr_line' id='line_1_34' title="bbox 434 4433 1667 4525; baseline 0.005 -29"><span class='ocrx_word' id='word_1_280' title='bbox 434 4433 569 4496; x_wconf 88' lang='lat' dir='ltr'><strong>Oroden</strong></span> <span class='ocrx_word' id='word_1_281' title='bbox 586 4434 728 4497; x_wconf 83' lang='lat' dir='ltr'><strong>ultorem</strong></span> <span class='ocrx_word' id='word_1_282' title='bbox 740 4445 850 4520; x_wconf 84' lang='lat' dir='ltr'><strong>parat;</strong></span> <span class='ocrx_word' id='word_1_283' title='bbox 872 4436 931 4499; x_wconf 81' lang='lat' dir='ltr'><strong>‹lat</strong></span> <span class='ocrx_word' id='word_1_284' title='bbox 948 4436 1149 4500; x_wconf 87' lang='lat' dir='ltr'><strong>Parthorum</strong></span> <span class='ocrx_word' id='word_1_285' title='bbox 1165 4438 1321 4525; x_wconf 84' lang='lat' dir='ltr'><strong>copias...</strong></span> <span class='ocrx_word' id='word_1_286' title='bbox 1342 4476 1387 4486; x_wconf 90' lang='lat'><strong>—</strong></span> <span class='ocrx_word' id='word_1_287' title='bbox 1405 4438 1438 4516; x_wconf 81' lang='lat'><strong>6,</strong></span> <span class='ocrx_word' id='word_1_288' title='bbox 1455 4438 1509 4514; x_wconf 70' lang='lat'><strong>34.</strong></span> <span class='ocrx_word' id='word_1_289' title='bbox 1529 4438 1667 4505; x_wconf 89' lang='lat' dir='ltr'><strong>Interim</strong></span> 
     </span>
     <span class='ocr_line' id='line_1_35' title="bbox 433 4541 1667 4628; baseline 0.009 -29"><span class='ocrx_word' id='word_1_290' title='bbox 433 4541 566 4605; x_wconf 83' lang='lat' dir='ltr'><strong>Oroden</strong></span> <span class='ocrx_word' id='word_1_291' title='bbox 584 4542 751 4604; x_wconf 82' lang='lat' dir='ltr'><strong>sociarum</strong></span> <span class='ocrx_word' id='word_1_292' title='bbox 769 4543 903 4628; x_wconf 83' lang='lat' dir='ltr'><strong>irmpem</strong></span> <span class='ocrx_word' id='word_1_293' title='bbox 925 4553 1044 4607; x_wconf 65' lang='lat' dir='ltr'><strong>tructus</strong></span> <span class='ocrx_word' id='word_1_294' title='bbox 1064 4544 1190 4607; x_wconf 86' lang='lat' dir='ltr'><strong>auxilio</strong></span> <span class='ocrx_word' id='word_1_295' title='bbox 1211 4544 1456 4609; x_wconf 86' lang='lat' dir='ltr'><strong>Pharasmanes</strong></span> <span class='ocrx_word' id='word_1_296' title='bbox 1476 4568 1599 4611; x_wconf 81' lang='lat' dir='ltr'><strong>uocare</strong></span> <span class='ocrx_word' id='word_1_297' title='bbox 1628 4547 1667 4610; x_wconf 78' lang='lat' dir='ltr'><strong>acl</strong></span> 
     </span>
     <span class='ocr_line' id='line_1_36' title="bbox 432 4647 1665 4737; baseline 0.006 -28"><span class='ocrx_word' id='word_1_298' title='bbox 432 4671 619 4734; x_wconf 72' lang='lat' dir='ltr'><strong>purgatam...</strong></span> <span class='ocrx_word' id='word_1_299' title='bbox 635 4687 676 4695; x_wconf 93' lang='lat'>—</span> <span class='ocrx_word' id='word_1_300' title='bbox 691 4647 722 4715; x_wconf 82' lang='lat' dir='ltr'><strong>tl.</strong></span> <span class='ocrx_word' id='word_1_301' title='bbox 742 4647 794 4712; x_wconf 71' lang='lat'><strong>35.</strong></span> <span class='ocrx_word' id='word_1_302' title='bbox 814 4649 1061 4713; x_wconf 80' lang='lat' dir='ltr'><strong>Pharasmanes</strong></span> <span class='ocrx_word' id='word_1_303' title='bbox 1077 4650 1376 4737; x_wconf 87' lang='lat' dir='ltr'><strong>Oro‹lesque.dum</strong></span> <span class='ocrx_word' id='word_1_304' title='bbox 1389 4653 1665 4718; x_wconf 89' lang='lat' dir='ltr'><strong>strenuisadsunt</strong></span> 
     </span>
    </p>
   </div>
   <div class='ocr_carea' id='block_1_3' title="bbox 420 4965 642 5020">
    <p class='ocr_par' dir='ltr' id='par_1_5' title="bbox 420 4965 642 5020">
     <span class='ocr_line' id='line_1_37' title="bbox 420 4965 642 5020; baseline 0.005 -9"><span class='ocrx_word' id='word_1_305' title='bbox 420 4969 426 5000; x_wconf 68' lang='grc' dir='ltr'>Ι</span> <span class='ocrx_word' id='word_1_306' title='bbox 446 4965 548 5013; x_wconf 70' lang='lat' dir='ltr'><strong>Pnnsor·</strong></span> <span class='ocrx_word' id='word_1_307' title='bbox 565 5003 568 5020; x_wconf 93' lang='lat'><strong>,</strong></span> <span class='ocrx_word' id='word_1_308' title='bbox 591 4984 642 5014; x_wconf 61' lang='lat'><strong>21³2.</strong></span> 
     </span>
    </p>
   </div>
   <div class='ocr_carea' id='block_1_4' title="bbox 0 0 1860 6234">
    <p class='ocr_par' dir='ltr' id='par_1_6' title="bbox 0 0 1860 6234">
     <span class='ocr_line' id='line_1_38' title="bbox 0 0 1860 6234; baseline 0 3"><span class='ocrx_word' id='word_1_309' title='bbox 0 0 1860 6234; x_wconf 95' lang='lat' dir='ltr'><strong> </strong></span> 
     </span>
    </p>
   </div>
  </div>
 </body>
</html>
