3709 6234
371 828 425 884 500
969 835 1053 887 OTllO

416 974 532 1063 quue
548 974 741 1063 Poppaeam
761 975 964 1043 Sabinam...
983 984 1021 1041 ut
1047 975 1136 1063 apud
1153 975 1327 1040 conscium
1351 973 1532 1039 libidinum
1548 973 1636 1064 depo

414 1090 568 1149 suerat...
585 1081 667 1148 Mox
683 1092 878 1170 suspectum
894 1084 928 1148 in
942 1082 1059 1148 eadem
1071 1082 1228 1170 Poppaea
1244 1083 1277 1145 in
1288 1082 1498 1169 provinciam
1515 1082 1652 1146 Lusita-

412 1189 503 1253 niam
519 1190 630 1277 specie
650 1189 829 1277 legationis
850 1191 1013 1278 seposuit.
1036 1190 1125 1255 Otho
1158 1189 1299 1255 comiter
1322 1189 1559 1255 administrata
1574 1212 1652 1277 pro·

410 1297 520 1363 vincia
541 1297 671 1385 primus
684 1299 719 1363 in
734 1306 847 1386 partes
863 1298 1019 1384 (Galbae)
1036 1306 1312 1385 transgressus...
1339 1320 1434 1385 spem
1454 1295 1650 1384 adoptionis

412 1404 526 1469 statim
565 1413 763 1493 conceptam
796 1406 908 1470 acrius
933 1406 966 1470 in
991 1405 1064 1470 dies
1095 1404 1287 1493 rapiebat...
1310 1442 1354 1455 -
1377 1405 1403 1480 l,
1436 1429 1489 1469 21.
1515 1403 1649 1469 Interea

411 1510 592 1590 Othonem,
609 1513 662 1577 cui
675 1513 872 1600 compositis
887 1512 989 1577 rebus
1011 1511 1103 1577 nulla
1115 1535 1205 1600 spes,
1217 1535 1315 1578 omne
1330 1513 1365 1576 in
1380 1510 1514 1577 turbido
1539 1511 1651 1576 consi-

410 1618 506 1699 linm,
523 1620 630 1685 multa
650 1620 750 1685 simul
769 1619 1078 1687 exstimulabant...
1098 1618 1264 1706 Fingebat
1279 1628 1312 1685 et
1331 1628 1500 1686 metum...
1528 1618 1649 1684 Occidi

410 1726 579 1792 Othonem
596 1751 707 1815 posse.
732 1767 775 1776 -
807 1728 833 1802 Ι,
860 1754 911 1793 22.
940 1727 1015 1793 Non
1037 1735 1109 1793 erat
1131 1726 1277 1793 Othonis
1307 1727 1421 1791 mollis
1452 1735 1485 1793 et
1511 1727 1647 1815 corpori

409 1833 529 1898 similis
558 1836 733 1901 animus...
756 1835 963 1920 Vrgentihus
994 1836 1094 1900 etiam
1122 1834 1382 1912 mathematicis
1413 1834 1493 1899 dum
1537 1857 1646 1898 noros

409 1949 521 2006 motus
550 1951 583 2006 et
611 1942 740 2018 clarum
775 1942 902 2007 Othoni
927 1966 1054 2007 annum
1093 1942 1329 2008 observatione
1361 1941 1508 2007 siderum
1545 1940 1647 2006 adfir-

407 2057 542 2115 mant...
575 2049 704 2114 Multos
723 2059 852 2115 secreta
876 2050 1051 2137 Poppaeae
1077 2050 1375 2116 mathematicos...
1399 2048 1587 2114 habuerant
1603 2068 1646 2127 ;e

407 2155 530 2243 quibus
554 2157 769 2222 Ptolemaeus
804 2157 931 2224 Othoni
950 2158 983 2221 in
1008 2157 1171 2245 llispania
1199 2180 1323 2230 comes,
1349 2181 1425 2223 cum
1451 2155 1646 2244 supersutu-

405 2286 478 2327 rum
511 2286 588 2328 eum
614 2263 738 2329 Neroni
761 2264 984 2351 promisisset,
1004 2273 1182 2352 postquam
1200 2288 1241 2329 ex
1261 2273 1385 2329 eventu
1401 2263 1497 2338 tides,
1511 2263 1643 2328 coniec-

406 2379 480 2435 tura
506 2371 572 2435 iam
600 2380 634 2437 et
654 2395 787 2436 rumore
810 2373 941 2436 scnium
966 2370 1094 2436 Galbae
1123 2380 1156 2436 et
1179 2373 1351 2437 iuventam
1382 2370 1526 2435 Othonis
1550 2393 1643 2436 com-

404 2478 595 2564 putantium
620 2490 831 2566 persuaserat
854 2481 922 2545 lore
942 2489 979 2543 ut
1009 2480 1043 2544 in
1073 2479 1252 2566 imperium
1282 2478 1540 2545 adscisceretur.
1577 2478 1645 2544 Sed

405 2585 494 2651 Otho
531 2595 703 2674 tamquam
728 2587 846 2675 peritia
873 2596 907 2653 ct
924 2587 1055 2651 monitu
1075 2587 1219 2651 fatorum
1246 2585 1417 2673 praedicta
1441 2585 1641 2674 accipiebat.

403 2731 446 2740 -
467 2692 492 2770 l,
521 2697 573 2771 πά.
589 2694 743 2759 Maevius
755 2694 948 2766 Pudens...
975 2693 1132 2782 quotiens
1148 2692 1256 2759 Galba
1276 2693 1366 2781 apud
1378 2692 1548 2759 Othonem
1558 2716 1643 2781 epu-

403 2799 541 2874 larctur,
563 2802 694 2867 cohorti
709 2801 869 2867 excubias
886 2803 1002 2888 agenti
1016 2802 1144 2867 viritim
1171 2810 1331 2866 centenos
1353 2823 1509 2866 nummos
1538 2800 1642 2888 (divi-

402 2906 534 2990 debat);
548 2931 650 2996 quam
666 2908 759 2974 velut
778 2908 949 2996 publicam
963 2908 1176 2994 largitionem
1191 2908 1280 2974 Otho
1295 2907 1533 2974 secretioribus
1550 2908 1641 2995 apud

402 3014 555 3098 singulos
570 3017 728 3103 praemiis
759 3015 968 3095 intendebat,
997 3016 1081 3080 adeo
1099 3017 1272 3080 animosus
1284 3023 1471 3103 corruptor,
1493 3024 1574 3080 ut...
1601 3052 1642 3066 -

402 3122 427 3197 l,
445 3122 498 3191 26.
512 3123 676 3212 Adeoque
691 3133 849 3211 parata...
865 3124 987 3190 seditio
1008 3174 1043 3200 ..,
1057 3132 1095 3189 ut
1119 3132 1255 3211 postero
1270 3122 1388 3188 iduum
1417 3123 1471 3189 die
1495 3121 1641 3188 redeun-

403 3237 505 3294 terna
526 3254 608 3295 rena
628 3232 798 3297 Othonem
819 3232 948 3319 rapturi
964 3232 1101 3311 fuerint,
1125 3232 1201 3296 ni...
1227 3230 1477 3307 timuissent...,
1506 3253 1548 3295 nc
1581 3254 1642 3319 per

400 3336 610 3408 tenebras...
645 3339 881 3424 ignorantibus
913 3339 1097 3427 plerisque,
1135 3362 1195 3425 pro
1230 3337 1363 3402 Othone
1409 3337 1641 3403 destinaretur

398 3445 569 3532 (quisquis
583 3446 719 3510 oblatus
733 3450 847 3529 esset).
860 3484 905 3496 -
920 3445 945 3513 l.
971 3471 1024 3534 27.
1044 3446 1298 3511 Sarriliranti...
1315 3443 1443 3508 Galbae
1470 3444 1641 3533 haruspex

401 3552 590 3616 l'mhrieius
602 3554 711 3617 tristia
733 3562 810 3617 exta
827 3562 856 3617 et
882 3554 1049 3617 instantes
1071 3553 1212 3616 insidias
1238 3577 1275 3616 ac
1295 3553 1520 3616 domesticum
1559 3553 1639 3616 hos-

401 3667 465 3722 tem
483 3660 657 3745 praedicit.
672 3660 830 3725 audiente
851 3661 997 3735 Othone,
1015 3684 1091 3723 nam
1114 3660 1290 3746 proximus
1315 3659 1506 3726 adstiterat.
1534 3658 1638 3746 idque

397 3776 434 3829 ut
455 3766 623 3832 laetum...
666 3768 952 3854 interpretante...
976 3768 1065 3831 Otho
1094 3790 1231 3830 cansam
1262 3767 1435 3852 digressus
1461 3767 1638 3852 requiren-

399 3873 500 3941 tibus.
524 3898 599 3938 curn
616 3876 680 3938 emi
695 3875 947 3961 sibipraelia...
968 3875 1177 3953 linxisset,...
1197 3874 1238 3936 ad
1256 3874 1436 3937 miliarium
1453 3895 1635 3937 aureum...

397 3981 517 4065 pergit.
542 4021 583 4029 —
606 3982 631 4054 l,
657 4005 709 4067 29.
734 3982 875 4066 Ignarus
901 3982 1035 4045 interim
1061 3980 1225 4045 Galba...
1256 4005 1332 4044 cum
1352 3979 1502 4044 adfertur
1522 4002 1639 4043 rumor

397 4089 467 4173 rapi
490 4090 523 4151 in
549 4098 657 4152 castra
685 4090 848 4152 incertum
874 4112 974 4176 quem
1001 4098 1202 4158 senatorem,
1235 4112 1312 4151 mox
1348 4088 1516 4152 Othonem
1546 4111 1636 4167 esse,

396 4196 452 4279 qui
470 4205 683 4281 raperetur...
704 4234 747 4244 -
773 4196 798 4262 l.
816 4198 868 4257 lto.
897 4196 1077 4282 (Loquitur
1100 4194 1178 4258 Piso
1207 4195 1296 4281 apud
1319 4195 1457 4279 milites)
1500 4222 1514 4250 a
1543 4194 1637 4257 Nihil

396 4301 566 4384 adrogabo
592 4303 674 4365 mihi
692 4302 879 4367 nobilitatis
901 4302 1177 4372 immodestiae:
1193 4326 1302 4389 neque
1322 4303 1412 4365 enim
1438 4300 1545 4365 relatu
1570 4303 1637 4365 rir-

398 4418 505 4472 tutum
522 4410 556 4472 in
579 4411 831 4496 comparatione
852 4410 998 4473 Othonis
1031 4433 1116 4496 opus
1135 4419 1197 4473 est.
1217 4433 1233 4472 n
1260 4448 1303 4457 —
1325 4409 1350 4482 l,
1382 4409 1436 4474 32.
1468 4408 1635 4472 Vniversa

394 4515 458 4578 iam
475 4515 571 4602 plebs
588 4516 757 4580 Palatium
769 4516 989 4603 implebat...
1003 4515 1141 4580 dissono
1157 4516 1303 4580 clamore
1327 4515 1465 4579 eaedem
1487 4514 1636 4580 Othonis

393 4632 425 4686 et
446 4624 694 4687 coniuratorum
737 4625 875 4688 exitium
907 4625 1131 4710 poscentium.
1167 4662 1211 4672 —
1245 4622 1267 4695 l,
1300 4622 1354 4687 33.
1390 4621 1634 4686 Festinandum

392 4731 511 4793 ceteris
535 4730 678 4815 (Galbae
693 4732 822 4815 amicis)
838 4730 1017 4794 videbatur
1040 4752 1099 4795 :...
1127 4729 1373 4817 trepidaturum
1395 4730 1498 4793 etiarn
1528 4729 1636 4793 Otho-

390 4860 507 4901 nem...
532 4837 590 4900 l'el
612 4838 639 4899 si
663 4838 782 4901 cadere
817 4861 954 4901 neeesse
989 4838 1047 4908 sit.
1075 4836 1319 4901 occurrendum
1347 4834 1534 4899 discrimini
1563 4854 1571 4900 ε
1599 4836 1635 4899 id

389 4945 514 5006 Othoni
535 4944 778 5008 insidiosiuset
804 4945 886 5029 ipsis
921 4945 1113 5008 honesturn.
1131 4982 1171 4992 ·-
1198 4943 1222 5020 l,
1248 4944 1301 5020 tl..
1325 4942 1472 5006 l'ixtlum
1487 4965 1627 5029 egresso
