3709 6234
377 871 429 925 178
928 871 1040 925 CASPlA
1060 872 1114 923 vla

373 1011 729 1080 CARTIMANDVA.
759 1049 802 1062 —
832 1037 881 1092 12,
911 1011 965 1077 36.
999 1010 1227 1098 (Caratacus),
1247 1032 1323 1074 cum
1338 1008 1440 1075 fidem
1460 1006 1644 1072 Cartiman·

421 1118 523 1185 duae¹
545 1119 682 1206 reginae
698 1119 900 1207 Brigantum
915 1118 1106 1206 petivisset,
1117 1117 1253 1182 vinctus
1265 1140 1304 1181 ac
1317 1115 1503 1182 victoribus
1517 1115 1659 1201 (Roma-

421 1226 487 1315 nis)
508 1226 653 1292 traditus
679 1234 743 1292 est.
761 1265 804 1275 -
840 1251 889 1307 12,
920 1228 976 1302 40.
999 1225 1215 1302 Venutius,e
1237 1224 1436 1311 Brigantum
1463 1222 1657 1296 civitate...

420 1333 550 1401 lidus...
581 1333 640 1399 diu
674 1342 709 1399 ot
733 1332 895 1399 Romanis
922 1333 1027 1399 armis
1059 1332 1229 1408 defensus,
1261 1354 1337 1396 cum
1359 1326 1661 1397 Cartimanduam⁹

423 1440 574 1527 reginam
594 1441 811 1506 matrimonio
837 1447 979 1507 teneret.
1009 1440 1091 1505 Mox
1120 1447 1194 1505 orto
1222 1438 1365 1503 discidio
1390 1445 1423 1503 et
1438 1438 1554 1503 statim
1570 1434 1660 1501 bello

422 1548 524 1613 etiarn
534 1548 698 1613 adversus
712 1571 776 1613 nos
786 1546 924 1613 hostilia
937 1547 1103 1613 induerat.
1116 1547 1182 1613 Sed
1192 1547 1301 1634 primo
1319 1553 1450 1612 tantum
1466 1545 1555 1609 inter
1567 1544 1660 1630 ipsos

423 1654 618 1720 certabatur
637 1654 838 1743 callidisque
868 1653 1131 1720 Cartimandua³
1150 1654 1280 1720 artibus
1306 1642 1444 1718 fratrem
1471 1675 1510 1717 ao
1525 1650 1662 1741 propin-

423 1773 509 1850 quos
525 1761 665 1827 Venutii
683 1762 902 1850 intercepit...
930 1799 974 1813 —
1007 1761 1068 1843 ΙΙΙ,
1095 1763 1149 1838 45.
1180 1760 1333 1827 Britanni
1348 1759 1516 1826 sustulere
1530 1759 1662 1823 animos

349 1914 358 1928 .
424 1876 562 1933 auctore
602 1868 763 1948 Venutio,
806 1869 906 1957 qui...
947 1869 1092 1957 propriis
1118 1869 1153 1933 in
1176 1867 1455 1933 Cartimanduam
1511 1866 1663 1953 reginam

425 1975 574 2041 stimulis
609 1975 868 2041 accendebatur.
899 1975 1142 2041 Cartimandua
1175 1974 1396 2064 Brigantibus
1433 1971 1660 2062 imperitabat,

424 2081 559 2169 pollens
586 2082 779 2162 nobilitate;
813 2090 847 2148 ct
878 2090 1019 2147 auxerat
1056 2083 1256 2171 potentiam,
1289 2089 1470 2171 postquam
1489 2088 1588 2168 capto
1605 2101 1664 2167 per

425 2188 542 2254 dolum
575 2212 654 2277 rege
680 2189 843 2255 Carataco
877 2190 1081 2255 instruxisse
1110 2190 1318 2279 triumphum
1352 2188 1487 2255 Claudii
1511 2186 1665 2253 Caesaris

427 2295 649 2362 videbatur...
689 2297 811 2384 Spreto
832 2297 991 2376 Venutio,
1022 2298 1051 2361 is
1071 2297 1135 2363 luit
1161 2296 1316 2377 maritus,
1355 2296 1561 2383 armigerum
1592 2293 1664 2358 eius

429 2403 642 2469 Vellocatum
670 2404 705 2468 in
742 2405 997 2470 matrimonium
1049 2427 1258 2493 regnumque
1292 2403 1462 2492 accepit...
1499 2400 1666 2466 Venutius

428 2511 544 2576 accitis
571 2509 721 2592 auxiliis,
756 2511 859 2576 simul
880 2510 1031 2599 ipsorum
1067 2511 1268 2599 Brigantum
1283 2510 1483 2587 delectione,
1506 2509 1540 2573 in
1556 2516 1666 2574 extre-

427 2640 520 2682 mum
535 2617 718 2683 discrimen
733 2618 1012 2684 Cartimanduam
1041 2618 1196 2684 adduxit.
1219 2618 1303 2683 Tum
1334 2617 1440 2706 petita
1464 2640 1483 2682 a
1502 2614 1665 2681 Romanis

427 2723 637 2812 praesidia...
661 2747 857 2790 exemere...
879 2724 1030 2814 periculo
1044 2726 1208 2812 reginam.

387 2831 537 2897 CARVS
558 2831 737 2914 METlVS,
754 2857 788 2901 v.
808 2833 976 2900 METlVS
997 2832 1158 2899 CARVS.

383 2937 663 3005 CASPERIVSt
694 2975 736 2990 -
771 2964 819 3022 12,
837 2942 892 3017 45.
920 2940 1168 3029 (Radamistus)
1203 2940 1425 3006 Mithridaten
1444 2938 1609 3027 compulit
1632 2938 1666 3002 in

428 3044 606 3110 castellum
621 3046 786 3127 Gorneas,
799 3053 910 3112 tutum
930 3045 1005 3112 loco
1020 3070 1058 3112 ac
1078 3047 1246 3136 praesidio
1262 3047 1420 3128 militum,
1439 3047 1514 3135 quis
1533 3044 1667 3111 Caelius

430 3151 539 3216 Pollio
563 3152 764 3240 praefectus,
797 3155 949 3219 centurio
983 3154 1165 3242 Casperius
1198 3162 1391 3242 praeerat..
1421 3152 1667 3240 (Radamistus)

430 3260 607 3325 avaritiam
622 3259 781 3348 praelecti
797 3268 997 3343 emereatur,
1015 3259 1207 3327 obtestante
1223 3260 1396 3349 Casperio,
1411 3283 1454 3327 ne
1471 3261 1581 3326 socius
1594 3283 1665 3338 rex,

429 3390 471 3432 ne
483 3367 645 3432 Armenia
661 3367 788 3432 donum
802 3367 919 3456 populi
940 3370 1084 3434 Romani
1099 3369 1225 3434 scelere
1239 3377 1272 3435 et
1286 3369 1428 3457 pecunia
1442 3375 1666 3433 verterentur.

430 3513 472 3525 -
499 3499 548 3555 12,
576 3473 629 3551 16.
646 3473 825 3562 Casperius
853 3477 989 3541 interim
1016 3476 1059 3541 ad
1084 3477 1335 3542 Pharasmanen
1364 3476 1531 3564 pervadit,
1565 3482 1670 3563 utque

432 3581 550 3646 lliberi
576 3580 710 3645 obsidio
739 3581 917 3658 decedant,
953 3583 1161 3671 expostulat.
1197 3621 1240 3634 -
1275 3584 1324 3665 15,
1345 3583 1375 3650 5.
1393 3583 1574 3672 Casperius
1593 3606 1670 3648 cen-

431 3689 530 3768 turio,
566 3690 600 3752 in
630 3711 704 3752 eam
732 3689 938 3776 legationem
954 3691 988 3778 (a
1005 3690 1212 3775 Corbulone)
1236 3690 1387 3756 delectus
1407 3690 1497 3779 apud
1510 3689 1670 3778 oppidum

432 3794 607 3861 Nisibin...
638 3794 709 3860 adit
733 3821 846 3886 regem
879 3799 1123 3887 (Vologaesen)
1146 3807 1179 3865 et
1216 3799 1375 3865 mandata
1412 3799 1568 3865 ferociter
1599 3798 1671 3863 edi·

433 3899 494 3966 dit.

346 4052 350 4059 -
388 4006 639 4074 CASPERIVS
672 4009 826 4077 NIGER.
848 4050 889 4062 -
908 4012 969 4095 ΙΙΙ,
985 4014 1038 4100 73.
1055 4015 1156 4080 Pauci
1185 4014 1381 4080 militarium
1400 4014 1562 4095 virorum,
1585 4013 1673 4078 inter

433 4137 517 4203 quos
533 4115 679 4180 maxime
695 4117 888 4205 insignes,..
903 4118 1084 4209 Casperius
1100 4122 1260 4209 Niger...,
1280 4145 1427 4211 pugnam
1444 4122 1516 4187 ausi
1531 4120 1672 4186 obtrun-

433 4229 552 4286 cantur
572 4223 621 4308 (in
643 4222 810 4311 Capitolio
825 4250 844 4289 a
857 4226 1050 4292 Vitellianis
1067 4231 1192 4318 capto).

389 4327 556 4395 CASPlA
573 4329 600 4391 V
605 4332 664 4412 la,
683 4330 952 4399 CASPIARVM
970 4336 1221 4402 CLAVSTRA.
1242 4377 1276 4389 -
1307 4337 1338 4416 6,
1366 4336 1419 4403 33.
1439 4335 1555 4401 Hiberi
1573 4334 1673 4401 loco-

432 4460 507 4501 rum
519 4445 675 4524 potentes
687 4440 808 4527 Caspia
823 4441 874 4506 via
886 4443 1078 4509 Sarmatam
1091 4445 1125 4508 in
1138 4446 1318 4510 Armenios
1340 4444 1464 4533 raptim
1482 4443 1671 4511 effundunt.

420 4693 428 4726 ¹
449 4692 494 4745 M:
511 4693 707 4744 cartimandus.
725 4696 802 4749 Corr.
821 4698 996 4749 Puteolanus.
1013 4728 1044 4738 -
1059 4702 1184 4764 Lipsius:
1203 4700 1439 4751 Cartimanduae.
1453 4700 1497 4751 Sic
1512 4702 1584 4764 vulg.

420 4773 471 4825 ’U
488 4788 493 4821 :
510 4774 723 4824 cartimandum.
736 4803 766 4813 -
781 4777 888 4840 Lipsius
904 4794 910 4828 ε
928 4780 1178 4833 Cartimanduam.

418 4853 429 4888 ³
446 4853 492 4906 fl:
512 4854 711 4906 cartimannus.
728 4883 757 4894 -
769 4858 897 4920 Lipsius:
916 4861 1137 4913 Cartismsndua.

418 4933 429 4969 ⁴
446 4952 458 4981 α
477 4934 623 4984 Vielleicht
638 4937 674 4985 ist
688 4938 736 4985 der
747 4938 777 4985 H.
791 4938 837 4994 111.
857 4940 895 5004 73,
915 4943 1045 4992 ervttlrnte
1065 4943 1212 5007 Casperius
1226 4943 1311 5008 Niger
1325 4943 1451 4993 dersclbe
1471 4944 1670 5006 lerrrannsr·

388 5017 550 5078 anonam).
567 5042 598 5055 -
615 5017 732 5066 Vrsinus
750 5020 870 5069 malebat
888 5023 1031 5085 Asperius.
