3709 6234
368 848 420 904 tot
835 847 973 903 ofonlvs
992 850 1180 905 TlGELLllft'S

413 991 589 1077 Capitone,
620 989 677 1076 qui
713 1011 820 1076 nuper
847 990 1052 1055 senatorium
1085 989 1236 1056 ordinem
1274 991 1431 1080 precibus
1468 993 1651 1081 Tigellini¹

414 1098 519 1163 soceri
535 1098 586 1161 sui
606 1103 789 1184 receperat.
812 1134 854 1145 -
871 1098 920 1174 nl,
940 1098 992 1160 51.
1007 1097 1157 1182 (hlortuo
1170 1098 1290 1184 Burro)
1306 1098 1431 1164 Caesar
1447 1099 1536 1164 duos
1556 1123 1653 1187 prae-

412 1206 508 1271 toriis
523 1203 719 1271 cohortibus
733 1204 951 1292 imposuerat,
990 1204 1152 1269 Faenium
1179 1205 1305 1270 ltufum
1321 1229 1364 1270 ex
1379 1206 1473 1294 vulgi
1491 1207 1651 1274 favore...
1693 1223 1697 1228 '

413 1312 596 1379 Οἶοηίυιιι2
615 1310 830 1398 Tigellinum,
855 1318 1003 1375 veterem
1037 1311 1281 1399 impudicitiam
1308 1319 1409 1401 atque
1424 1313 1602 1380 infamiam
1618 1316 1652 1379 in

413 1446 451 1486 eo
465 1427 611 1485 secutus.
632 1420 744 1505 Atque
757 1417 807 1482 illi
825 1441 883 1505 pro
904 1418 1050 1502 cognitis
1071 1419 1221 1483 moribus
1249 1419 1352 1486 fuere.
1374 1419 1519 1485 validior
1531 1421 1650 1506 Tigel-

411 1528 501 1592 linus
516 1528 550 1591 in
575 1526 686 1590 animo
704 1525 865 1612 principis
890 1533 924 1589 et
959 1526 1087 1590 intimis
1114 1525 1312 1592 lihidinibus
1332 1528 1535 1616 adsumptus
1555 1581 1577 1595 ..
1608 1567 1653 1580 -

418 1639 466 1712 ¹l·
490 1634 544 1722 57.
567 1632 784 1720 l'alidiorque
801 1633 833 1696 in
848 1633 921 1697 dies
936 1632 1122 1718 Tigellinus
1138 1642 1171 1698 et
1190 1633 1298 1699 malas
1310 1643 1413 1704 artes,
1431 1634 1556 1723 quibus
1570 1637 1653 1702 solis

413 1741 575 1830 pollebat,
593 1739 759 1826 gratiores
774 1747 879 1819 ratus,
902 1739 931 1802 si
946 1740 1130 1828 principem
1146 1740 1307 1807 societate
1323 1741 1490 1806 scelerum
1504 1741 1654 1808 obstrin-

413 1856 519 1936 geret,
542 1854 653 1911 metus
671 1846 743 1911 eius
757 1846 909 1914 rimatur.
932 1855 1173 1936 compertoque
1189 1848 1416 1932 (llubellium)
1443 1849 1605 1915 Plautum
1620 1859 1655 1916 et

413 1954 636 2044 (Cornelium)
654 1953 783 2018 Sullam
811 1954 957 2019 maxime
973 1955 1126 2020 timeri...
1154 1991 1199 2004 -
1228 1958 1278 2033 il,
1305 1955 1359 2020 60.
1382 1958 1489 2022 Actae
1503 1958 1547 2020 ob
1563 1956 1597 2021 id
1612 1956 1653 2023 de

413 2063 545 2131 ancillis
564 2063 820 2150 quaestiones...
843 2062 894 2126 Ex
917 2062 1041 2150 quibus
1056 2085 1123 2126 una
1143 2062 1285 2129 instanti
1313 2063 1479 2151 Tigellino
1507 2065 1652 2130 castiora

413 2196 486 2237 esse
503 2169 679 2234 muliebria
702 2169 863 2234 (letaviae
879 2169 1055 2256 respondit
1078 2192 1179 2256 quam
1195 2194 1233 2234 os
1246 2171 1330 2238 eius.
1347 2209 1378 2219 -
1408 2173 1458 2252 15,
1474 2171 1528 2260 37.
1554 2173 1652 2238 Cele-

414 2279 577 2344 berrimae
601 2275 683 2340 luxu
709 2276 863 2362 famaque
890 2275 1009 2362 epulae
1027 2274 1130 2356 fuere.
1147 2300 1232 2364 quim
1247 2301 1265 2340 a
1281 2275 1448 2363 Tigellino
1463 2285 1602 2364 paratas
1616 2286 1653 2343 ut
1730 2341 1733 2346 .

413 2385 605 2472 exemplant
636 2383 819 2446 referam...
837 2419 879 2429 ·-
900 2384 951 2447 15.
969 2384 1024 2458 lo.
1060 2382 1206 2470 l'lusque
1228 2383 1385 2449 infamiae
1405 2383 1440 2448 id
1458 2384 1654 2450 incendium

413 2493 540 2569 habuit,
563 2492 639 2579 quia
662 2489 807 2577 praediis
820 2488 976 2575 'Tigellini
998 2490 1199 2554 ,leinilianis
1226 2486 1438 2579 proruperat.
1459 2527 1495 2540 -
1522 2493 1572 2564 15,
1596 2492 1650 2558 50.

416 2600 537 2665 Faenio
555 2598 642 2662 llufo
659 2595 827 2683 praefecto
844 2595 1027 2682 (praetorii)
1047 2648 1083 2671 ..‚
1106 2621 1205 2685 quein
1222 2599 1290 2663 rita
1307 2597 1461 2686 famaque
1476 2598 1651 2666 laudatum

414 2731 472 2795 per
503 2705 679 2770 saeviliam
712 2703 1024 2791 impialieitiamque
1059 2704 1245 2790 Tigellinus
1274 2706 1309 2768 in
1338 2706 1450 2770 aiiimo
1490 2705 1653 2794 principis

414 2822 574 2889 anteibat.
600 2818 828 2906 fatigabatque
849 2819 1184 2886 criniimitionibus...
1211 2859 1249 2870 ·—
1274 2823 1323 2898 15.
1346 2821 1399 2885 58.
1423 2821 1532 2909 Super
1547 2821 1652 2888 Nero-

415 2931 467 2994 nis
482 2953 519 2993 ae
535 2926 691 3014 Tigellini
706 2950 824 2991 saevas
839 2925 1111 3013 percontationes
1128 2927 1273 2993 Faenius
1289 2950 1423 3014 quoque
1449 2928 1560 2994 llufus
1580 2930 1653 2996 vio-

414 3037 523 3103 lenter
552 3034 708 3123 (urgebat
744 3033 783 3098 C.
821 3034 955 3097 l'isonis
994 3033 1131 3122 socios).
1170 3073 1213 3083 —
1245 3037 1294 3110 15,
1326 3034 1379 3122 59.
1418 3035 1524 3101 Fuere
1549 3038 1651 3126 qui...

414 3147 628 3210 hortarentur
650 3142 872 3220 l‘isonem...;
896 3140 978 3204 nihil
1000 3141 1178 3206 adversum
1209 3142 1290 3207 haec
1312 3141 1436 3207 Neroni
1455 3145 1651 3229 provisum;

413 3255 515 3319 ctiam
532 3253 634 3316 fortes
650 3250 740 3313 viros
756 3248 877 3313 subitis
908 3250 1037 3324 terreri,
1056 3249 1180 3313 nedum
1197 3249 1253 3312 ille
1275 3251 1462 3330 scaenicus
1484 3250 1654 3338 Tigellino

413 3362 541 3425 scilieet
566 3381 641 3422 euni
673 3356 856 3443 paelicibus
886 3357 956 3419 suis
989 3357 1184 3428 comitante,
1220 3381 1311 3420 aram
1340 3365 1456 3422 contra
1476 3358 1653 3435 cieret,—

420 3472 467 3534 15,
485 3469 539 3531 th.
556 3465 620 3528 Thi
642 3465 722 3529 hae'e¹
739 3465 898 3528 :Senecae
915 3467 1091 3551 responsa)
1104 3488 1120 3527 a
1136 3464 1271 3530 tribuno
1287 3465 1388 3529 relata
1403 3471 1483 3529 sunt
1496 3464 1654 3550 (Neroni)

417 3578 570 3662 Poppaea
591 3581 622 3637 et
643 3571 808 3658 Tigellino
822 3596 947 3638 coram.
964 3570 1054 3658 quod
1071 3578 1142 3635 erat
1159 3571 1319 3636 saevienti
1334 3572 1476 3658 principi
1496 3572 1653 3638 intimum

414 3683 644 3748 consiliarum.
675 3718 717 3726 -
758 3678 805 3744 15.
845 3703 896 3764 7²·
927 3679 1112 3764 (tlppressa
1138 3678 1384 3766 coniuratione)
1405 3678 1534 3745 Nero...
1554 3689 1653 3746 vocat

414 3799 567 3855 senatum
589 3798 620 3852 et
638 3785 840 3873 triumphale
870 3785 1015 3849 decus...
1055 3786 1195 3849 Cocceio
1225 3785 1354 3850 Nerine
1383 3787 1530 3873 praetori
1557 3787 1652 3852 ‹lesi-

413 3907 527 3983 gnatm
550 3895 715 3981 'Tigellino
731 3893 899 3980 praefecto
914 3892 1071 3979 praetorii
1094 3892 1222 3959 tribuit.
1241 3892 1444 3978 Tigellinum
1461 3894 1653 3959 etNervam

414 4008 457 4070 ita
475 4003 653 4069 extollens,
675 4010 710 4064 ut
739 4024 839 4087 super
869 3999 1091 4086 triumphales
1107 4000 1139 4062 in
1156 3999 1226 4062 fori·
1266 4001 1429 4087 imagines
1444 4000 1532 4088 apud
1554 4001 1654 4066 l'ala-

416 4114 498 4176 tium
524 4133 658 4198 quoque
685 4108 812 4194 efligies
839 4131 954 4170 eorum
989 4107 1134 4171 sisteret.
1152 4145 1196 4153 —
1221 4106 1269 4176 iti.
1296 4109 1344 4183 id.
1366 4108 1456 4171 lnter
1474 4105 1654 4173 damnatos

402 4327 406 4358 ¹
427 4326 470 4372 ¹tl:
490 4323 624 4387 tiqcllani.
640 4349 666 4358 -
677 4341 688 4364 a
709 4321 860 4382 'l'iqellinns
878 4324 960 4368 neunt
978 4320 1022 4367 ihn
1035 4321 1078 4367 ‹lie
1094 4319 1160 4366 llils.
1180 4335 1230 4366 nm·
1245 4321 1281 4368 ιζ),
1298 4321 1326 4382 37
1341 4319 1395 4365 und
1408 4319 1467 4366 hier
1482 4317 1653 4380 l'iqellanus.

370 4411 446 4454 sonst
474 4404 633 4468 'l'iqillinns
656 4405 706 4449 uie
723 4403 791 4449 atich
815 4403 856 4447 air
878 4402 960 4447 lltlss.
979 4402 1094 4447 anderer
1110 4399 1285 4447 lateinischcr
1302 4398 1512 4456 §clarum-lton
1530 4398 1655 4446 aberdie

370 4487 502 4534 ruratica
527 4485 613 4531 haben
636 4487 773 4545 'sagittam
800 4484 854 4529 und
880 4483 928 4528 ‹lrr
954 4481 1038 4528 Name
1056 4482 1088 4527 ist
1108 4480 1297 4527 otlenbarrnu
1322 4478 1655 4542 Yipettinsabgeleitct.»

382 4568 706 4625 Nnaurnmaialuminata.)
726 4591 755 4599 -
774 4582 785 4609 a
812 4562 973 4624 l'iqillinuru
1004 4562 1139 4608 hmninem
1163 4566 1259 4608 vacant
1281 4561 1362 4607 ctiam
1384 4560 1540 4610 Suetonius.
1559 4558 1653 4608 Gal-ha.

373 4651 413 4695 iIr:
441 4646 580 4694 Martialis.
603 4647 625 4693 3.
651 4662 690 4696 ao.
709 4644 852 4691 afflabat.
874 4643 975 4689 lmen..
999 4659 1020 4690 z.
1043 4643 1081 4686 15:
1093 4654 1098 4687 :
1126 4640 1303 4702 'l'r'qulr'nuui.
1335 4639 1478 4688 luvenalis.
1509 4638 1569 4693 llio,
1588 4638 1652 4685 l'lu·

371 4728 488 4776 [archus.
514 4744 524 4768 a
549 4730 654 4774 liniam.
672 4726 704 4771 acl
726 4734 759 4782 it.
778 4726 824 4770 fn.¹

400 4807 535 4868 Hip-’ius
560 4807 696 4867 celerique
723 4806 790 4851 falso
812 4818 817 4851 t
841 4803 998 4863 Sosoriiurn.
1030 4804 1070 4849 (ts.
1098 4803 1158 4849 lter.
1182 4803 1214 4847 ilc
1238 4801 1317 4864 phil..
1336 4801 1406 4847 xxi.
1426 4815 1451 4860 p.
1474 4799 1516 4846 160
1534 4814 1605 4861 sqq..
1625 4803 1653 4847 cl

369 4890 533 4942 lans-mna,
550 4887 635 4937 aresii
655 4885 748 4933 Dinnis
764 4883 903 4933 tiorreiani
922 4882 984 4931 hist.
1003 4897 1153 4946 relinquar
1171 4885 1326 4945 supersunt.
1342 4881 1396 4929 vol.
1415 4880 1449 4938 ll,
1469 4879 1567 4928 llcrlin.
1585 4879 1653 4944 1⁸98.

371 4986 395 5032 p,
415 4971 458 5026 till
474 4984 514 5030 sq.
