3709 6234
728 885 874 937 GERMANI
1391 883 1445 940 31³

209 1025 414 1114 perfugiunt,
434 1033 597 1115 querente
612 1048 693 1090 sane
713 1025 831 1112 (lulio)
846 1025 953 1091 Civile
973 1033 1007 1092 ct
1027 1026 1220 1114 increpante
1244 1027 1444 1108 Germanos,

208 1140 379 1222 tamquam
397 1133 497 1198 lidem
517 1156 576 1221 per
596 1132 706 1197 seclus
721 1132 972 1220 abrumperent.
994 1173 1036 1181 --
1056 1132 1183 1213 1V,61.
1204 1132 1444 1222 (Civilisllisus

209 1243 454 1306 Germanorum
472 1240 593 1328 opibus
613 1249 658 1320 et,
682 1242 708 1304 si
739 1240 938 1305 certandum
967 1241 1130 1306 adversus
1158 1240 1318 1306 Gallos...
1345 1240 1443 1323 foret,

208 1348 356 1413 inclutus
384 1346 470 1411 sama
507 1355 540 1412 et
569 1348 720 1435 potior...
752 1346 928 1435 (Velaeda)
962 1348 1097 1434 virgo...
1126 1346 1194 1413 late
1218 1347 1443 1435 imperitabat,

208 1464 320 1522 vetere
347 1454 435 1542 apud
457 1458 645 1519 Germanos
666 1477 769 1526 more,
797 1479 864 1543 quo
881 1454 1059 1543 plerasque
1076 1454 1275 1520 feminarum
1292 1455 1446 1522 fatidicas

208 1572 242 1628 et
265 1569 467 1649 augescente
501 1563 741 1649 superstitione
768 1560 973 1627 arbitrantur
993 1561 1084 1630 deas.
1103 1562 1262 1651 Tuncque
1279 1562 1445 1629 l'elaedae

209 1671 391 1737 auctoritas
412 1669 574 1744 adolevit:
607 1693 683 1734 nam
715 1692 894 1757 prosperas
926 1669 1104 1733 Germanis
1132 1692 1185 1735 res
1209 1677 1242 1735 et
1276 1669 1444 1735 excidium

209 1779 380 1863 legionum
401 1777 626 1866 praedixerat.
646 1816 688 1827 -
711 1777 839 1855 1t⁷,6:t.
863 1776 1130 1841 Transrhenanis
1157 1776 1316 1862 gentibus
1336 1778 1444 1842 invisa

207 1885 354 1973 (colonia
384 1885 724 1971 Agrippinensis)...;
754 1905 862 1971 neque
888 1882 993 1949 alium
1027 1884 1129 1949 linem
1156 1883 1237 1948 belli
1266 1884 1439 1963 rebantur,

208 2015 308 2082 quam
339 1993 367 2055 si
394 1992 584 2080 promiscua
606 2017 644 2057 ea
665 1993 762 2057 sedes
790 1992 948 2057 omnibus
977 1993 1156 2058 Germanis
1171 1992 1257 2058 foret
1276 2000 1374 2059 aut...
1401 2031 1445 2045 —

211 2101 267 2181 lV,
295 2098 350 2165 65.
396 2100 633 2186 (Respondent
660 2101 930 2188 Agrippinenses
957 2101 1144 2188 Tencteris)
1190 2128 1205 2161 u
1241 2108 1319 2167 ...ut
1348 2100 1445 2165 vobis

209 2209 397 2296 ceterisque
424 2209 615 2286 Germanis,
649 2208 910 2292 consanguineis
939 2208 1074 2288 nostriS,
1103 2209 1331 2295 iungeremur.
1356 2237 1371 2268 »
1401 2246 1445 2260 -

210 2316 267 2394 lt,
298 2314 353 2380 66.
387 2314 673 2403 l'ugnabaturque
703 2316 736 2379 in
770 2315 936 2401 angustiis
965 2314 1131 2402 ambigue,
1156 2314 1264 2381 donec
1285 2316 1445 2381 Germani

209 2430 417 2488 tranatuntes
438 2430 529 2508 terga
556 2422 719 2510 (Claudii)
744 2423 909 2488 labeonis
930 2424 1096 2488 invasere.
1113 2461 1155 2471 —
1171 2423 1228 2501 ll',
1247 2422 1300 2512 73.
1320 2423 1444 2511 (Verba

208 2531 288 2596 iacit
319 2529 410 2618 upud
435 2531 598 2594 Treueros
621 2539 654 2596 et
688 2531 859 2617 Lingonas
886 2530 1028 2596 Petilius
1057 2530 1216 2618 Cerialis)
1246 2532 1391 2597 «acciti
1409 2534 1443 2620 (a

209 2638 412 2726 quibusdam
433 2636 626 2724 Gallorum)
645 2638 770 2703 auxilio
796 2638 955 2702 Germani
972 2637 1072 2702 sociis
1088 2638 1213 2726 pariter
1225 2647 1325 2727 atque
1341 2639 1445 2705 bosti-

211 2745 273 2811 bus
304 2746 501 2810 servitutem
527 2746 799 2833 imposuerant...
832 2743 957 2809 Eadem
987 2768 1120 2832 semper
1146 2769 1245 2811 causa
1266 2746 1445 2810 Germanis

211 2853 470 2918 transcendendi
489 2854 521 2916 in
543 2852 682 2928 GalliaS,
706 2852 810 2917 libido
830 2861 931 2940 atque
946 2852 1087 2916 avaritia
1110 2860 1144 2919 et
1156 2853 1337 2918 mutandae
1353 2852 1444 2919 sedis

209 2983 314 3032 amor,
337 2968 374 3025 ut
395 2960 522 3025 relictis
545 2959 725 3048 paludibus
750 2969 782 3025 ct
802 2958 1044 3024 solitudinibus
1068 2961 1139 3024 suis
1164 2960 1444 3027 fecundissimum

208 3069 270 3132 boc
299 3067 449 3134 solum...
479 3067 701 3155 possiderent.
735 3097 749 3125 »
774 3107 816 3115 -
842 3068 898 3140 ll'.
929 3071 982 3156 74.
1012 3067 1083 3132 Nisi
1108 3068 1233 3134 forte...
1267 3069 1391 3134 Tutore
1411 3079 1444 3136 et

209 3175 361 3240 Classico
382 3175 644 3260 regnantibus...
661 3176 849 3240 minoribus
864 3198 965 3263 quam
983 3199 1072 3240 nunc
1085 3174 1221 3242 tributis
1236 3176 1444 3264 parabuntur

209 3285 388 3352 exercitus.
411 3283 534 3370 quibus
554 3284 715 3348 Germani
737 3283 957 3371 Britannique
983 3291 1171 3349 arceantur.
1201 3309 1230 3348 n.
1256 3322 1285 3333 -
1313 3284 1370 3364 ll',
1388 3287 1443 3375 75.

209 3391 312 3478 Apud
347 3393 534 3454 Germanos
573 3390 715 3454 diversis
754 3391 932 3455 sententiis
966 3390 1169 3456 certabatur.
1210 3430 1252 3439 -
1295 3392 1351 3472 lV,
1388 3392 1442 3481 76.

208 3499 350 3564 Tutor...
387 3497 587 3562 adlirmabat
621 3501 809 3562 Germanos
847 3497 1167 3585 (Transrhenanos).
1200 3499 1258 3586 qui
1286 3498 1328 3562 ab
1362 3500 1445 3587 ipsis

209 3614 397 3694 sperentur,
416 3629 482 3668 uem
509 3604 626 3676 iuberi.
654 3628 718 3668 non
743 3605 824 3690 regi,
842 3604 901 3669 sed
917 3613 1037 3669 cuncta
1054 3628 1095 3669 cx
1117 3603 1256 3670 libidine
1272 3628 1383 3690 agere.
1402 3646 1445 3657 -

210 3712 265 3786 ll',
290 3717 344 3800 78.
362 3712 512 3776 Tutor-et
528 3712 699 3776 Classicus
724 3720 756 3777 et
774 3711 893 3776 Civilis
922 3713 992 3776 suis
1018 3711 1161 3800 quisquc
1180 3711 1264 3776 locis
1297 3736 1443 3800 pugnam

208 3819 353 3896 ciebant,
380 3819 498 3882 Gallos
520 3843 577 3906 pro
600 3818 765 3896 libertate,
789 3820 935 3884 llatavos
956 3843 1015 3907 pro
1034 3818 1153 3906 gloria.
1185 3821 1373 3884 Germanos
1402 3820 1445 3885 ad

209 3927 367 4015 praedam
396 3928 609 4013 instigantes.
642 3966 683 3975 -
718 3926 774 4005 ll',
805 3952 857 4015 79.
882 3927 1160 4015 Agrippinenses.
1185 3980 1191 3993 .
1219 3927 1390 4015 dispersos
1411 3929 1445 3993 in

209 4035 367 4099 domibus
406 4039 594 4098 (icrrnauos
625 4034 918 4101 trucidaverant...
952 4034 1105 4100 Deletam
1139 4035 1312 4100 cohortem
1344 4037 1445 4124 (quae

209 4141 358 4206 Tolbiaci
386 4141 519 4228 agebat)
542 4141 619 4204 dolo
646 4142 961 4229 Agrippinensium,
980 4143 1036 4231 qui
1052 4141 1156 4228 largis
1172 4142 1280 4230 epulis
1299 4144 1445 4232 vinoque

208 4250 336 4337 sopitos
354 4252 540 4312 Germanos
552 4248 675 4312 clausis
690 4247 818 4312 loribus
834 4250 911 4334 igne
927 4250 1049 4313 iniecto
1062 4272 1266 4315 cremavere.
1281 4287 1321 4299 -
1333 4250 1374 4334 V,
1394 4255 1442 4329 id.

209 4359 395 4420 Germanos
434 4356 629 4419 lluminibus
680 4363 794 4420 suctos
828 4355 948 4421 levitas
981 4379 1150 4421 armorum
1192 4366 1225 4423 et
1262 4359 1446 4445 proceritas

208 4486 386 4550 corporum
410 4463 546 4527 attollit.
574 4502 616 4509 —
635 4463 672 4528 l'.
695 4465 743 4527 ιδ.
772 4463 930 4526 Germani
947 4463 1036 4527 notis
1056 4462 1152 4527 vadis
1169 4464 1444 4552 persultabant...

209 4570 283 4634 Non
313 4570 386 4633 ausi
414 4570 525 4655 egredi
553 4569 710 4655 paludem
736 4571 895 4633 Germani
920 4570 953 4632 in
974 4578 1082 4635 castra
1100 4569 1267 4637 rediere...
1286 4572 1446 4638 Germani

209 4679 379 4765 prosperis
411 4678 557 4746 seroces:
606 4678 776 4740 llomanos
821 4676 929 4763 pudor
967 4677 1184 4744 excitaverat.
1221 4718 1262 4729 -
1304 4679 1345 4760 V,
1394 4680 1443 4747 16.

211 4785 390 4867 (Hortatur
419 4783 559 4847 Cerialis
591 4784 730 4869 milites)
774 4813 787 4838 e
825 4783 1006 4848 Pauciores
1035 4807 1142 4871 nuper
1182 4807 1258 4849 cum
1292 4786 1446 4873 pluribus

209 4900 368 4960 certasse.
397 4915 435 4954 ac
468 4899 577 4954 tamen
613 4891 704 4953 lusos
734 4894 934 4971 Germanos,
966 4890 1057 4979 quod
1087 4891 1219 4956 roboris
1235 4892 1344 4959 luerit.
1367 4918 1382 4956 n
1403 4932 1447 4944 -

210 4998 251 5081 V,
287 5024 335 5089 ¹7·
361 4999 429 5063 Nec
447 4997 565 5064 tJirilis
585 4997 740 5064 silentem
757 4999 882 5065 struxit
897 4999 1015 5078 aciem,
1034 4997 1146 5064 locum
1166 5023 1299 5091 pugnae
1326 5009 1447 5068 testem
