3709 6234
269 819 323 874 lto
824 824 993 877 AVGVSTVS

313 970 368 1027 tus
382 961 482 1028 bellis
496 964 654 1032 civilibus
667 963 816 1035 Cilnium
843 964 1074 1030 Maecenatem
1093 962 1260 1053 equestris
1275 962 1403 1029 ordinis
1417 964 1550 1030 eunctis

313 1070 401 1157 apud
417 1070 558 1138 ltomam
574 1082 675 1163 atque
689 1074 820 1142 ltaliam
835 1072 1089 1160 praeposuit-
1104 1069 1137 1149 6,
1156 1094 1205 1135 12.
1228 1067 1337 1134 Simul
1357 1091 1551 1134 commone-

312 1177 391 1243 fecit
419 1179 588 1267 (senatum
636 1182 847 1267 Tiberius)...
883 1179 1037 1245 sanxisse
1075 1180 1285 1265 Augustum,
1313 1198 1415 1264 quem
1457 1177 1545 1242 intra

310 1294 399 1360 diem
420 1295 462 1360 ad
477 1307 666 1385 praetorem
686 1299 853 1365 urbanum
878 1295 1091 1361 deferrentur
1129 1292 1219 1383 (libri
1257 1291 1424 1379 Sibyllae)
1438 1314 1549 1381 neque

313 1401 434 1468 lrabere.
449 1406 606 1492 privatim
631 1407 758 1474 liceret,
781 1444 824 1454 -
844 1404 876 1483 6,
896 1403 946 1471 ι3,
965 1403 1109 1468 Addidit
1121 1400 1344 1490 (Tiberium...
1363 1400 1487 1488 quibus
1506 1423 1549 1464 ex

312 1509 496 1596 provinciis
522 1520 555 1578 et
580 1522 707 1601 quanto
740 1513 900 1578 maiorem
929 1531 1031 1598 quarn
1055 1509 1234 1596 Augustus
1248 1508 1296 1572 rei
1310 1508 1549 1573 frumentariae

312 1617 443 1704 copiam
472 1618 677 1687 advectaret.
709 1661 751 1671 —
780 1620 812 1701 6,
844 1622 899 1696 45.
916 1616 1098 1704 (Tiberius)
1118 1639 1160 1681 ne
1179 1615 1314 1704 publice
1329 1615 1466 1703 quidem
1482 1614 1549 1679 nisi

312 1723 378 1787 dno
412 1747 513 1812 opera
539 1729 675 1804 struxit,
714 1727 877 1815 templum
914 1727 1072 1810 Angusto
1106 1732 1140 1790 ct
1173 1746 1329 1789 scaenam
1350 1722 1549 1810 Pompeiani

314 1830 451 1902 theatri:
478 1856 583 1922 eaque
603 1836 792 1924 perlecta...
823 1832 913 1897 haud
941 1830 1123 1897 dedicavit.
1160 1868 1199 1882 -
1229 1830 1262 1910 6,
1284 1829 1338 1907 46.
1367 1830 1428 1895 Sin
1454 1838 1549 1895 extra

311 1938 450 2004 domum
471 1964 646 2007 successor
661 1949 890 2031 quaereretur,
908 1938 1107 2026 (Tiberius),
1140 1961 1181 2003 ne
1201 1938 1364 2003 memoria
1383 1937 1545 2024 Augusti,

312 2069 353 2109 ne
368 2067 489 2111 nomen
499 2049 682 2114 Caesarum
697 2050 730 2114 in
742 2047 886 2114 ludibria
902 2055 935 2111 et
948 2045 1171 2111 contumelias
1181 2052 1351 2111 verterent
1362 2044 1547 2111 metuebat.

311 2193 355 2204 -
370 2154 403 2234 6,
420 2157 472 2219 51.
496 2154 678 2243 (Tiberius)
693 2156 750 2219 ubi
767 2155 905 2219 domum
918 2152 1066 2239 Augusti
1079 2152 1255 2240 privignus
1270 2152 1412 2233 introiit,
1431 2151 1548 2218 multis

312 2260 455 2328 aemulis
474 2262 689 2328 conflictatus
712 2270 803 2328 est..
820 2261 955 2326 Moruni
983 2283 1118 2348 quoquc
1138 2268 1290 2348 tempora
1309 2259 1359 2324 illi
1380 2258 1516 2325 diversa
1537 2277 1545 2325 :

312 2370 485 2456 egregium
516 2369 585 2434 vita
620 2370 788 2459 famaque,
815 2368 924 2457 quoad
957 2368 1110 2455 privatus
1140 2366 1194 2433 vel
1232 2368 1267 2432 in
1297 2367 1446 2457 imperiis
1484 2366 1549 2433 sub

313 2478 471 2563 Augusto
486 2476 559 2541 luit.
583 2514 647 2543 .-
666 2501 716 2553 11,
734 2503 765 2565 7.
789 2509 802 2534 ι
825 2476 982 2540 Asinium
998 2483 1030 2541 et
1046 2474 1241 2555 Messalam,
1257 2476 1344 2542 inter
1359 2474 1548 2540 Antonium

312 2591 345 2648 et
376 2584 573 2670 Augustum
599 2582 767 2649 bellorum
800 2584 960 2672 praemiis
980 2583 1163 2652 refertos...
1188 2611 1203 2643 ιι
1226 2580 1549 2672 (LoquunturSuil-

314 2690 381 2755 lius
391 2698 425 2756 et
439 2691 614 2777 ceteri).-
630 2714 679 2768 11,
697 2717 747 2757 11.
763 2691 871 2756 lsdem
888 2690 1088 2756 consulibus
1098 2690 1171 2756 ludi
1181 2690 1411 2756 saeculares...
1428 2695 1548 2779 quarto

314 2806 347 2864 et
362 2797 610 2886 sexagensimo,
621 2822 723 2887 quarn
734 2799 912 2885 Augustus
923 2798 1087 2872 ediderat,
1098 2799 1241 2887 spectati
1260 2805 1350 2863 sunt.
1363 2836 1407 2846 -
1427 2821 1477 2874 ιι,
1492 2795 1545 2874 25,

314 2904 498 2970 Exhaustis
530 2905 633 2970 etiam
662 2905 841 2992 (familiis),
873 2928 957 2993 quas
978 2905 1124 2971 dictator
1144 2904 1354 2993 Caesarlege
1374 2903 1494 2970 Cassia
1514 2907 1548 2969 et

313 3012 469 3099 princeps
484 3010 663 3098 Augustus
678 3011 752 3099 lege
765 3013 886 3079 Saenia
903 3013 911 3086 l
917 3013 952 3076 in
968 3013 1187 3100 patriciorum
1215 3013 1408 3097 numerum)
1435 3010 1548 3077 suble-

313 3141 402 3202 gere.
421 3158 464 3167 -
484 3143 532 3196 12,
553 3143 603 3184 11.
616 3119 807 3203 (Claudius,
820 3142 896 3184 curn
910 3119 1032 3206 legatis
1048 3120 1251 3185 Parthorum
1265 3118 1308 3184 ad
1321 3118 1548 3207 expetendum

314 3224 531 3290 Meherdaten
552 3226 665 3289 missis
695 3225 927 3314 responderet)
948 3247 1025 3291 se...
1044 3225 1130 3289 Divo
1146 3228 1305 3314 Augusto
1324 3224 1546 3314 adaequabat,

314 3334 456 3422 petitum
478 3331 578 3397 abeo
607 3355 719 3420 regem
743 3334 931 3400 referens..
961 3370 1005 3382 -
1037 3356 1088 3413 12,
1121 3333 1174 3398 23.
1205 3334 1275 3399 Nec
1304 3341 1416 3400 tamen
1444 3332 1549 3398 duces

315 3441 469 3519 llomani,
501 3462 706 3528 quamquam
742 3441 874 3527 magnis
906 3440 1101 3505 nationibus
1126 3440 1288 3518 subactis
1304 3447 1549 3528 usurpaverant

312 3550 381 3634 (ius
391 3546 553 3636 pomoerii
563 3546 735 3633 augendi),
749 3548 814 3612 nisi
827 3548 864 3612 L.
880 3546 976 3613 Sulla
995 3554 1028 3613 et
1050 3548 1156 3614 llivus
1168 3550 1407 3636 Augustus-
1421 3571 1473 3628 12,
1491 3550 1544 3612 25.

312 3654 452 3743 (Pallas)
474 3652 672 3719 stimulabat
704 3653 883 3719 Claudium
919 3655 971 3741 (ut
1001 3655 1038 3720 L.
1076 3655 1262 3721 Domitium
1291 3654 1545 3743 adoptaret)...;

313 3764 360 3825 sic
391 3762 481 3851 apud
526 3761 649 3826 Dirum
700 3763 905 3848 Augustum,
962 3784 1167 3849 quamquam
1212 3762 1391 3851 nepotibus
1429 3762 1547 3828 subni-

315 3891 407 3944 xum,
448 3868 596 3953 viguisse
634 3868 819 3956 privignos.
855 3908 898 3917 -
933 3894 981 3948 12,
1010 3868 1063 3933 56.
1096 3871 1186 3934 Lacu
1219 3869 1374 3956 (Fucino)
1409 3870 1546 3957 inipso

315 3972 433 4036 navale
462 3972 626 4060 proelium
670 3974 853 4040 adornatur
878 3976 913 4063 [a
940 3975 1117 4064 Claudio),
1151 3986 1189 4041 ut
1213 3975 1386 4065 quondam
1410 3977 1546 4064 Augus-

315 4090 369 4146 tus
420 4086 547 4144 structo
596 4089 687 4145 trans
733 4082 879 4147 'l'iberim
933 4090 1070 4170 stagno,
1128 4083 1187 4150 sed
1236 4083 1370 4150 levibus
1413 4085 1547 4172 navigi-

313 4189 341 4252 is
356 4195 389 4252 et
423 4187 550 4251 minore
589 4188 684 4273 copia
716 4189 878 4257 ediderat.
910 4230 953 4240 —
986 4215 1037 4266 12,
1069 4190 1122 4255 60.
1138 4192 1245 4256 Divus
1260 4193 1440 4278 Augustus
1454 4190 1544 4280 apud

311 4303 496 4383 equestres,
515 4294 572 4382 qui
598 4296 758 4383 Aegypto
775 4297 1018 4384 praesiderent,
1037 4298 1111 4385 loge
1127 4300 1179 4385 agi
1210 4298 1412 4388 decretaque
1426 4321 1544 4364 eorum

312 4403 451 4490 perinde
465 4402 580 4467 haberi
595 4404 752 4480 iusserat,
764 4427 802 4468 ae
815 4404 843 4468 si
859 4406 1078 4491 magistratus
1096 4405 1254 4470 llomani¹
1271 4407 1542 4474 constituissent.

311 4546 356 4561 -
375 4534 424 4581 12.
447 4510 500 4587 64.
531 4511 709 4596 (Domitia)
731 4511 870 4598 Lepida,
896 4513 1026 4577 minore
1048 4514 1197 4578 Antonia
1224 4514 1350 4600 genita,
1372 4513 1543 4580 avunculo

311 4620 508 4704 Augusto...
531 4655 574 4665 -
595 4642 643 4698 12,
661 4619 716 4707 69.
732 4616 972 4706 Caelestesque
988 4619 1136 4685 honores
1148 4619 1290 4685 Claudio
1315 4619 1544 4687 decernuntur

311 4734 344 4789 et
358 4724 487 4789 funeris
500 4723 664 4790 sollemne
680 4724 818 4813 perinde
833 4749 870 4790 ac
886 4725 972 4791 l)ivo
988 4728 1145 4813 Augusto
1163 4726 1364 4794 celebratur.
1375 4763 1417 4780 -
1442 4730 1493 4810 111,
1512 4751 1541 4796 1.

298 4954 303 4985 ¹
323 4954 653 5017 Nipperdey·An1l1·ese11:
668 4958 765 5021 populi
781 4958 903 5006 ltomnni.
