3709 6234
755 876 922 930 valeanus
1187 911 1190 916 <
1421 873 1472 930 701

234 1039 299 1104 que
316 1017 427 1105 gentis
438 1017 695 1106 appellationes,
709 1019 852 1099 Marsos,
869 1016 1097 1099 Gambrivios,
1120 1016 1263 1098 Suebos,
1282 1018 1312 1080 V
1314 1018 1470 1085 andilios¹

237 1123 460 1194 adfirmant...

189 1229 400 1297 VANG10‘2.
418 1271 462 1281 -
483 1257 533 1315 12,
557 1257 611 1321 ²9·
630 1233 782 1297 Vannius
796 1232 916 1299 Suebis
945 1256 963 1298 a
984 1233 1094 1297 Druso
1126 1233 1270 1299 Caesare
1293 1234 1472 1322 impositus

233 1337 371 1426 pellitur
386 1363 532 1427 regno...
550 1340 717 1405 Auctores
730 1339 863 1407 luere...
883 1339 1013 1427 Vangio
1028 1363 1067 1404 ac
1088 1338 1169 1406 Sido
1200 1363 1315 1406 sorore
1349 1341 1470 1407 Vannii

233 1447 350 1532 geniti.
368 1486 411 1497 -
432 1472 481 1527 12,
500 1450 554 1514 30.
577 1448 730 1534 Regnum
748 1446 905 1534 Vangio³
936 1468 974 1511 ac
1000 1446 1082 1511 Sido
1114 1447 1256 1513 interae
1288 1448 1468 1537 partivere,

234 1555 368 1640 egregia
382 1557 542 1621 adversus
562 1578 624 1619 nos
648 1554 755 1621 lide...

189 1659 464 1727 VANGlONllS.
485 1701 528 1710 —
548 1687 597 1742 ra,
617 1686 669 1750 27.
688 1662 726 1727 l'.
749 1661 956 1749 Pomponius
968 1661 1102 1748 legatus
1116 1663 1315 1751 (superioris
1331 1664 1471 1730 Germa-

231 1767 320 1852 niae)
348 1768 528 1834 auxiliarcs
551 1770 746 1855 Vangionas
767 1791 804 1834 ac
826 1768 985 1834 Nemetas
1001 1769 1047 1856 (in
1064 1769 1206 1835 Chattos
1234 1770 1402 1858 immisit).
1427 1807 1471 1819 -

234 1874 291 1955 lV,
316 1900 368 1963 70.
400 1875 522 1961 (lulius
549 1876 669 1963 Tutor)
698 1876 913 1941 Trevirorum
948 1876 1063 1964 copias
1094 1876 1220 1942 recenti
1242 1878 1469 1966 Vangionum,

232 1981 477 2064 Caeracatium,
493 1983 709 2049 Tribocorum
734 1982 859 2049 dilectu
888 1992 1045 2049 auctas...
1079 1984 1284 2072 (Legionarii
1309 1985 1471 2072 dediticii)

230 2090 373 2155 honesto
395 2090 579 2177 transfugio
604 2091 743 2172 rediere,
770 2091 894 2156 secutis
927 2089 1079 2155 Tribocis
1109 2091 1408 2180 Vangionibusque
1436 2099 1471 2158 et

233 2197 483 2265 Caeracatibus,
501 2235 545 2249 -
560 2202 598 2263 G.
618 2200 670 2264 28.
688 2197 799 2286 Ipsam
815 2197 924 2263 ltlreni
940 2198 1048 2286 ripam
1059 2199 1149 2263 haud
1164 2198 1266 2264 dubie
1284 2201 1468 2265 Germano-

232 2327 306 2369 rum
321 2304 436 2393 populi
453 2304 581 2386 colunt,
600 2305 805 2392 Vangiones,
823 2304 970 2381 Triboci,
987 2305 1158 2371 Nemetes.

189 2411 217 2474 V
221 2410 363 2476 ANNlV
367 2414 389 2477 S
404 2411 424 2477 ’·.
452 2450 493 2461 -
513 2437 543 2492 2,
559 2413 613 2476 63.
636 2411 809 2493 (Barbaris
825 2411 1072 2478 Maroboduum
1085 2420 1119 2478 et
1148 2411 1349 2479 Catualdam
1381 2412 1470 2481 ultra

233 2517 427 2585 Danuvium
455 2519 637 2607 comitatis)
665 2518 744 2584 dato
774 2542 851 2607 rege
886 2519 1018 2584 Vannio
1045 2519 1157 2606 gentis
1190 2520 1399 2598 Quadorum.
1427 2559 1471 2571 -

238 2648 287 2705 ra,
307 2650 360 2715 29.
375 2628 529 2692 Vannius
541 2625 663 2692 Suebis
678 2651 697 2691 a
718 2628 828 2693 Druso
842 2627 986 2692 Caesare
998 2628 1177 2714 impositus
1195 2627 1334 2716 pellitur
1351 2652 1467 2717 regno,

231 2734 339 2820 prima
355 2734 486 2822 imperii
501 2741 609 2799 aetate
625 2733 736 2799 clarus
760 2742 986 2823 acceptusque
997 2733 1229 2822 popularibus,
1243 2760 1322 2801 mox
1343 2736 1471 2802 diutur-

232 2841 338 2907 nitate
366 2843 400 2906 in
427 2841 619 2930 superbiam
637 2849 815 2919 mutans„
833 2842 1000 2908 Auctores
1022 2842 1156 2908 luere...
1179 2843 1309 2930 Vangio
1331 2868 1369 2909 ac
1389 2844 1469 2911 Sido

232 2973 347 3014 sorore
363 2949 483 3014 Vannii
503 2949 622 3036 geniti.
641 2949 709 3014 ,Vec
730 2947 933 3016 Claudius...
962 2973 1054 3014 arma
1081 2949 1290 3016 certantibus
1316 2950 1468 3016 barbaris

233 3056 446 3144 interposuit,
471 3064 581 3121 tutum
602 3057 733 3121 Vannio
749 3056 940 3144 perfugium
956 3057 1168 3145 promittens,
1197 3057 1226 3123 si
1240 3057 1464 3146 pelleretur...

233 3164 292 3228 Vis
317 3166 504 3244 innumera,
529 3164 626 3251 Lugii
653 3163 805 3252 aliaeque
836 3173 956 3252 gentes
986 3163 1226 3245 adventabant,
1264 3163 1352 3230 lama
1385 3166 1465 3232 ditis

231 3271 339 3359 regni,
362 3271 452 3360 quod
469 3272 621 3336 Vannius
640 3272 776 3358 triginta
801 3294 860 3359 per
875 3295 983 3336 annos
999 3270 1278 3358 praedationibus
1308 3281 1341 3337 et
1365 3274 1468 3339 veeti-

232 3379 365 3468 galibus
380 3387 531 3444 auxerat.
549 3416 593 3430 -
618 3380 738 3456 12,30.
758 3378 949 3465 Degressus
972 3377 1122 3443 castellis
1147 3378 1301 3444 Vannius
1317 3379 1469 3446 funditur

233 3486 374 3574 proelio,
409 3510 616 3575 quamquam
641 3486 741 3551 rebus
764 3485 915 3551 adversis
945 3484 1115 3566 laudatus,
1143 3486 1234 3575 quod
1258 3495 1292 3553 et
1319 3510 1468 3576 pugnam

233 3618 335 3659 manu
349 3594 529 3681 capessivit
545 3604 578 3658 et
597 3617 736 3681 corpore
751 3593 893 3658 adverso
913 3591 1053 3658 vulnera
1073 3593 1213 3680 aceepit.
1244 3594 1401 3661 Ceterum
1427 3596 1469 3661 ad

232 3700 376 3766 classem
393 3702 426 3766 in
442 3701 597 3766 Danuvio
613 3702 844 3789 opperientem
861 3699 1021 3788 perfugit.

189 3806 471 3874 taruennam.
489 3847 531 3857 —
551 3834 561 3871 1
575 3833 601 3890 r,
617 3813 648 3874 8.
668 3808 798 3893 (Parthi
824 3808 959 3873 Gotarzi
972 3807 1042 3894 regi
1058 3807 1197 3895 infensi)
1211 3808 1361 3875 accivere
1386 3810 1468 3876 Var-

233 3915 376 3980 danen0.
401 3914 472 3995 llle,
494 3922 533 3980 ut
560 3922 631 3979 erat
659 3915 790 4002 magnis
819 3914 911 3979 ausis
939 3921 1172 4001 promptuS...,
1208 3913 1403 4001 ignarum...
1435 3925 1469 3983 et

233 4023 431 4087 exterritum
449 4022 614 4086 Gotarzen
628 4020 846 4108 proturbat...
871 4020 1085 4108 Coactusque
1109 4020 1282 4086 Vardanes
1313 4024 1468 4091 omittere

234 4129 421 4196 Seleuciam
446 4129 643 4194 Bactrianos
664 4128 754 4217 apud
777 4151 915 4217 campos
939 4135 1049 4193 eastra
1078 4128 1233 4194 contulit.
1275 4165 1320 4180 -
1364 4156 1414 4210 11,
1432 4159 1464 4221 9.

233 4236 414 4324 Congressi
430 4237 604 4322 (Gotarzes
618 4244 652 4301 et
673 4234 901 4323 Vardanes)...
918 4235 1076 4324 pepigere
1086 4234 1238 4302 fraudem
1253 4236 1465 4305 inimieorum

221 4500 227 4536 ¹
249 4501 270 4554 Β
285 4520 290 4552 :
305 4502 453 4552 sandalias.

220 4583 231 4617 ²
249 4583 307 4631 Non
325 4584 456 4647 Vangius,
471 4587 500 4632 ut
517 4584 600 4632 estin
615 4583 737 4643 Pansam,
758 4597 809 4644 ¹72·

219 4661 232 4696 ³
248 4663 292 4714 ld:
314 4664 405 4728 nagia.

221 4740 370 4802 ⁴l'nosoe.,
391 4747 443 4807 ¹73·

219 4824 231 4858 ⁵
247 4825 370 4883 Pansam,
386 4829 436 4889 175.

218 4904 270 4959 '⁴'ss
286 4923 291 4956 :
307 4906 459 4962 bardanen,
470 4908 542 4968 <ruod
558 4906 719 4970 praetulisse
744 4905 876 4968 quosdam
892 4903 1011 4952 editores
1030 4901 1108 4950 rideo
1129 4902 1327 4966 praecipueque
1343 4902 1467 4952 Waltbe·

187 5003 246 5037 rum
258 4989 329 5037 inter
342 4988 517 5037 recentiores.
