3709 6234
770 865 927 919 DOMITIVS
946 863 1093 918 CORBVLO
1519 856 1574 915 249

292 1007 509 1078 uourrrvs
524 1008 659 1091 aran,
676 1008 813 1089 Arna,
832 1006 956 1072 arna
977 1005 1223 1073 nourr1vs1.
1243 1043 1283 1054 -
1308 1007 1341 1087 r,
1358 1004 1399 1070 52
1431 1003 1572 1070 alauda

335 1115 524 1185 Pulchra...
537 1116 729 1205 postulatur
743 1122 923 1182 accusante
943 1113 1092 1179 Domitio
1112 1114 1207 1182 Alro.
1222 1112 1255 1178 ls
1271 1136 1388 1178 recens
1403 1122 1570 1201 praetura,

334 1223 489 1291 modicus
503 1223 710 1312 dignationis
723 1233 756 1290 et
766 1246 902 1313 quoquo
918 1222 1064 1287 facinore
1076 1245 1239 1310 properus
1249 1219 1472 1290 clarescere...
1491 1219 1574 1289 Afer

334 1331 538 1421 primoribus
554 1341 725 1398 oratorum
752 1332 901 1408 additus,
931 1329 1105 1418 divulgato
1135 1329 1271 1415 ingenio
1291 1337 1323 1395 et
1350 1335 1463 1394 secuta
1479 1327 1574 1393 adse-

333 1440 506 1506 veratione
522 1439 688 1521 Caesaris,
711 1463 858 1529 quasue
885 1439 955 1503 iure
983 1437 1149 1503 disertum
1168 1460 1244 1503 eum
1264 1436 1460 1527 appellavit.
1490 1435 1572 1501 Mox

330 1547 548 1636 capessendis
599 1547 872 1615 accusationibus
913 1553 971 1611 aut
1026 1568 1101 1611 reos
1161 1544 1303 1611 tutando
1361 1542 1572 1632 prosperiore

332 1655 546 1743 eloquentiae
561 1678 664 1744 quam
678 1679 810 1721 morum
827 1654 916 1720 lama
931 1653 1007 1732 luit,
1026 1653 1092 1717 nisi
1108 1652 1198 1742 quod
1214 1659 1306 1718 actas
1321 1660 1472 1717 extrema
1488 1651 1575 1719 mul-

334 1771 406 1830 tum
422 1764 523 1828 etiam
539 1763 751 1852 eloquentiae
775 1762 962 1850 dempsit...
981 1800 1022 1811 -
1046 1764 1078 1842 l,
1097 1760 1150 1824 66.
1169 1760 1398 1849 Corripuerat.
1422 1811 1428 1825 .
1445 1759 1573 1824 Varum

333 1869 576 1953 Quintilium...
597 1872 764 1937 Domitius
789 1870 881 1948 Afer,
899 1868 1060 1934 Claudiae
1077 1868 1240 1934 Pulchrae
1262 1869 1379 1934 matris
1402 1867 1474 1933 eius
1494 1890 1575 1933 con-

333 1978 524 2059 demnator,
543 1977 636 2043 nullo
652 1980 809 2061 mirante,
832 1978 922 2066 quod
938 1977 994 2042 diu
1014 2000 1117 2063 egeus
1133 1984 1166 2042 et
1181 1984 1277 2064 parto
1299 1999 1406 2063 nuper
1425 1975 1573 2063 praemio

335 2086 423 2151 male
439 2109 520 2150 usus
545 2085 642 2175 plura
669 2085 711 2150 ad
736 2085 863 2173 llagitia
892 2084 1135 2170 accingeretur.
1151 2123 1195 2133 -
1230 2087 1279 2161 hl·
1300 2107 1350 2173 ¹9·
1381 2084 1576 2172 Sequuntur

334 2194 484 2259 virorum
503 2193 698 2259 inlustrium
720 2201 858 2273 mortes,
884 2192 1020 2258 Domitii
1039 2191 1113 2257 Alri
1136 2200 1169 2257 et
1184 2191 1231 2258 M.
1249 2191 1396 2272 Servilii,
1413 2192 1471 2280 qui
1484 2214 1574 2257 sum·

334 2302 398 2366 mis
417 2300 600 2366 honoribus
620 2308 653 2366 et
670 2299 776 2367 multa
801 2301 995 2390 eloquentia
1010 2300 1201 2387 viguerant,
1217 2298 1273 2364 ille
1293 2298 1420 2365 orando
1441 2321 1571 2380 causas,

333 2407 497 2473 Servilius
505 2408 562 2473 diu
577 2406 662 2489 loro,
678 2432 757 2472 mox
767 2408 941 2473 tradendis
952 2406 1052 2472 rebus
1064 2406 1227 2472 llomanis
1239 2405 1381 2473 celebris
1395 2414 1428 2472 et
1441 2405 1575 2493 elegan-

333 2517 380 2581 tia
409 2516 510 2596 vitae,
541 2538 644 2605 quam
668 2515 842 2580 clariorem
877 2515 1001 2590 eltecit,
1025 2521 1063 2580 ut
1086 2537 1146 2603 par
1173 2514 1322 2602 ingenio,
1357 2515 1404 2579 ita
1439 2536 1573 2579 morum

334 2623 501 2691 diversus.
524 2663 559 2675 -
583 2624 621 2689 O.
650 2622 698 2689 13.
730 2649 746 2687 a
772 2623 822 2688 Ne
844 2623 970 2688 nostris
996 2621 1132 2712 quidem
1154 2622 1366 2710 temporibus
1392 2621 1569 2689 Secundus

335 2730 541 2819 Pomponius
577 2730 661 2796 Atro
693 2731 840 2795 Domitio
870 2729 924 2794 vel
949 2730 1114 2817 dignitate
1146 2730 1235 2795 vitae
1265 2728 1319 2794 vel
1347 2729 1572 2818 perpetuitate

337 2838 445 2904 lamae
458 2838 608 2904 cesserit.
626 2866 641 2899 »
652 2875 695 2889 -
715 2837 764 2903 15.
783 2862 799 2902 a
819 2837 968 2905 Video...
982 2838 1094 2902 Graiis
1108 2836 1270 2903 accidisse
1286 2844 1324 2903 ut
1338 2836 1475 2925 longius
1486 2835 1575 2903 absit

333 2947 376 3012 ab
392 2946 560 3013 Aeschine
574 2953 607 3011 et
628 2946 856 3011 Demosthene
871 2945 1036 3011 Sacerdos
1060 2946 1123 3010 iste
1150 2944 1329 3012 Nicetes..
1361 2968 1462 3034 quam
1492 2943 1575 3011 Afer

333 3062 391 3119 aut
406 3052 587 3119 Africanus
603 3060 661 3118 aut
672 3077 732 3117 vos
752 3054 817 3142 ipsi
837 3053 1030 3118 aCicerone
1047 3061 1105 3119 aut
1120 3053 1240 3117 Asinio
1254 3053 1455 3119 recessistis.
1478 3082 1492 3112 »

290 3161 508 3227 DOMITIVS
530 3160 716 3226 BALBVS.
734 3200 778 3209 -
797 3165 847 3240 rt,
865 3163 917 3237 to.
939 3160 1107 3227 Domitius
1120 3159 1267 3225 Balbus‘²
1283 3168 1355 3227 erat
1370 3161 1572 3249 praetorius,

334 3269 434 3334 simul
454 3269 555 3356 longa
572 3276 720 3348 senecta,
737 3268 838 3333 simul
856 3267 1000 3333 orbitate
1016 3276 1050 3332 et
1073 3268 1215 3355 pecunia
1235 3267 1366 3333 insidiis
1387 3268 1569 3337 obnoxius.
1647 3325 1652 3337 .

334 3377 373 3442 Ei
389 3378 600 3465 propinquus
616 3376 771 3441 Valerius
788 3375 999 3441 Fabianus...
1016 3375 1167 3441 subdidit
1182 3382 1467 3446 testamentum...
1482 3375 1574 3464 quod

334 3482 424 3572 apud
439 3490 552 3571 patres
566 3484 799 3549 convictum...

291 3590 507 3659 DOMITIVS
527 3589 845 3655 CAECILIINVS.
862 3629 908 3641 -
936 3589 986 3672 16,
1013 3590 1065 3668 34.
1099 3591 1251 3657 Advenit
1277 3591 1324 3678 (in
1350 3591 1456 3656 hortis
1481 3591 1576 3658 Paeti

332 3698 512 3785 Thraseae)
544 3698 713 3762 Domitius
737 3697 950 3762 Caecilianus
979 3720 1019 3763 ex
1061 3697 1189 3764 iutimis
1218 3698 1347 3779 amicis,
1379 3706 1413 3764 et
1438 3699 1469 3764 ci
1491 3699 1574 3787 quid

333 3810 472 3868 senatus
486 3803 674 3868 censuisset
691 3805 860 3892 exposuit.

290 3910 507 3977 DOMITIVS
524 3910 684 3990 CELIIII.
710 3910 939 3977 DOMITIVS.
961 3950 1004 3960 -
1026 3936 1056 3992 a,
1075 3937 1128 4002 77.
1148 3913 1274 3979 Contra
1292 3913 1460 3980 Domitius
1477 3913 1576 3981 Celer

333 4040 375 4083 ex
395 4018 514 4083 intima
530 4018 604 4102 (Cn.
627 4019 773 4107 Pisonis)
796 4020 943 4085 amicitia
959 4020 1119 4086 disseruit
1133 4021 1298 4087 utendum
1315 4030 1458 4103 eventu;
1480 4024 1575 4089 Piso·

334 4147 423 4206 nem,
443 4148 509 4189 non
526 4126 691 4206 Sentium,
707 4127 825 4192 Suriae
841 4128 1172 4215 praepositum...-
1189 4153 1219 4210 a,
1239 4134 1291 4219 78.
1311 4131 1432 4198 Piso...
1458 4133 1575 4197 Domi-

334 4233 419 4298 tium
449 4233 646 4319 impositum
673 4235 842 4301 triremi...
870 4259 1009 4323 pergere
1036 4235 1070 4299 in
1100 4237 1234 4302 SurIani
1265 4233 1368 4300 iubet.
1387 4273 1430 4283 —
1455 4258 1486 4312 a,
1518 4261 1572 4325 79.

335 4340 503 4406 Domitius
518 4340 709 4407 Laodiciam
734 4342 852 4407 urbem
873 4344 991 4430 Syriae
1005 4341 1180 4432 adpulsus,
1199 4366 1275 4408 cum
1300 4341 1440 4407 hiberna
1457 4350 1574 4409 sextae

332 4447 476 4536 legionis
491 4456 677 4536 peteret...
699 4473 717 4514 a
740 4449 887 4514 Pacuvio
903 4449 1016 4537 legato
1038 4452 1267 4537 praevenitur.

291 4554 508 4621 DOMITIVS
529 4555 752 4623 CDRBVIO.
779 4554 1020 4623 colant-'Lot
1043 4596 1087 4606 -
1103 4556 1134 4638 3,
1153 4557 1206 4623 31.
1232 4556 1400 4622 Domitius
1426 4554 1575 4623 Corbulo

322 4777 329 4810 ¹
347 4775 398 4825 Cn.
418 4773 555 4822 Domitiam
571 4774 645 4822 Aser.
666 4775 788 4827 aanor..
809 4778 862 4826 nott.

321 4856 494 4904 ²IleIneaiua
522 4857 736 4918 crispicabalnr:
757 4858 863 4906 Tullus.
888 4885 917 4894 -
941 4858 1129 4906 tt'arruanta
1149 4858 1248 4907 Balbos
1265 4858 1348 4907 luisse
1373 4858 1507 4907 Domitiam
1522 4873 1575 4906 non

291 4937 409 4984 invenIo.
428 4952 440 4982 a
459 4936 637 4999 SuspIcatur:
656 4938 754 4986 Caluus
769 4939 812 4985 vel
830 4939 970 4988 Catuliana.

322 5016 333 5051 ³
350 5017 397 5066 Cn.
417 5016 554 5066 Domitius
567 5018 694 5077 Corbulo,
710 5017 831 5068 Proser..
850 5035 900 5066 122.
919 5020 1008 5082 Pater,
1028 5023 1058 5070 ut
1075 5021 1192 5082 videtur,
1207 5021 1266 5069 cius
1281 5021 1326 5083 qui
1345 5021 1476 5083 sequitur.
