3709 6234
286 854 339 908 684
842 859 1013 914 Tiniuares
1026 856 1027 860 ’

329 995 405 1063 silia
421 998 561 1064 Tiridati
581 1000 615 1063 in
631 1000 838 1066 eontrarium
862 1002 1051 1082 vertebant,
1070 1003 1292 1093 mittebatque
1318 1003 1376 1093 (ad
1407 1003 1592 1073 Corbulo·

332 1107 421 1194 nem)
435 1115 596 1184 oratores,
619 1108 754 1195 quisue
771 1108 1039 1197 Parthorumque
1063 1111 1200 1175 nomine
1220 1110 1499 1199 expostularent,
1528 1135 1592 1179 cur

331 1215 418 1279 datis
436 1238 544 1302 nuper
568 1214 784 1281 obsidibus..
807 1222 919 1281 vetere
935 1217 1117 1283 Armeniae
1135 1219 1350 1306 possessione
1387 1219 1590 1308 depellere·

331 1330 428 1388 tur...
446 1322 503 1387 Ad
513 1345 551 1386 ea
559 1321 747 1389 Corbulo...
762 1323 881 1389 suadet
896 1323 1037 1390 Tiridati
1053 1325 1209 1413 precibus
1222 1326 1402 1391 Caesarem
1418 1328 1584 1416 adgredi.

331 1464 374 1480 --
394 1432 444 1511 13,
459 1431 513 1497 38.
533 1429 701 1494 Placitum
712 1429 876 1501 dehine...
894 1432 1076 1521 conloquio
1098 1434 1248 1521 ipsorum
1268 1442 1404 1522 tempus
1436 1434 1585 1501 locum-

330 1562 395 1626 que
416 1537 590 1603 dcstinari.
606 1534 702 1601 Mille
713 1538 864 1625 equitnm
881 1539 1087 1625 praesidium
1099 1540 1265 1606 Tiridates
1273 1540 1387 1605 adfore
1404 1541 1473 1607 sibi
1486 1542 1584 1609 dice-

329 1647 428 1712 bat...
457 1645 624 1710 Tiridates
644 1653 805 1731 vergente
827 1645 893 1709 iam
936 1645 989 1710 die
1021 1646 1141 1734 procul
1176 1642 1319 1727 adstitit,
1348 1648 1442 1713 unde
1462 1650 1583 1717 videri

303 1795 305 1798 -
332 1754 440 1839 magis
460 1775 562 1841 quam
596 1751 705 1817 audiri
730 1759 856 1840 posset.
878 1792 921 1801 -
946 1754 996 1829 13,
1026 1756 1078 1830 to.
1114 1756 1162 1819 At
1190 1755 1355 1820 Tiridates
1377 1756 1516 1841 pudore
1547 1767 1584 1824 et

330 1869 464 1927 metu...
483 1859 601 1925 statuit
621 1868 793 1947 postremo
808 1860 987 1925 ostendere
1017 1861 1122 1926 aciem
1156 1870 1190 1927 et
1217 1861 1296 1927 dato
1319 1862 1373 1928 die
1402 1863 1581 1951 proelium

331 1969 478 2056 incipere
495 1967 549 2033 vel
570 1967 786 2033 simulatione
817 1968 914 2054 lugae
934 1968 1046 2033 locum
1072 1968 1181 2033 fraudi
1200 1993 1359 2056 parare...
1382 1970 1580 2038 Adsultare

332 2099 374 2141 ex
388 2075 523 2140 diverso
543 2075 719 2150 Tiridates
739 2091 927 2163 nonusque
949 2075 991 2140 ad
1012 2076 1117 2141 ictum
1132 2075 1204 2153 teli,
1232 2077 1383 2142 sedtum
1405 2079 1581 2145 minitans

330 2192 403 2249 tum
420 2183 532 2272 specie
547 2182 790 2270 trepidantis...
808 2220 850 2231 -
872 2180 922 2262 13,
937 2187 990 2259 dr.
1014 2183 1204 2253 Corbulo...
1223 2207 1265 2249 an
1282 2184 1452 2271 expeditis
1468 2185 1581 2273 legia·

330 2291 430 2355 nibus
450 2298 549 2355 noete
569 2290 735 2354 Artaxata
751 2298 906 2378 pergeret
928 2289 1128 2378 obsidioque
1155 2291 1389 2367 circumdaret,
1413 2293 1578 2380 agitavit,

328 2398 538 2463 concessisse
551 2397 632 2461 illuc
653 2397 822 2462 Tiridaten
839 2405 944 2463 ratus.
964 2438 1002 2446 —
1023 2398 1145 2478 1426.
1172 2399 1343 2464 Tiridaten
1368 2421 1429 2487 per
1444 2400 1576 2466 Medos

329 2515 484 2572 extrema
499 2505 680 2569 Armeniae
694 2506 891 2575 intrantem.
911 2507 1099 2592 praemisso
1122 2529 1200 2571 eum
1228 2505 1363 2571 auxiliis
1390 2508 1574 2574 Verulano

327 2614 558 2700 legatoatque
583 2613 655 2699 ipse
679 2610 869 2698 legionibus
902 2612 990 2686 citis,
1021 2612 1113 2677 abire
1141 2613 1318 2700 proculae
1357 2636 1457 2701 spem
1489 2614 1578 2680 belli

328 2721 483 2785 amittere
499 2719 635 2805 subegit
646 2717 835 2804 (Corbulo).
848 2757 893 2769 —
912 2722 962 2800 15,
988 2744 1014 2784 1.
1038 2719 1285 2806 Vologaeses...
1301 2721 1402 2786 fratre
1417 2721 1576 2789 Tiridate

329 2827 427 2916 pulso
439 2836 588 2915 spretum
603 2826 843 2891 Arsacidarum
868 2827 1043 2913 fastigium
1069 2828 1116 2892 ire
1147 2827 1255 2893 ultum
1275 2826 1436 2895 volens..
1486 2830 1576 2896 Tiri·

328 2935 423 2999 dates
442 2956 577 3022 quoqne
593 2934 688 3019 regni
704 2933 866 3021 profugus
878 2957 939 3022 per
964 2934 1134 2999 silentium
1152 2943 1209 2999 aut
1234 2934 1362 2999 modice
1392 2939 1576 3022 querendo

328 3042 464 3130 gravior
487 3048 599 3107 erat...
622 3080 664 3089 —
693 3043 743 3118 15,
762 3064 792 3105 2.
827 3041 1027 3106 Commotus
1059 3041 1111 3105 his
1145 3041 1350 3128 Vologaeses
1383 3044 1575 3110 concilium

328 3157 428 3214 vocat
446 3156 480 3213 et
494 3149 688 3237 proximum
711 3147 775 3212 sibi
800 3148 972 3213 Tiridaten
993 3149 1210 3215 constituit...
1234 3148 1343 3213 Simul
1372 3148 1575 3217 diademate

327 3265 430 3345 caput
444 3256 603 3321 Tiridatis
618 3256 759 3321 evinxit.
775 3294 815 3303 —
839 3254 954 3332 15,1a.
978 3255 1033 3319 Ad
1054 3280 1091 3321 ea
1110 3256 1358 3342 Vologaeses...
1384 3259 1574 3344 opperien-

327 3364 389 3428 dos
409 3363 472 3428 sibi
495 3364 614 3428 iratres
639 3364 802 3427 Pacorum
835 3387 872 3427 ac
903 3364 1074 3427 Tiridaten
1102 3366 1299 3450 rescripsit:
1322 3364 1418 3428 illum
1452 3365 1572 3432 locuni

330 3481 531 3557 tempusque
552 3468 692 3534 consilio
712 3471 932 3545 destinatum,
956 3471 1035 3557 quid
1064 3472 1105 3533 de
1135 3472 1296 3535 Armenia
1316 3482 1509 3539 cernerent.
1526 3514 1572 3525 —

331 3579 380 3655 15,
402 3580 453 3654 ad.
472 3578 587 3663 Legati
620 3577 818 3641 Parthorum
853 3577 1010 3641 mandata
1037 3580 1125 3662 regis
1147 3579 1386 3661 Vologaesis..
1405 3579 1571 3665 (ltomanr

326 3684 508 3774 pertulere)
528 3707 534 3750 :
559 3710 619 3751 a...
640 3686 707 3748 Nec
724 3693 957 3748 recusaturum
975 3685 1145 3749 Tiridaten
1168 3685 1361 3771 accipiendo
1382 3685 1571 3754 diademati

325 3796 358 3859 in
376 3794 491 3857 urbem
512 3795 639 3869 venire,
662 3794 725 3856 nisi
742 3793 919 3856 sacerdotii
944 3792 1105 3876 religione
1130 3793 1340 3857 attineretur.
1370 3793 1502 3859 ltnrnm
1526 3799 1570 3861 ad

326 3903 421 3986 signa
445 3909 478 3965 et
500 3901 628 3982 efligies
656 3901 952 3988 principis..,»—
987 3902 1035 3969 ni,
1074 3903 1125 3964 25.
1169 3899 1288 3980 (lideni
1319 3900 1435 3985 legati)
1474 3904 1569 3968 inriti

326 4010 555 4078 remittuntur.
573 4032 649 4072 cnm
666 4006 763 4069 denis
778 4015 901 4074 tamen.
918 4007 1005 4069 uude
1022 4031 1099 4093 spes
1116 4009 1210 4070 lieret
1222 4030 1287 4070 non
1306 4007 1428 4070 frustra
1446 4009 1569 4074 eadem

326 4125 498 4180 oraturum
519 4114 703 4184 Tiridaten,
717 4116 744 4177 si
766 4138 881 4201 preces
898 4114 969 4202 ipse
987 4113 1169 4177 attulisset.
1192 4117 1299 4187 -15,
1319 4113 1571 4202 27.(Corbule)

326 4224 501 4287 venientes
520 4222 678 4285 Tiridatis
704 4220 970 4309 Vologaesisque
985 4221 1026 4284 de
1043 4245 1123 4308 pace
1146 4221 1275 4307 legatos
1296 4220 1384 4284 baud
1405 4245 1569 4309 asperna-

325 4340 380 4396 tus
396 4329 550 4415 adiungit
565 4330 605 4392 iis
616 4330 828 4394 centuriones
839 4352 913 4392 cnm
928 4329 1095 4393 mandatis
1110 4352 1175 4391 non
1189 4327 1391 4394 immitibus.
1408 4358 1468 4394 a...
1484 4332 1569 4396 Tiri·

325 4439 394 4502 dati
415 4436 601 4500 conducere
636 4438 799 4501 intactum
834 4435 1082 4499 vastationibus
1110 4459 1250 4519 regnum
1277 4436 1468 4521 accipere...
1490 4470 1506 4494 »
1523 4478 1569 4491 —

331 4546 380 4614 15,
410 4544 464 4610 28.
482 4544 646 4607 'Tiridates
674 4543 784 4607 locum
805 4543 961 4630 diemque
986 4542 1166 4630 conloquio
1191 4545 1343 4630 poscit...
1377 4544 1438 4607 Die
1465 4557 1568 4631 pacta

326 4653 480 4716 Tiberius
495 4650 731 4715 Alexander...
750 4658 783 4713 ct
805 4650 999 4713 Vinicianus
1016 4652 1192 4714 Annius...
1210 4651 1243 4713 in
1269 4661 1378 4718 castra
1403 4652 1568 4718 Tiridatis

326 4783 458 4837 venere,
483 4759 601 4820 honori
618 4759 691 4821 cius
706 4781 743 4820 ac
764 4780 805 4820 ne
831 4765 995 4821 metueret
1015 4758 1155 4821 insidias
1183 4758 1239 4821 tali
1270 4760 1454 4845 pignore...
1475 4760 1566 4826 Tum

325 4868 451 4955 placuit
472 4864 641 4928 Tiridaten
657 4887 778 4951 ponere
790 4863 879 4951 apud
905 4865 1051 4951 el'ligiem
1082 4864 1236 4929 Caesaris
1260 4867 1394 4952 insigne
1431 4867 1568 4952 regium

326 4998 385 5039 nec
412 4974 475 5036 nisi
497 4996 598 5035 manu
632 4972 774 5035 Neronis
805 4994 989 5037 resumere.
1012 5011 1054 5021 —-
1084 4975 1133 5043 15,
1167 4997 1221 5060 29·
1258 4972 1371 5037 blcdio
1413 4973 1569 5041 tribunal
