3709 6234
777 880 864 932 otho
1408 871 1463 928 505

226 1022 353 1088 bellum
365 1021 502 1088 luerint.
517 1060 558 1070 -
573 1020 615 1096 ll,
629 1020 682 1110 39.
699 1020 854 1086 Profecto
866 1018 1053 1084 Brixellum
1066 1017 1201 1084 Othone
1215 1018 1323 1082 honor
1333 1017 1465 1106 imperii

223 1152 329 1218 penes
344 1130 515 1195 Titianum
543 1128 692 1208 fratrem,
709 1128 761 1192 vis
780 1151 818 1192 ac
833 1134 985 1217 potestas
998 1148 1102 1215 penes
1116 1124 1300 1190 Proculum
1318 1125 1465 1214 praelec-

224 1244 338 1303 tum...
361 1236 409 1301 lbi
424 1236 467 1301 de
484 1235 612 1324 proelio
628 1234 833 1312 dubitatum,
852 1234 986 1300 (lthone
1008 1256 1068 1321 per
1082 1232 1213 1298 litteras
1235 1233 1412 1320 flagitante
1427 1240 1466 1297 ut

216 1339 1466 1429 maturarent.-lhdo.AderatsanecitusequoNumidacumatrocibus

227 1452 409 1531 mandatis,
425 1450 550 1540 quibus
561 1450 650 1516 Otho
666 1450 830 1536 increpita
844 1448 970 1514 ducum
986 1448 1130 1533 segnitia
1144 1471 1215 1513 rem
1231 1447 1265 1511 iu
1282 1447 1464 1513 discrimen

227 1559 316 1624 mitti
332 1557 481 1632 iubebat,
508 1580 607 1645 aeger
629 1580 722 1622 mora
746 1564 780 1621 et
800 1556 872 1643 spei
893 1555 1086 1643 impatiens.
1116 1592 1147 1603 -
1165 1553 1206 1631 ll,
1230 1557 1285 1631 42.
1308 1555 1465 1643 Repertis

226 1666 284 1754 qui
300 1664 484 1730 descivisse
499 1689 517 1729 a
536 1664 673 1729 Vitellio
692 1665 876 1729 exercitum
893 1664 1150 1728 ementirentur.
1171 1660 1202 1726 ls
1217 1685 1332 1727 rumor
1346 1662 1389 1728 ab
1404 1687 1464 1727 ex·

228 1771 454 1859 ploratoribus
477 1770 605 1836 Vitellii
620 1769 806 1858 dispersus,
833 1793 875 1835 an
899 1771 932 1835 in
949 1770 1022 1858 ipsa
1043 1769 1187 1836 Othonis
1202 1777 1296 1856 parte
1311 1793 1370 1834 seu
1386 1769 1464 1834 dolo

227 1902 286 1944 seu
308 1879 392 1944 lorte
417 1879 611 1954 surrexerit,
634 1901 754 1966 parum
788 1888 1010 1964 compertum.
1032 1915 1076 1926 -
1102 1876 1145 1948 ll.
1172 1877 1228 1954 43.
1255 1877 1355 1942 Forte
1379 1878 1466 1943 inter

230 1986 357 2051 Padum
382 1986 539 2073 viamque
569 1985 697 2074 patenti
722 2008 840 2074 campo
864 1984 949 2050 duae
974 1984 1124 2070 legiones
1149 2007 1351 2071 congressae
1371 1993 1462 2060 sunt,

227 2117 286 2182 pro
325 2093 461 2160 Vitellio
499 2094 800 2172 unaetvicensima,
832 2092 884 2157 cui
919 2115 1107 2176 cognomen
1137 2093 1465 2181 llapaci...‚eparte

227 2202 371 2265 tlthonis
415 2202 521 2288 prima
566 2200 769 2265 Adiutrix...
806 2200 847 2264 lit
888 2198 1031 2263 (lucibus
1061 2199 1206 2265 Othonis
1235 2200 1301 2264 iam
1335 2199 1465 2288 pridem

228 2309 379 2396 profugis
400 2308 543 2374 Caecina
573 2331 611 2371 ac
634 2306 759 2371 l'alens
784 2306 945 2370 subsidiis
969 2330 1050 2370 suos
1077 2306 1267 2371 lirmabant.
1289 2344 1334 2358 -
1350 2307 1392 2374 ll.
1408 2310 1462 2384 44.

229 2416 465 2481 l'ractorianus
482 2415 579 2479 miles
594 2437 661 2478 non
676 2414 799 2478 virtute
820 2439 867 2484 se.
895 2413 955 2478 sed
984 2412 1173 2500 proditione
1192 2414 1318 2479 victum
1344 2414 1465 2480 lremc-

226 2523 341 2596 bah...
362 2546 537 2610 superesse
561 2545 637 2585 cum
663 2522 736 2607 ipso
766 2522 900 2585 tlthone
924 2521 1072 2585 militum
1091 2519 1183 2609 quod
1213 2529 1305 2586 trans
1335 2520 1465 2587 Padum

229 2631 327 2695 luerit
346 2680 368 2694 ..
385 2666 430 2680 -
445 2629 487 2707 ll,
505 2630 561 2706 46.
579 2627 924 2716 Opperiebaturtltho
939 2628 1094 2692 nuntium
1106 2651 1239 2717 pugnae
1250 2652 1463 2720 nequaquam

228 2737 379 2825 trepidus
395 2744 428 2801 et
441 2736 575 2800 consilii
590 2742 744 2802 certus...
758 2739 850 2813 Quas
866 2736 954 2801 inter
969 2736 1144 2824 (militum)
1159 2759 1259 2802 voces
1274 2745 1312 2801 ut
1325 2739 1466 2804 llcxerat

226 2845 359 2910 vultum
373 2852 431 2909 aut
447 2843 663 2908 induraverat
679 2844 780 2912 Otho.
798 2842 926 2908 clamor
940 2851 973 2908 et
988 2843 1145 2930 gemitus.
1170 2843 1240 2909 Nec
1263 2845 1464 2932 praetoriani

226 2961 370 3030 tuntum,
389 2951 543 3038 proprius
559 2950 703 3015 tlthonis
722 2950 832 3026 miles,
856 2950 913 3014 scd
938 2950 1148 3038 praemissio
1167 2950 1295 3017 Moesia
1311 2951 1465 3018 eamdem

227 3059 489 3125 obstinationem
523 3057 740 3123 adventantis
764 3059 974 3124 exercitus..
1005 3057 1217 3123 nuntiabant.
1254 3096 1299 3112 —
1334 3058 1376 3138 ll,
1407 3062 1464 3149 47.

227 3167 406 3255 (loquitur
430 3166 531 3250 tltho)
563 3192 579 3229 a
599 3165 710 3250 Civile
738 3164 865 3229 bellum
895 3189 913 3228 a
943 3163 1081 3229 Vitellio
1106 3166 1287 3252 coepitz...
1314 3190 1356 3231 ne
1389 3167 1466 3255 plus

227 3299 328 3364 quam
358 3273 463 3338 semel
487 3282 667 3350 certemus,
687 3295 791 3359 penes
815 3296 868 3336 me
881 3271 1074 3360 exemplum
1088 3272 1171 3343 crit:
1203 3273 1280 3338 hinc
1297 3274 1466 3340 Othonem

226 3382 406 3470 posteritas
433 3381 600 3445 aestimet.
626 3405 642 3442 u
672 3418 716 3429 —
746 3379 790 3452 ll.
823 3381 877 3456 48.
913 3379 1033 3465 (Otho)
1055 3378 1209 3444 Salvium
1240 3381 1463 3447 Cocceianum

228 3490 338 3554 lratris
356 3488 460 3552 lilium
485 3489 656 3574 (hortatus
675 3489 797 3572 esth...
825 3509 889 3551 neu
910 3495 1068 3573 patruum
1091 3485 1154 3550 sibi
1176 3489 1345 3553 llthoncm
1361 3489 1464 3556 luisse

226 3605 283 3661 aut
310 3595 566 3659 oblivisceretur
595 3618 755 3680 umquam
777 3602 834 3658 aut
860 3593 1002 3657 nimium
1022 3594 1242 3658 meminisset.
1277 3632 1322 3644 —
1342 3596 1385 3670 ll,
1408 3601 1464 3686 49.

226 3703 351 3768 tlthoni
369 3703 585 3790 sepulchrum
609 3702 814 3764 instructum
829 3708 881 3764 est
902 3699 1071 3764 modicum
1091 3708 1125 3765 et
1140 3724 1349 3767 mansurum.
1368 3704 1466 3770 lluuc

227 3812 316 3875 vitae
341 3812 440 3874 linem
458 3808 575 3873 habuit
595 3809 739 3894 septimo
757 3814 790 3871 et
809 3807 1002 3871 tricensimo
1018 3808 1140 3872 aetatis
1156 3832 1258 3874 anno.
1281 3847 1324 3860 -
1344 3810 1387 3880 ll.
1410 3812 1462 3878 50.

229 3918 300 3988 bie.
318 3900 384 4005 quo
402 3916 554 3980 Bedriaci
569 3914 773 3988 certabatur,
792 3938 888 3978 auem
904 3914 1075 3978 invisitata
1092 3917 1203 4002 specie
1215 3917 1304 4003 apud
1322 3918 1465 4006 llcgium

228 4024 390 4111 Lepidum
411 4022 535 4087 celebri
552 4022 627 4087 luco
640 4021 834 4088 consedisse
855 4023 984 4086 incolae
1001 4031 1202 4092 memorant.
1220 4047 1280 4089 nec
1299 4024 1462 4092 deinde...

229 4132 378 4196 territam
398 4130 587 4217 pulsamvc,
604 4130 709 4194 donec
733 4131 822 4193 tltho
847 4130 970 4216 seipse
992 4130 1208 4209 interlicerct;
1230 4141 1301 4196 tum
1317 4132 1465 4198 ablutam

227 4262 268 4303 ex
283 4238 406 4307 oculis:
421 4245 454 4301 ct
468 4246 616 4324 tempora
629 4235 865 4323 reputantibus
883 4236 1015 4301 initium
1028 4238 1195 4326 linemquc
1216 4238 1368 4305 miraculi
1387 4264 1463 4306 cunr

228 4346 372 4410 tlthonis
396 4346 489 4408 exitu
511 4346 725 4432 competisse.
749 4382 786 4391 --
815 4343 857 4416 ll,
880 4345 934 4408 52.
962 4345 1076 4409 l'osito
1097 4343 1221 4433 ubique.
1237 4346 1326 4412 bello
1343 4372 1464 4434 magna

228 4477 305 4539 pars
318 4461 455 4516 senatus
480 4460 668 4515 extremum
689 4451 870 4515 discrimen
895 4450 989 4524 adiit,
1012 4451 1160 4539 prolecta
1176 4477 1252 4518 curu
1273 4454 1407 4520 tlthone
1422 4455 1464 4520 ab

227 4559 321 4628 urbe.
339 4559 416 4623 dcin
435 4559 586 4623 llutinao
602 4557 730 4623 relicta.
749 4557 832 4622 llluc
849 4557 992 4622 adverso
1011 4558 1052 4623 de
1065 4559 1193 4647 proelio
1209 4560 1378 4642 adlatum;
1406 4562 1464 4627 sed

229 4668 352 4730 milites
371 4675 409 4730 ut
433 4666 554 4729 salsum
576 4689 742 4730 rumorem
771 4672 1004 4753 aspernantes,
1028 4665 1118 4754 quod
1148 4667 1315 4732 infensum
1338 4669 1464 4734 t'lthoni

228 4781 382 4838 senatum
401 4772 664 4846 arbitrabantur,
691 4773 861 4839 custodire
888 4796 1102 4839 sermones...
1129 4813 1172 4822 -
1198 4774 1240 4844 ll.
1267 4775 1320 4841 53.
1355 4776 1465 4841 liono-

229 4883 344 4945 niae...
379 4881 608 4962 iuterrogatus
634 4880 778 4944 ttthonis
812 4880 954 4945 libertus
985 4881 1172 4948 (senatores
1196 4881 1236 4946 ‹lc
1262 4890 1369 4948 morte
1393 4884 1464 4948 eius

227 4989 387 5060 certiores
404 4987 507 5073 lecit).
529 5026 565 5036 —
583 4986 625 5054 11.
641 4989 693 5066 54.
708 4990 843 5055 Coenus
859 4987 1001 5055 libertus
1012 4987 1155 5056 Neronis
1171 4991 1276 5056 atroci
1288 4989 1462 5059 mendacio
