3709 6234
331 841 383 897 182
892 849 1044 903 canunt

375 986 486 1055 lam...
517 988 720 1054 Germanico
753 990 933 1078 (genitam)
962 990 1148 1078 coniungit.
1174 1029 1209 1039 -
1243 989 1276 1069 6,
1306 989 1360 1068 45.
1392 989 1485 1054 Idem
1505 1012 1615 1054 annus

376 1096 472 1182 gravi
499 1096 577 1183 igne
605 1096 724 1162 urbem
754 1097 920 1165 adfecit...
951 1097 1173 1163 Aestimanda
1211 1098 1373 1186 cuiusque
1413 1097 1616 1163 detrimento

376 1210 536 1292 quattuor
562 1206 740 1292 progeneri
767 1205 923 1272 Caesaris
948 1206 1012 1273 Cn.
1048 1205 1230 1286 Domitius,
1259 1205 1397 1275 Cassius
1427 1204 1613 1292 Longinus,

377 1309 426 1377 M.
444 1311 608 1389 Vinicius,
627 1312 807 1378 Rubellius
823 1313 975 1378 Blandus
987 1312 1170 1378 delecti...¹

335 1416 521 1485 CasstVs
537 1419 728 1488 LONGVS.
746 1458 790 1471 -
814 1419 875 1503 lll,
900 1422 949 1498 rt.
968 1418 1155 1508 (Vitelliani
1170 1418 1307 1494 milites)
1322 1418 1432 1484 vincla
1453 1418 1617 1485 Caecinae

379 1526 543 1607 iniciunt;
566 1526 710 1593 Fabium
726 1527 908 1593 Fabullum
924 1528 1062 1616 quintae
1075 1527 1220 1613 legionis
1241 1526 1391 1614 legatum
1410 1533 1444 1592 et
1462 1525 1618 1593 Cassium

381 1635 537 1720 Longum
553 1634 762 1722 praelectum
781 1643 971 1701 castrorum
991 1634 1095 1699 duces
1109 1634 1278 1722 deligunt.

337 1740 523 1809 CASSIVS
543 1740 781 1808 SEVERVS?
806 1780 845 1791 —
871 1767 898 1819 ι,
917 1766 969 1831 72.
987 1743 1166 1828 Augustus
1177 1742 1405 1829 cognitionem
1425 1741 1467 1806 de
1482 1743 1619 1807 famosis

385 1847 512 1914 libellis
530 1851 642 1937 specie
658 1849 744 1937 legis
759 1849 971 1934 (maiestatis)
992 1849 1163 1925 tractavit,
1176 1855 1367 1914 commotus
1381 1847 1493 1914 Cassii
1505 1849 1620 1916 Severi

384 1955 537 2037 libidine,
555 1981 620 2046 qua
639 1958 728 2022 viros
756 1956 966 2045 feminasque
981 1955 1143 2021 inlustres
1164 1955 1361 2044 procacibus
1377 1957 1511 2044 scriptis
1526 1955 1620 2020 dilla-

384 2072 546 2130 maverat.
565 2104 607 2112 —
619 2068 651 2144 cl,
668 2089 720 2130 αι.
745 2063 903 2129 Relatum
916 2062 1004 2129 etde
1030 2063 1147 2129 Cassio
1163 2064 1288 2130 Severo
1312 2062 1423 2142 exule,
1439 2063 1497 2151 qui
1512 2062 1621 2128 sordi-

385 2173 447 2238 dae
457 2173 610 2259 originis,
639 2172 812 2237 maleficae
832 2172 934 2252 vitae,
966 2170 1027 2236 sed
1042 2170 1162 2236 orandi
1176 2170 1322 2252 validus,
1345 2193 1404 2259 per
1423 2170 1622 2235 immodicas

385 2280 592 2358 inimicitias,
605 2288 643 2345 ut
657 2277 780 2345 iudicio
795 2279 895 2344 iurati
910 2286 1049 2344 senatus
1065 2279 1201 2345 Cretam
1215 2286 1439 2362 amoveretur,
1453 2278 1620 2344 effecerat.

386 2389 500 2477 Atque
529 2388 598 2453 illie
618 2386 735 2459 eadem
764 2385 937 2452 actitando
971 2386 1117 2451 recentia
1151 2392 1331 2474 veteraque
1362 2385 1437 2450 odia
1463 2385 1620 2462 advertit,

388 2496 553 2585 bonisque
569 2501 705 2573 exutus,
723 2493 901 2560 interdicto
917 2494 989 2582 igni
1014 2501 1113 2581 atque
1129 2515 1228 2581 aqua,
1253 2515 1334 2557 saxo
1349 2493 1492 2581 Seripho
1507 2516 1624 2558 conse-

390 2605 476 2669 nuit.
511 2643 555 2654 -
589 2603 627 2682 0,
668 2626 718 2689 ¹9·
748 2601 930 2689 (Loquitur
958 2601 1064 2689 Aper)
1096 2628 1111 2660 a
1143 2600 1371 2688 Antiquorum
1404 2599 1625 2665 admiratores

391 2710 480 2781 hunc
496 2710 590 2775 velut
606 2709 786 2774 terminum
803 2708 1015 2796 antiquitatis
1030 2707 1235 2772 constituere
1251 2706 1373 2787 solent,
1389 2708 1447 2796 qui
1461 2730 1569 2799 usque
1583 2706 1625 2772 ad

388 2817 557 2898 Cassium,
580 2841 681 2906 quem
705 2839 799 2881 reum
819 2815 948 2880 faciunt
960 2814 984 2895 ³,
1008 2815 1271 2903 quamprimum
1292 2813 1474 2879 adfirmant
1492 2815 1624 2881 llexisse

391 2924 433 2990 ab
454 2924 512 2989 illa
532 2931 645 2990 vetere
674 2932 775 3012 atque
795 2921 922 2987 directa
937 2921 1072 2987 dicendi
1082 2922 1162 2987 via..
1199 2960 1243 2971 -
1264 2919 1316 2988 26.
1338 2921 1519 3011 (Loquitur
1537 2922 1626 2987 Mes-

389 3033 488 3121 salla)
519 3062 534 3094 «
553 3032 718 3121 Equidem
733 3055 801 3096 non
823 3031 1018 3118 negaverim
1034 3031 1189 3097 Cassium
1203 3033 1378 3113 Severum,
1395 3055 1496 3120 quem
1514 3032 1624 3098 solum

390 3143 483 3229 Aper
511 3147 626 3206 noster
654 3140 828 3204 nominare
859 3162 961 3204 ausus
990 3148 1053 3217 est,
1078 3139 1107 3203 si
1131 3140 1172 3203 iis
1186 3147 1412 3227 comparetur,
1430 3140 1488 3229 qui
1507 3148 1626 3227 postea

391 3249 537 3321 luerunt.
554 3271 654 3336 posse
669 3255 837 3312 oratorem
851 3247 977 3329 vocari,
1000 3270 1206 3335 quamquam
1220 3247 1253 3311 in
1273 3270 1396 3335 magna
1416 3255 1510 3334 parte
1525 3246 1626 3311 libro-

391 3380 465 3421 rum
481 3378 618 3420 suorum
634 3354 710 3442 plus
726 3353 804 3418 bilis
819 3353 942 3419 habeat
955 3377 1057 3442 quam
1078 3354 1297 3440 sanguinis...
1317 3381 1332 3415 a

348 3462 539 3529 CASTOR.
584 3501 626 3510 —
671 3463 709 3541 G,
745 3460 799 3538 (3.
837 3461 925 3525 Deos
965 3460 1308 3549 (Nahanarvalorum)
1350 3462 1627 3549 interpretatione

392 3572 545 3636 Romana
578 3570 753 3635 Castorem
793 3566 1035 3655 Pollucemque
1070 3577 1271 3634 memorant.
1308 3568 1354 3633 Ea
1393 3569 1445 3632 vis
1483 3568 1625 3646 numini,

392 3700 515 3743 nomen
532 3677 639 3741 Alcis.

348 3784 590 3852 CASTORES.
622 3822 665 3832 —
694 3783 737 3865 ll,
757 3786 810 3859 nd.
828 3781 884 3846 Ad
906 3780 1144 3846 duodecimum
1171 3781 1382 3863 aCremona,
1399 3781 1495 3849 locus
1511 3782 1629 3848 Casto·

393 3892 481 3958 ruml
501 3899 652 3971 vocatur,
667 3890 827 3976 (Caecina
847 3888 988 3953 insidias
1003 3888 1220 3974 Othonianis)
1236 3890 1437 3977 composuit.

350 3996 755 4084 CATILINat-ossa
775 3996 955 4083 (Loquitur
982 3995 1174 4083 Maternus)
1204 3995 1325 4078 «Non,
1342 3997 1472 4084 opinor,
1495 3998 1629 4064 ...Cice-

295 4129 297 4136 ·
394 4128 511 4170 ronem
541 4126 702 4190 magnum
732 4109 900 4167 oratorem
936 4103 974 4168 P.
1010 4102 1169 4180 Quintius
1203 4102 1363 4168 defensus
1396 4111 1454 4169 aut
1481 4105 1630 4170 Licinius

393 4211 537 4277 Archias
550 4211 717 4291 lecerunt,
741 4208 886 4274 Catilina
902 4216 936 4273 et
957 4208 1040 4273 Milo
1056 4219 1089 4274 et
1103 4209 1224 4275 Verres
1239 4217 1274 4275 et
1288 4211 1460 4277 Antonius
1475 4212 1562 4277 hanc
1578 4212 1629 4277 illi

395 4321 519 4385 lamam
534 4316 829 4383 circumdederunt
844 4343 872 4381 a.

383 4477 391 4512 ¹
409 4478 442 4526 V.
456 4479 538 4526 etiam
551 4478 574 4534 6,
593 4496 616 4528 2.

382 4559 394 4593 ἵ
409 4558 512 4606 Proser
526 4598 531 4616 ,
543 4560 599 4616 443.

382 4639 394 4672 ³
411 4638 455 4692 Sic
471 4641 589 4688 codices.
609 4641 773 4688 Puteolanus
788 4655 931 4704 proquam
948 4654 1025 4688 reum
1038 4640 1124 4689 edidit
1136 4641 1271 4689 Seuerum.
1289 4642 1377 4690 Locus
1388 4641 1512 4705 plurimis
1528 4642 1632 4691 coniec-

353 4719 421 4767 turis
438 4724 597 4782 temptatus.
614 4720 652 4771 Cl.
671 4721 812 4768 Wanrnan
824 4724 852 4767 et
867 4721 1010 4769 Garunnam
1543 4760 1548 4771 .

384 4798 435 4851 *Μ
449 4815 454 4847 :
470 4803 596 4849 castroni
614 4803 754 4859 (castraret
771 4816 841 4852 corr.
862 4803 943 4863 rm.)
960 4800 1037 4850 Corr.
1058 4800 1191 4850 Alciatus.
1211 4802 1250 4851 Cl.
1272 4802 1356 4854 Suet..
1372 4803 1450 4861 etto,
1463 4818 1500 4866 9:
1519 4802 1553 4851 ad
1572 4805 1632 4853 Cas-

355 4890 440 4933 tores:
454 4882 541 4932 Oros..
564 4898 586 4942 7,
603 4882 624 4930 8.
643 4883 675 4928 fi:
691 4881 762 4929 circa
782 4881 880 4940 lorum,
896 4895 977 4945 quem
996 4883 1120 4931 Castores
1136 4885 1240 4931 vocant.

384 4964 395 4997 ⁵
409 4964 438 5012 L.
455 4963 564 5022 Sergius
578 4960 702 5011 Catilina.
