3709 6234
809 875 940 928 MARCVS
959 875 1041 928 APssfl
1531 871 1565 926 71

330 996 486 1062 cohortes
520 1003 554 1063 et
587 999 773 1086 Bosporani
806 999 1004 1065 tutabantur
1033 998 1157 1063 nostris
1186 999 1220 1064 in
1241 999 1354 1064 armis.
1373 1037 1416 1048 -
1437 1022 1488 1074 ια,
1516 1022 1565 1086 ¹9·

331 1103 533 1170 Eunones...
546 1106 796 1194 (Mithridaten)
809 1105 980 1184 laudat...,
994 1106 1085 1194 quod
1096 1113 1232 1193 gentem
1244 1106 1431 1170 Aorsorum
1442 1105 1464 1185 ¹,
1478 1104 1569 1193 quod

330 1233 426 1276 suam
445 1212 601 1277 dextram
623 1213 789 1301 petendae
805 1214 923 1279 veniae
936 1213 1111 1300 delegerit.

288 1316 599 1386 spatiumst
622 1360 665 1370 —
685 1321 794 1400 re,58.
813 1321 1030 1388 l'ributum...
1050 1320 1303 1409 Apamensibus
1313 1319 1327 1360 ³
1346 1328 1455 1387 terrae
1475 1326 1569 1385 motu

330 1425 505 1491 convulsis
519 1428 552 1491 in
566 1429 837 1517 quinquennium
852 1429 1044 1493 remissum.

290 1531 591 1606 'APENNINt-'s
607 1559 640 1601 v.
658 1535 962 1601 APPENNINVS.

290 1638 477 1705 tltltct's
494 1641 630 1718 rll’lill,
651 1641 786 1708 APltlt.
810 1681 852 1691 -
878 1644 916 1708 t).
945 1668 975 1708 a.
1004 1644 1178 1708 Venerunt
1203 1642 1244 1707 ad
1267 1641 1473 1731 (Curiatium
1498 1640 1570 1706 Ma·

330 1750 481 1831 ternum)
493 1747 626 1813 Marcus
640 1751 732 1837 Aper
748 1757 781 1814 ct
798 1750 902 1815 lulius
918 1743 1107 1828 Secundus,
1122 1749 1341 1815 celeberrima
1353 1757 1423 1815 tum
1437 1748 1571 1836 ingenia

329 1852 391 1917 lori
421 1856 541 1932 nostri,
571 1879 657 1945 quos
693 1880 797 1944 ego...
840 1856 991 1922 studiose
1034 1855 1269 1938 audiebam...,
1296 1856 1452 1946 quamvis
1496 1878 1564 1920 ma-

330 1959 422 2048 ligne
461 1961 613 2051 plerique
661 1963 923 2052 opinarentur...
963 1965 1095 2051 Aprum
1135 1964 1270 2050 ingenio
1317 1963 1430 2052 potius
1464 1970 1498 2028 et
1535 1962 1569 2025 vi

331 2077 470 2134 naturae
494 2092 595 2157 quarn
632 2071 846 2136 institutione
871 2079 904 2135 et
934 2070 1057 2135 litteris
1088 2071 1211 2135 lamam
1244 2070 1455 2158 eloquentiae
1491 2092 1569 2134 con-

333 2183 529 2242 secutnm...
561 2180 655 2265 Aper
692 2178 784 2242 omni
812 2178 1001 2243 eruditione
1027 2177 1176 2242 imbutus
1200 2176 1439 2242 contemnebat
1457 2176 1572 2265 potius

333 2280 462 2348 litteras
482 2307 583 2372 quam
612 2284 822 2350 nesciebat...
845 2322 889 2335 -
903 2284 933 2351 3.
954 2313 968 2344 u
999 2284 1096 2349 Adeo
1118 2292 1149 2349 te
1180 2283 1372 2371 tragoediae
1401 2283 1485 2348 istae
1505 2306 1572 2347 non

333 2390 470 2470 satiant,
496 2391 606 2479 inquit
631 2393 735 2479 Aper,
754 2414 819 2479 quo
841 2393 954 2457 minus
974 2392 1108 2456 omissis
1128 2391 1319 2456 orationum
1343 2398 1376 2455 et
1395 2413 1572 2455 causarum

334 2496 497 2562 studiis...
529 2527 544 2558 »
576 2536 615 2549 -
637 2497 667 2560 5.
700 2529 713 2554 υ
744 2498 815 2585 Ego
841 2522 934 2579 vero,
971 2500 1081 2587 inquit
1100 2497 1288 2575 Secundus,
1313 2505 1492 2586 antequam
1520 2519 1572 2560 me

333 2603 476 2669 iudicem
493 2605 585 2692 Aper
598 2613 771 2672 recuset...
783 2639 809 2672 o.
829 2637 842 2662 u
872 2609 1019 2672 Securus
1041 2605 1103 2686 sit,
1120 2606 1230 2694 inquit
1256 2605 1359 2694 Aper,
1386 2612 1421 2669 et
1439 2603 1572 2670 Saleius

335 2712 461 2776 llassus
481 2765 502 2778 ..
526 2745 540 2770 ι»
557 2752 598 2762 -
615 2739 646 2802 7.
666 2745 679 2772 o
702 2714 840 2780 lliem...
857 2738 923 2802 quo
948 2714 1029 2778 milri
1050 2713 1138 2778 latus
1156 2712 1274 2778 clavus
1294 2711 1428 2778 oblatus
1449 2720 1500 2777 est
1520 2709 1574 2776 vel

334 2841 441 2906 quo...
462 2827 677 2907 quaesturam
702 2828 759 2885 aut
776 2820 985 2886 tribunatum
1002 2829 1057 2886 aut
1069 2828 1263 2908 praeturam
1279 2819 1405 2907 accepi.
1428 2847 1496 2878 »—
1519 2842 1570 2883 rr.

336 2925 428 3004 Quae
445 2949 521 2990 curn
542 2927 686 2993 dixisset
702 2929 794 3016 Aper
810 2929 932 3004 acrius,
950 2934 986 2992 ut
1002 2926 1144 3009 solebat,
1169 2935 1201 2992 et
1220 2927 1352 2993 intento
1365 2949 1434 3005 ore,
1452 2925 1571 2991 remis-

337 3056 393 3097 sus
408 3041 442 3098 et
463 3033 642 3099 subridens
660 3034 849 3105 Maternus:
883 3064 898 3090 r
919 3036 1111 3113 Purantem,
1138 3035 1260 3123 inquit,
1288 3058 1341 3100 me
1368 3057 1435 3099 non
1462 3034 1574 3098 minus

338 3140 394 3204 diu
409 3163 567 3207 accusare
582 3151 732 3208 oratores
745 3166 846 3231 quarn
863 3145 956 3231 Aper
972 3142 1209 3208 laudaverat...
1232 3173 1246 3200 n
1263 3181 1306 3191 —
1322 3166 1371 3207 ια.
1394 3169 1408 3198 «
1430 3140 1574 3206 Nemora

337 3270 415 3312 vero
436 3256 470 3313 et
491 3246 556 3313 luci
572 3256 605 3314 et
621 3257 786 3314 secretum
802 3251 924 3337 ipsum,
939 3249 1030 3337 quod
1047 3251 1139 3337 rlper
1155 3248 1389 3336 increpabat...
1407 3248 1575 3337 Eloquen-

339 3355 401 3420 tiae
417 3377 500 3418 usus
523 3378 695 3426 recens...
719 3364 756 3421 ut
771 3365 806 3421 tu
826 3356 974 3438 dicebaS,
994 3359 1097 3443 Aper,
1120 3357 1154 3421 in
1175 3357 1287 3422 locum
1302 3355 1360 3421 teli
1376 3364 1570 3442 repertus..

341 3460 426 3525 lllud
443 3475 532 3527 certe
547 3463 625 3527 milri
649 3463 822 3542 concedes,
846 3464 950 3551 ilper,
973 3486 1040 3527 non
1059 3464 1223 3529 minorem
1242 3464 1401 3528 honorem
1428 3462 1574 3527 llomero

339 3592 439 3655 «quarm
454 3569 672 3634 llernostlreni
686 3570 776 3657 apud
791 3578 985 3658 posteros...
997 3610 1040 3619 —
1061 3573 1110 3648 rt.
1124 3571 1304 3660 (Loquitur
1325 3570 1431 3634 lulius
1446 3572 1572 3634 Secun-

339 3675 414 3752 dus)
436 3709 449 3728 «ι
469 3675 677 3742 llelectasset
691 3678 781 3742 enim
795 3685 827 3743 te
838 3687 872 3743 ot
887 3679 970 3766 ¹lpri
986 3680 1092 3743 nostri
1108 3678 1381 3743 accuratissimus
1397 3700 1574 3742 sermo...»

339 3782 519 3870 (Loquitur
541 3783 725 3869 Vipstanus
758 3783 934 3864 Messalla]
962 3784 1150 3850 «Video...
1177 3784 1366 3869 irreprobari
1400 3783 1433 3847 in
1467 3784 1573 3871 Apro,

339 3890 428 3978 quod
450 3890 600 3955 nondum
617 3890 658 3954 ab
675 3890 886 3956 scholasticis
901 3892 1142 3956 controversiis
1163 3890 1303 3955 recessit
1318 3889 1575 3955 ctotiumsuum

339 3996 466 4061 mavult
484 4020 647 4061 novorum
663 3998 836 4063 rhetorum
854 4022 945 4062 more
959 4021 1061 4086 quum
1078 4006 1229 4063 veterum
1254 4005 1426 4062 oratorum
1452 4020 1575 4062 consu-

341 4127 428 4169 mere
463 4137 530 4160 υ-
552 4104 601 4168 15.
619 4103 704 4169 Tum
719 4106 834 4193 Aper:
855 4137 867 4160 ι·
889 4105 963 4169 Non
975 4106 1113 4178 desinis,
1129 4104 1428 4183 Messalla‚veter·a
1445 4111 1576 4169 tantum
1664 4149 1667 4156 ·

341 4218 372 4276 et
392 4211 530 4299 antiqua
545 4211 698 4276 mirari...
718 4244 731 4266 ιι
744 4212 956 4300 (llespondet
972 4212 1165 4299 blessallal:
1184 4235 1367 4299 «...neque
1378 4218 1436 4275 uut
1449 4211 1578 4276 Secun-

342 4319 419 4383 dum
434 4326 493 4384 aut
503 4317 694 4383 Maternum
708 4326 766 4383 aut
782 4320 948 4407 teipsum,
967 4320 1114 4407 .lper,...
1133 4319 1230 4384 aliter
1244 4320 1368 4384 sentire
1383 4317 1494 4383 credo.
1508 4349 1523 4376 υ
1537 4357 1578 4368 -

347 4425 395 4490 16.
414 4426 595 4513 (loquitur
618 4426 806 4512 blaternas)
837 4456 850 4480 «ι
879 4427 1120 4514 rlp1·urrreninr
1148 4426 1255 4491 solere
1282 4426 1460 4490 dissentire
1484 4433 1518 4490 ct
1542 4433 1578 4490 tu

342 4533 441 4620 paulo
472 4540 549 4596 anto
582 4533 696 4597 dixisti
714 4541 747 4598 ct
767 4534 838 4620 ipse
859 4533 942 4598 satis
959 4534 1158 4599 manifestus
1172 4542 1264 4599 est...
1294 4562 1320 4596 ».
1342 4562 1357 4588 ·‹
1385 4533 1594 4607 Noneninr,.

334 4728 339 4762 ¹
354 4728 380 4780 u
394 4746 399 4777 :
415 4731 586 4779 aeleri-sorum.

331 4811 365 4852 ει
383 4812 499 4859 l'ucrunl
529 4812 621 4874 pluro-
650 4814 802 4875 Apnrneue;
830 4813 871 4859 lrie
902 4813 997 4859 urbem
1023 4812 1155 4874 Phrygiae
1179 4810 1383 4873 intelligendum
1412 4825 1470 4858 essc
1499 4810 1578 4856 docel

305 4889 420 4952 ltpckins
434 4909 446 4936 a
460 4891 634 4948 (tharnen).

333 4971 343 5002 ³
357 4971 433 5032 l'ulg.
453 4976 516 5021 unte
534 4974 686 5022 liraestium
700 4989 704 5022 :
718 4973 944 5037 ,lpanu'ensilrue-
963 4975 1057 5036 llyrk:
1087 4972 1311 5036 Apruncensilms.
