3709 6234
286 854 338 910 31⁸
831 858 1024 911 GliltllAllldl]

331 1001 461 1087 niisque
508 1006 540 1064 et
585 999 757 1064 Britannia
787 999 1054 1065 desciscentibus
1092 999 1126 1088 (a
1164 999 1313 1076 Vitellio,
1346 1023 1381 1064 se
1413 1001 1568 1067 Flavium

331 1106 508 1193 Sabinum)
546 1105 683 1171 fratrem
708 1107 906 1193 Vespasiani
946 1108 1112 1173 mansisse
1148 1108 1182 1172 in
1224 1107 1289 1173 lide
1307 1132 1337 1176 n.
1379 1146 1421 1157 -
1460 1108 1518 1186 lV,
1535 1108 1567 1177 3.

329 1214 470 1301 Sumpta
487 1237 546 1301 per
570 1213 699 1278 Gallias
715 1214 964 1302 Hispaniasque
979 1214 1092 1279 civilia
1122 1238 1228 1294 arma,
1253 1217 1354 1282 motis
1375 1215 1419 1281 ad
1438 1214 1569 1280 bellum

332 1322 522 1386 Germaniis
535 1321 556 1400 ¹,
588 1345 666 1385 mox
697 1321 873 1408 illyrico...
896 1360 940 1370 —
958 1322 1014 1403 lv,
1037 1324 1085 1388 ιε’).
1105 1322 1297 1388 Britannica
1313 1323 1451 1402 auxilia,
1469 1322 1570 1387 Bata·

330 1451 450 1492 vorum
488 1428 643 1493 cohortes
677 1430 797 1493 missas
840 1429 873 1492 in
893 1429 1177 1506 Germaniam‚ut
1193 1453 1294 1517 supra
1306 1429 1513 1510 rettulimus,
1530 1453 1569 1495 ac

332 1543 404 1599 tum
421 1535 627 1623 Mogontiaci
641 1544 794 1620 agentes,
837 1574 874 1584 -
896 1536 952 1607 lv,
976 1559 1025 1623 ¹7·
1049 1535 1196 1624 (batavi)
1213 1559 1334 1624 magna
1353 1560 1412 1625 per
1425 1539 1568 1601 Germa-

331 1641 608 1731 niasGalliasqne
619 1642 706 1706 lama
720 1642 887 1708 libertatis
901 1649 1057 1708 auctores
1071 1642 1341 1710 celebrabantur.
1350 1644 1571 1710 Germaniae*²

332 1750 446 1815 statim
469 1750 588 1815 misere
620 1749 752 1836 legatos
785 1749 908 1814 auxilia
924 1751 1147 1817 offerentes...
1164 1752 1345 1840 (Loquitur
1358 1749 1464 1816 lulius
1480 1751 1570 1816 Civi-

332 1856 387 1943 lis)
407 1877 414 1922 :
433 1885 448 1916 a
472 1856 586 1944 Nuper
602 1866 691 1922 certe
707 1881 804 1922 caeso
825 1857 990 1936 Quintilio
1007 1858 1095 1922 Varo
1117 1858 1251 1945 pulsam
1271 1859 1485 1924 eGermania
1502 1881 1571 1923 ser-

332 1963 517 2029 vitutem...
539 1992 554 2022 a
574 2001 619 2014 -
641 1965 697 2040 ll',
720 1969 768 2031 18.
792 1965 846 2030 sic
867 1965 900 2027 in
917 1964 1047 2029 Gallias
1062 1966 1330 2054 Germaniasque
1350 1967 1515 2042 intentae,
1542 1967 1570 2030 si

333 2070 501 2136 destinata
526 2072 775 2159 provenissent,
810 2072 1097 2137 validissimarum
1126 2072 1438 2161 ditissimarumque
1459 2073 1570 2137 natio-

333 2201 414 2243 num
436 2202 539 2265 regno
561 2178 770 2245 imminebat.
792 2217 836 2227 —
865 2179 922 2259 lt,
946 2203 996 2268 ¹9·
1031 2181 1234 2245 Batavorum
1248 2188 1282 2245 et
1296 2179 1570 2245 Canninefatium

331 2286 528 2353 cohortes...
550 2296 664 2376 spreto
685 2286 906 2375 (llordeoniol
924 2285 1046 2351 Flacco
1067 2287 1258 2352 inferiorern
1278 2287 1496 2352 Germaniam
1511 2310 1571 2375 pe·

332 2395 449 2472 livere,
466 2403 504 2460 ut
519 2394 630 2483 (luliol
652 2394 752 2459 Civili
772 2395 1004 2482 iungerentur.
1027 2433 1070 2443 —
1092 2394 1150 2474 lV,
1169 2420 1222 2461 αι.
1241 2394 1409 2482 (Batavis)
1424 2396 1571 2481 iungun-

333 2510 387 2568 tur
404 2502 554 2566 Bructeri
584 2502 804 2590 'l'encterique
830 2510 860 2567 et
889 2503 998 2567 excita
1015 2502 1143 2567 nuntiis
1158 2501 1338 2567 Germania
1352 2501 1395 2567 ad
1411 2501 1572 2588 praedam

333 2608 535 2696 famamque.
557 2647 602 2660 -
619 2610 677 2690 ll'‚
700 2611 752 2674 all.
772 2609 843 2674 lllis
858 2609 1008 2674 hibernis
1021 2608 1169 2674 obsideri
1180 2609 1352 2699 premique
1373 2608 1573 2673 Germanias
1604 2671 1608 2678 ,

335 2716 512 2801 Angustus
529 2717 729 2782 crediderat.
756 2755 799 2767 -
821 2715 878 2789 lV,
902 2717 956 2780 28.
987 2716 1035 2782 At
1064 2717 1207 2782 Civilem
1223 2716 1398 2781 immensis
1413 2714 1571 2781 auctibus

331 2822 490 2887 universa
506 2825 685 2888 Germania
708 2822 905 2901 extollebat,
929 2824 1089 2889 societate
1106 2823 1327 2888 nobilissimis
1343 2822 1500 2887 obsidum
1514 2823 1568 2885 lir-

330 2936 462 2995 mata...
485 2929 554 2994 Nec
570 2931 727 3019 quievere
740 2930 830 3004 Vbii,
848 2954 916 3019 quo
931 2931 1043 2996 minus
1067 2930 1209 3019 praedas
1231 2954 1248 2995 e
1264 2930 1445 2996 Germania
1475 2935 1571 3015 pete-

332 3045 418 3116 rent,
437 3036 545 3123 primo
561 3037 739 3124 impune...
771 3075 799 3087 -
822 3037 878 3111 lV,
894 3036 948 3101 31.
969 3038 1060 3101 Haec
1094 3038 1128 3101 in
1141 3037 1322 3101 Germania
1338 3043 1415 3101 ante
1432 3034 1572 3100 Cremo·

333 3164 435 3208 nense
449 3144 612 3231 proelium
627 3153 734 3231 gesta.
756 3181 799 3193 -—
817 3144 873 3220 lV,
893 3145 947 3233 39.
968 3145 1050 3209 Pars
1076 3145 1243 3209 exercitus
1261 3144 1334 3231 (qui
1350 3143 1476 3207 ltomae
1497 3147 1570 3206 crat

335 3248 437 3314 velin
456 3250 578 3336 ltalia),
614 3252 648 3315 in
676 3251 875 3316 Germanias
904 3251 1102 3317 ducebatur.
1135 3290 1178 3300 —
1208 3249 1265 3325 lV,
1300 3253 1355 3339 49.
1388 3248 1569 3327 Quidame

335 3357 526 3423 Vitellianis
559 3359 641 3423 urbe
665 3359 795 3446 profugi
825 3358 1044 3424 ostentabant
1066 3359 1179 3423 Pisoni
1197 3357 1406 3447 (proconsuli
1420 3357 1571 3442 Africae)

335 3474 494 3531 nutantes
514 3465 655 3534 Gallias.
674 3474 826 3553 paratam
842 3468 1071 3531 Germaniam.
1088 3503 1133 3516 -
1145 3466 1202 3542 lt,
1219 3467 1271 3542 54.
1290 3464 1418 3529 audita
1434 3463 1569 3529 interim

335 3596 393 3659 per
409 3572 538 3637 Gallias
568 3574 834 3662 Germaniasque
862 3597 953 3638 mors
971 3573 1097 3638 Vitellii
1114 3573 1345 3660 duplicaverat
1358 3570 1498 3635 bellum.
1526 3608 1570 3618 -

335 3679 392 3753 ll',
411 3679 465 3756 64.
484 3680 609 3766 (Verba
630 3681 757 3745 faciunt
787 3680 941 3745 Tencteri
971 3680 1060 3767 apud
1082 3680 1364 3768 Agrippinenses)
1394 3701 1409 3742 a
1429 3678 1571 3742 ltedisse

335 3809 396 3849 ros
409 3787 442 3850 in
460 3811 582 3874 corpus
603 3811 792 3876 nomenque
812 3788 1014 3852 Germaniae
1028 3786 1265 3851 communibus
1285 3785 1357 3850 deis
1382 3791 1415 3849 et
1436 3784 1571 3871 praeei-

335 3917 401 3980 puo
423 3894 562 3958 deorum
584 3895 685 3959 Marti
700 3902 813 3980 grates
835 3895 967 3980 agimus
986 3920 1014 3958 n.
1030 3931 1075 3944 -
1091 3894 1147 3970 lt,
1167 3918 1219 3981 70·
1244 3893 1293 3957 Ne
1313 3892 1417 3957 'l'utor
1432 3891 1572 3979 quidem

337 4004 519 4066 maturavit
543 4004 748 4089 superiorem
766 4004 968 4068 Germaniae
988 4004 1096 4090 ripam
1111 4010 1144 4066 et
1168 4001 1272 4066 ardua
1289 4000 1428 4088 Alpium
1446 4000 1575 4086 praesi-

335 4107 400 4171 diis
419 4108 587 4173 clanderc.
604 4149 646 4156 -
661 4109 716 4186 ll',
741 4135 793 4196 72.
821 4111 1035 4199 [Loquuntur
1051 4109 1175 4173 milites
1191 4108 1281 4172 avidi
1297 4106 1465 4172 eruendae
1480 4106 1569 4171 colo·
1598 4158 1602 4165 .

322 4325 329 4357 ¹
347 4323 372 4375 bi
387 4340 392 4372 :
408 4324 557 4386 geroianis.
576 4325 651 4373 Gerr.
668 4326 756 4372 llulm.

320 4406 330 4439 ²
347 4404 446 4452 ltirriui
462 4421 467 4453 ;
482 4425 492 4447 ‹-
506 4406 622 4453 Videtur
637 4406 719 4452 saisse
737 4405 894 4453 Gcr'rmmi...
908 4405 979 4452 llicit
995 4406 1157 4452 Germaniae
1172 4403 1395 4450 'l'ransrlicnanac
1407 4403 1510 4461 gentes.
1521 4413 1576 4445 non

289 4486 457 4547 superiorem
477 4486 686 4548 interioremque
703 4487 728 4532 in
746 4486 821 4533 luci-u
839 4485 923 4533 lllieni
941 4486 1007 4546 ripa.
1025 4501 1138 4547 quanin]
1152 4486 1218 4531 tides
1235 4483 1355 4530 nondum
1367 4495 1510 4529 concussa.
1523 4478 1576 4527 Sed

289 4566 434 4614 Germania
453 4567 660 4615 'transrhenana
675 4567 742 4614 nlius
757 4568 828 4628 apud
853 4566 976 4613 Tacitum
998 4568 1158 4613 constanter
1181 4580 1294 4611 numero
1319 4561 1448 4625 singulari
1465 4560 1580 4608 ellertur

290 4650 315 4695 cl
327 4648 396 4694 alter
409 4663 537 4695 nunwrns
554 4649 707 4708 pnninria-
720 4648 901 4694 lloinanorum
916 4647 1094 4693 Germanicas
1106 4647 1147 4692 vel
1161 4646 1208 4692 lias
1219 4649 1244 4692 ct
1255 4646 1395 4706 antiquam
1404 4641 1576 4690 Germaniam

292 4729 514 4790 roiiiplcetitmz..
545 4728 688 4774 Gernmnia
707 4729 817 4790 propria
838 4729 970 4774 immenso
990 4727 1112 4774 locorum
1134 4740 1246 4773 numero
1266 4724 1396 4786 singulari
1420 4722 1579 4769 nurninatur

291 4809 414 4869 exceptis
433 4813 520 4855 trunca
540 4809 656 4862 duolins,
674 4810 724 4855 lroe
747 4812 840 4855 nostro
856 4811 931 4856 etsi.
955 4807 990 4863 15,
1008 4823 1094 4869 neque
1118 4822 1199 4853 causa
1220 4821 1268 4853 rar
1290 4805 1401 4852 Tacitus
1426 4817 1440 4849 u
1465 4816 1579 4849 numero

292 4888 474 4936 multitudinis
492 4889 665 4937 abstinuerit.
688 4889 714 4934 in
735 4888 853 4935 obscuro
871 4890 923 4936 est.
939 4890 1113 4949 tariarpropter
1140 4887 1191 4933 lioc
1210 4887 1268 4933 loeo
1288 4882 1424 4940 Germani,
1441 4897 1494 4930 nun
1514 4883 1580 4930 Ger-

292 4967 398 5016 maniae
419 4970 506 5017 altero
523 4969 705 5025 Germaniam,
724 4984 775 5016 non
796 4967 965 5015 Germanias.
984 4967 1017 5015 ab
1034 4968 1091 5030 ipsa
1111 4968 1231 5015 auctoris
1246 4981 1325 5014 manu
1337 4981 1396 5014 esse
1412 4962 1539 5011 videntur
1555 4977 1580 5014 ι.
