3709 6234
850 875 978 930 APOLLO
1521 873 1558 928 7³

279 998 681 1065 ,trrlrrvstffiuvna
711 1002 790 1077 -ά,
817 1002 871 1076 42.
902 998 1132 1088 Apidiumque
1161 999 1328 1066 Merulam
1358 999 1553 1087 (Tiberius),

318 1106 410 1196 quod
429 1107 463 1171 in
484 1114 559 1171 acta
575 1106 653 1170 Divi
669 1107 816 1194 Augusti
832 1130 901 1171 non
922 1107 1102 1184 iuraverat,
1121 1105 1198 1172 albo
1214 1108 1380 1173 senatorio
1396 1107 1510 1172 erasit.

276 1213 461 1279 Al'lNlVS
482 1213 601 1279 ΤΙΙΙΙΙ.
623 1251 666 1263 -
684 1213 744 1292 ΙΙΙ,
761 1214 815 1302 57.
837 1214 985 1302 Apinius
1000 1214 1077 1278 Tiro
1099 1215 1405 1303 practuralunetus
1428 1237 1466 1279 ae
1487 1220 1557 1279 tum

319 1321 405 1387 lorte
426 1321 609 1386 Minturnis
624 1344 728 1407 agens
744 1321 864 1387 ducem
881 1346 916 1387 se
939 1320 1166 1387 defectoribus
1187 1322 1320 1402 (classis
1344 1321 1559 1408 Misenensis)

319 1428 455 1495 obtulit.
480 1469 519 1480 -
546 1429 606 1503 ΙΙΙ,
643 1428 696 1518 76.
736 1429 866 1494 Paucos
895 1436 973 1494 ante
1002 1429 1074 1493 dies
1115 1428 1319 1494 discesserat
1350 1427 1558 1516 (Tarracina)

322 1537 469 1625 Apinius
483 1536 561 1601 Tiro
576 1536 742 1625 donisque
762 1560 800 1601 ac
822 1536 973 1624 pecuniis
996 1536 1113 1601 acerbe
1134 1559 1193 1623 per
1217 1535 1399 1624 municipia
1419 1535 1560 1623 conqui-

320 1643 435 1709 rendis
450 1643 527 1732 plus
544 1644 690 1709 invidiae
704 1667 805 1733 quam
821 1643 944 1708 virium
964 1642 1117 1731 partibus
1132 1643 1289 1709 addebat.

276 1749 416 1816 APlON
431 1750 452 1815 ¹.
469 1787 515 1801 -
533 1752 583 1830 nl,
610 1755 659 1816 18.
685 1750 776 1816 ldem
790 1749 1004 1838 Cyrenenses
1021 1773 1115 1815 reum
1134 1749 1281 1837 agebant
1296 1749 1445 1815 Acilium
1467 1750 1559 1815 Stra·

321 1855 488 1922 bonam...
511 1857 653 1920 missum
669 1856 930 1945 disceptatorem
956 1881 974 1921 a
996 1856 1138 1922 Claudio
1164 1881 1335 1945 agrorum,
1362 1880 1447 1946 quos
1473 1856 1561 1943 regis

320 1962 466 2053 Apionis
481 1962 654 2051 quondam
678 1965 787 2029 avitos
805 1971 838 2029 et
868 1963 993 2052 populo
1020 1964 1172 2029 llomano
1191 1987 1267 2029 cum
1295 1987 1399 2051 regno
1424 1963 1560 2028 relictos

322 2071 498 2160 proximus
519 2070 662 2159 quisque
677 2094 853 2159 possessor
873 2072 1111 2137 invaserant...

282 2178 396 2244 APlS.
414 2217 457 2227 -
472 2177 514 2252 V,
526 2181 559 2255 d.
575 2178 641 2243 Bos
657 2200 791 2267 quoque
811 2178 1007 2244 immolatur
1023 2180 1055 2265 (a
1072 2178 1230 2266 ludaeis),
1248 2178 1407 2267 quoniam
1424 2179 1560 2266 Aegyp-

323 2286 362 2351 tii
382 2286 474 2372 Apin
489 2285 617 2351 colunt.

285 2393 476 2458 Al'OLLO.
499 2431 541 2443 -
559 2418 590 2471 2,
608 2391 662 2469 51).
683 2393 935 2479 (Germanicus)
953 2393 1133 2482 appellit...
1159 2393 1368 2481 Colophona,
1394 2401 1431 2458 ut
1457 2392 1560 2459 Clarii

324 2499 496 2588 Apollinis
510 2499 645 2564 ‹iraculu
660 2507 821 2566 uteretur.
834 2501 982 2574 —.l‚tir.
1000 2500 1176 2589 Ephesii...
1188 2508 1560 2580 memorantes,non,ut

326 2607 450 2694 vulgus
474 2607 637 2686 erederet,
670 2607 810 2672 Dianam
840 2616 943 2696 atque
966 2608 1162 2695 Apollinem
1188 2608 1272 2673 Delo
1298 2609 1458 2696 genitos:
1485 2630 1559 2672 esse

327 2714 415 2802 apud
440 2739 475 2779 se
500 2715 703 2780 Cenchrium
728 2738 874 2792 amnem,
903 2716 1015 2781 lucum
1048 2717 1237 2803 Ortygiam.
1266 2716 1324 2780 ubi
1350 2716 1556 2782 Latonam...

325 2820 472 2886 edidisse
491 2847 529 2887 ea
559 2822 755 2897 numina...
781 2831 880 2911 atque
906 2824 1017 2911 ipsum
1041 2823 1109 2887 illie.
1137 2822 1329 2910 Apollinem
1360 2830 1435 2912 post
1456 2823 1560 2887 inter-

328 2927 433 2993 lectos
449 2929 617 3016 Cyclopas
631 2928 722 2993 lovis
733 2930 816 2994 iram
827 2931 989 2995 vitavisse
1010 2982 1031 2996 ..
1050 2970 1089 2980 -
1107 2933 1137 3011 3,
1150 2930 1203 2996 63.
1221 2930 1415 3018 (Consules,
1427 2953 1503 2994 eum
1517 2929 1560 2995 de

326 3035 394 3100 iure
416 3036 503 3123 asyli
517 3044 673 3122 ageretur
694 3037 726 3100 in
743 3038 877 3124 senatu)
895 3038 1140 3103 rettulerunt...
1160 3039 1366 3125 Zmyrnaeos
1385 3038 1558 3102 oraculum

326 3141 507 3230 Apollinis,
518 3143 613 3207 euius
625 3144 765 3230 imperio
779 3144 995 3209 Stratonicidi
1007 3145 1128 3209 l'eneri
1141 3144 1303 3233 templum
1315 3144 1527 3210 dicaverint...
1536 3197 1558 3220 .,

327 3249 488 3315 referre...
523 3250 682 3337 Pmpiora
713 3250 920 3316 Sardianos:
959 3251 1144 3315 Alexandri
1177 3251 1314 3315 victoris
1344 3251 1376 3314 id
1407 3257 1558 3324 donum:

328 3379 433 3445 neque
454 3357 565 3421 minus
581 3355 733 3422 Milesios
745 3358 854 3422 llareo
865 3382 944 3444 rege
961 3358 1042 3428 niti:
1060 3358 1119 3422 sed
1135 3357 1247 3424 eultus
1268 3358 1443 3422 numinum
1459 3359 1560 3423 utris-

328 3487 389 3551 que
400 3464 544 3529 llianam
557 3472 615 3529 aut
625 3464 820 3553 Apollinem
834 3465 1032 3530 venerandi.
1043 3506 1084 3515 -
1096 3468 1127 3544 A,
1137 3465 1191 3530 55.
1204 3466 1340 3553 Ephesii
1354 3465 1557 3554 Milesiique,

328 3570 357 3634 hi
372 3571 556 3659 Apollinis,
575 3572 622 3635 illi
640 3571 765 3636 Dianae
792 3573 994 3637 caerimonia
1019 3574 1237 3661 occupavisse
1257 3573 1411 3637 civitates
1431 3573 1559 3638 visi.—

332 3702 378 3754 12,
391 3702 443 3744 22.
461 3678 691 3767 Agrippina...
711 3679 999 3744 moliturerimina
1015 3688 1048 3744 ct
1068 3688 1311 3750 accusatorem.
1332 3680 1389 3768 qui
1414 3679 1560 3746 obiceret

331 3785 469 3850 ¹Lolliae
486 3785 703 3873 Paulinae)...
728 3786 1013 3872 interrogatum...
1036 3787 1205 3875 Apollinis
1225 3786 1325 3851 Clarii
1342 3786 1560 3852 simulacrum

331 3915 429 3980 super
443 3893 570 3981 nuptiis
586 3893 810 3980 imperatoris.
828 3932 869 3941 -
902 3918 950 3972 12,
977 3894 1031 3963 63.
1050 3895 1216 3981 (Graecis)
1242 3893 1401 3980 Pythium
1431 3886 1561 3981 Apolli-

331 4024 405 4066 nem
421 4000 689 4079 consulentibus,
711 3999 767 4064 ubi
782 4000 967 4066 conderent
980 4000 1110 4080 urbem,
1124 4001 1292 4066 redditum
1308 4002 1479 4065 oraculum
1495 4008 1559 4083 est,

330 4115 525 4196 quaererent
543 4107 658 4173 sedem
673 4130 848 4173 caecorum
865 4108 963 4172 terris
978 4108 1197 4173 adversam...
1218 4146 1262 4159 -
1280 4110 1330 4186 14,
1350 4110 1401 4185 r).
1424 4108 1562 4196 (loqui-

332 4222 383 4281 tur
411 4216 513 4300 Nero)
546 4244 560 4273 ι(
591 4214 773 4279 Enimvero
811 4221 931 4279 cantus
965 4216 1115 4303 Apollini
1147 4239 1270 4293 sacros,
1292 4215 1418 4304 talique
1441 4222 1561 4279 ‹irrralu

333 4323 463 4387 adstare
480 4345 545 4385 non
563 4321 662 4385 modo
682 4322 820 4387 Graecis
836 4323 867 4385 in
889 4321 1042 4399 urbibus,
1066 4323 1125 4386 sed
1146 4324 1298 4387 ltomana
1320 4322 1408 4410 apud
1435 4323 1561 4409 ternpla

333 4454 453 4496 numen
475 4431 691 4517 praecipuum
705 4437 739 4494 et
755 4430 955 4516 praescium.
978 4469 1020 4477 —
1044 4430 1069 4502 Ι,
1089 4452 1144 4517 27.
1172 4430 1379 4495 Saeriticanti
1402 4454 1460 4517 pro
1482 4429 1563 4494 aede

332 4537 500 4626 Apollinis
516 4536 654 4601 Galbae.
672 4574 716 4587 -
736 4536 854 4613 lll‚6;'›.
872 4535 1024 4621 (Flavius
1036 4536 1182 4601 Sabinus
1193 4545 1226 4601 et
1238 4537 1395 4601 Vitellius
1416 4537 1457 4601 de
1472 4537 1564 4625 pacis

332 4643 599 4731 condicionibus)
618 4643 650 4706 in
672 4642 753 4707 aede
780 4644 963 4730 Apollinis,
985 4652 1022 4709 ut
1043 4644 1129 4708 lama
1153 4643 1228 4714 luit.
1252 4644 1420 4732 pepigere.
1443 4680 1487 4693 -
1503 4644 1561 4724 ll',

334 4752 651 4836 81.(l'tolemaeus),
665 4750 723 4838 qui
738 4750 961 4815 Macedonum
978 4752 1106 4839 primus
1124 4751 1271 4837 Aegypti
1284 4775 1364 4838 opes
1375 4752 1561 4816 lirmavit...

327 4993 333 5025 ¹
350 4991 519 5044 Ptolemaeus
538 4996 635 5057 Apion,
652 4995 751 5046 Parum.
770 4995 793 5048 o,
810 4992 855 5054 237
872 4996 897 5040 et
916 4993 969 5038 225.
