3709 6234
872 877 991 930 Aluum
1541 874 1573 929 ll

335 1002 462 1070 clausis
476 1001 618 1083 loribus,
635 1002 713 1090 igne
727 1000 852 1067 iniecto
866 1023 1072 1066 cremavere.
1089 1041 1132 1051 -
1148 1003 1186 1069 G.
1197 1003 1250 1068 28.
1262 1000 1318 1067 Ne
1334 999 1411 1065 Vbii
1425 1000 1574 1090 quidem,

334 1133 542 1200 quamquam
558 1109 713 1174 Romana
723 1107 857 1174 colonia
872 1130 948 1174 esse
963 1109 1151 1174 meruerint
1164 1132 1202 1175 ac
1217 1108 1379 1175 libentius
1414 1107 1576 1197 Agrippi-

337 1240 460 1284 nenses
475 1217 662 1283 conditoris
681 1215 733 1280 sui
749 1216 885 1281 nomine
901 1222 1067 1282 vocentur
1079 1215 1130 1282 ¹...

289 1323 585 1401 AGfflPPles,
605 1348 638 1391 v.
654 1320 883 1389 PACONIVS
899 1322 1190 1389 AGRlPPlNVS.

289 1432 366 1500 CN.
385 1431 701 1499 AHENOBAHBV
704 1431 739 1510 S,
757 1455 790 1497 v.
809 1430 880 1496 CN.
898 1429 1129 1496 DOMITIVS.

291 1538 504 1606 ALANL-
518 1540 558 1620 F,
573 1564 605 1628 7.
622 1538 807 1627 (Maximus
823 1536 901 1602 illas
917 1536 1095 1625 Scythicas
1111 1545 1273 1624 gentes...
1285 1537 1480 1604 alexandro
1496 1562 1578 1627 quo·

338 1670 404 1736 que
418 1646 468 1711 illi
482 1646 621 1734 Magno,
632 1646 721 1712 sicut
734 1645 918 1734 Pompeius
933 1645 1181 1735 Corneliusque
1210 1646 1327 1711 testati
1359 1654 1451 1729 sunt,
1470 1647 1577 1712 evita-

339 1765 447 1833 tas...,
469 1753 533 1819 hoe
546 1761 598 1820 est
611 1752 754 1832 AlanoS,
773 1753 892 1819 Hunos
912 1760 945 1818 et
965 1753 1154 1840 Gothos...)

291 1866 303 1886 '
326 1860 583 1943 ALAZARVS,
600 1885 634 1927 v.
654 1859 898 1926 ELEAZARV
901 1860 936 1927 S.

292 1968 493 2035 .l1.BA.-
512 1991 562 2048 ιι,
580 1970 633 2044 nl.
651 1967 833 2057 (Loquitur
844 1965 1023 2054 Claudius)
1043 1986 1050 2033 :
1070 1996 1085 2029 «
1104 1967 1222 2056 Neque
1238 1968 1328 2033 enim
1339 1967 1458 2054 ignoro
1475 1968 1580 2035 lulios

341 2075 474 2143 Alba...
496 2075 634 2143 accitos.
656 2104 672 2136 »

293 2184 499 2265 ALBANA,
516 2182 597 2249 VM.
619 2221 663 2231 -
683 2184 731 2261 15,
751 2182 805 2261 43.
822 2181 925 2270 (Nero
945 2182 1067 2264 iussit),
1090 2183 1343 2250 uti...aedilicia
1360 2185 1452 2273 (post
1466 2186 1581 2251 incen-

339 2294 434 2360 dium
444 2291 777 2378 exstructa)...certa
796 2291 849 2355 sui
863 2297 958 2378 parte
975 2290 1047 2355 sine
1064 2283 1223 2356 trabibus
1234 2315 1316 2357 saxo
1332 2292 1464 2359 Gabino
1475 2292 1582 2359 Alba·

341 2424 427 2466 nove
447 2399 687 2480 solidarentur,
705 2398 797 2487 quod
813 2397 841 2462 is
857 2397 946 2486 lapis
961 2397 1099 2485 ignibus
1115 2398 1301 2486 impervius
1316 2409 1378 2467 est.
1397 2439 1441 2452 —
1459 2401 1505 2482 A,
1523 2399 1580 2478 45.

341 2507 507 2573 Adhuc...
526 2506 614 2571 intra
629 2504 799 2571 Albanam
815 2528 925 2571 arcem
942 2505 1111 2570 sententia
1126 2504 1303 2573 Messalini
1324 2509 1508 2597 strepebat.

298 2613 471 2682 ALBANl
501 2613 632 2703 (ltaliae
660 2612 894 2702 populus).—
927 2616 961 2691 cl,
993 2638 1024 2700 t).
1057 2613 1172 2679 Funus
1199 2616 1319 2703 (Drusi
1348 2616 1472 2682 Tiberii
1507 2617 1581 2704 lilii)

342 2722 531 2809 imaginum
546 2744 670 2810 pompa
687 2721 832 2786 maxime
852 2719 995 2785 inlustre
1016 2718 1090 2797 suit,
1106 2743 1185 2786 cum
1213 2722 1308 2809 origo
1338 2722 1442 2790 Iuliae
1471 2725 1583 2811 gentis

344 2831 479 2896 Aeneas
491 2851 676 2917 omnesque
690 2827 901 2893 Albanorum
915 2851 1052 2915 reges...
1070 2836 1314 2916 spectarentur.

301 2937 473 3005 ALBANI
491 2938 607 3024 (Asiae
621 2936 795 3026 populus).
811 2976 854 2985 —
875 2961 906 3017 2,
924 2936 980 3002 68.
998 2938 1199 3005 Vonones...
1216 2940 1363 3026 effugere
1384 2940 1426 3005 ad
1456 2942 1585 3006 Arme-

345 3046 529 3130 nios,inde
548 3044 745 3112 Albanos..
778 3051 921 3109 conatus
953 3051 1016 3109 est.
1046 3083 1090 3094 -
1113 3047 1192 3124 45.
1212 3045 1426 3134 (Provinciae
1451 3048 1583 3136 Suriae)

345 3154 470 3222 accolis
487 3153 613 3220 Hibero
628 3153 833 3242 Albanoque
849 3160 882 3218 et
898 3151 974 3218 aliis
985 3151 1133 3240 regibuS,
1145 3151 1203 3240 qui
1219 3154 1453 3241 magnitudine
1469 3160 1585 3219 nostra

347 3269 573 3352 proteguntur
593 3261 774 3328 adversum
799 3269 940 3326 externa
966 3260 1119 3349 imperia.
1141 3299 1184 3310 -
1200 3261 1232 3341 6,
1252 3261 1306 3326 33.
1339 3262 1586 3328 Pharasmanes

348 3371 544 3457 adiumgere
581 3368 750 3449 Albanos,
768 3367 876 3432 accire
905 3365 1123 3433 Sarmatas...
1142 3367 1346 3458 (Sarmatae)
1360 3369 1419 3458 qui
1450 3370 1586 3435 Parthis

348 3475 591 3554 adventabant,
609 3474 707 3540 facile
730 3474 944 3554 arcebantur,
962 3499 1040 3540 cum
1068 3474 1153 3541 alios
1170 3476 1324 3540 incessus
1354 3477 1464 3543 hostis
1492 3476 1585 3543 clau-

350 3585 461 3664 sisset,
480 3606 585 3649 unum
599 3581 766 3671 reliquum
782 3606 875 3649 mare
891 3583 978 3648 inter
992 3591 1026 3648 ct
1039 3590 1210 3648 extremos
1226 3582 1438 3649 Albanorum
1454 3592 1587 3651 montes

350 3700 461 3758 aestas
480 3690 700 3780 impediret...
718 3728 758 3739 -
778 3691 873 3771 VM·
893 3690 1011 3756 lliberi
1025 3689 1219 3779 Albanique
1246 3690 1416 3757 saltuosos
1432 3691 1526 3758 locos
1537 3693 1587 3758 in-

351 3800 501 3867 colentes
517 3798 661 3864 duritiae
677 3797 924 3888 patientiaeque
944 3798 1053 3888 magis
1064 3798 1242 3863 insuevere
1257 3797 1371 3886 (quam
1388 3799 1532 3886 Parthi).
1544 3838 1588 3849 —

353 3907 384 3988 6,
401 3907 657 3995 35.1amqueet
674 3904 800 3971 Albani
817 3906 1001 3995 lliberique
1016 3928 1186 3993 prensare,
1200 3905 1391 3988 detrudere,
1407 3907 1588 3995 ancipitem

354 4037 503 4104 pugnam
524 4012 681 4078 hostibus
711 4014 830 4077 lacere.
851 4049 896 4063 -
919 4036 971 4092 12,
1001 4011 1056 4089 45.
1088 4011 1337 4079 Pharasmanes
1364 4014 1445 4080 belli
1470 4038 1589 4080 causas

355 4123 532 4207 (adversus
547 4120 794 4209 Mithridatem)
812 4121 976 4207 contingit
994 4140 1001 4187 :
1020 4118 1198 4207 proelianti
1215 4120 1279 4186 sibi
1297 4122 1460 4187 adversus
1474 4146 1587 4210 rogem

355 4230 567 4297 Albanorum
582 4235 616 4294 et
634 4228 804 4294 Romanos
819 4227 947 4293 auxilio
973 4229 1108 4293 vocanti
1141 4229 1279 4294 fratrem
1299 4230 1528 4295 adversatum.
1546 4271 1589 4280 -

361 4339 410 4417 13,
429 4340 467 4416 (r
478 4390 485 4404 .
497 4336 739 4426 Exploratores
755 4335 900 4402 attulere
912 4334 1129 4426 (Corbuloni)
1142 4337 1367 4426 longinquum
1383 4339 1473 4425 regis
1490 4338 1590 4425 (Tiri-

357 4445 460 4533 datis)
476 4446 540 4511 iter
558 4452 592 4510 et
606 4444 698 4510 Medi
714 4467 756 4509 an
772 4443 898 4510 Albani
909 4450 1105 4532 peterentur
1119 4444 1412 4524 incertum.-l,6.
1430 4445 1533 4512 Multi
1548 4446 1590 4511 ad

359 4554 422 4620 hoc
447 4554 608 4618 numerie
624 4552 806 4619 Germania
821 4575 859 4617 ac
877 4553 1049 4617 Britannia
1067 4560 1101 4618 et
1115 4552 1262 4641 Illyrico,
1281 4578 1367 4642 quos
1396 4552 1485 4619 idem
1501 4554 1590 4620 Nero

357 4661 483 4728 electos
502 4661 775 4750 praemissosque
790 4660 832 4726 ad
848 4660 999 4728 claustra
1011 4661 1211 4749 Caspiarum
1231 4669 1264 4728 et
1282 4660 1423 4738 bellum,
1441 4662 1532 4751 quod
1555 4663 1589 4728 in

357 4766 510 4833 Albanos
525 4767 677 4856 parabat,
694 4767 926 4858 opprimendis
942 4769 1096 4834 Vindicis
1112 4771 1240 4858 coeptis
1255 4778 1485 4838 revocaverat.

347 5000 356 5040 l
374 4999 409 5056 V.
426 5002 509 5053 etiem
523 5000 584 5051 Vsu
