3709 6234
345 845 398 899 ⁴370
513 847 529 877 ⁹
912 851 1061 906 Ttuemvs

390 991 485 1058 loret.
508 1030 550 1040 ·-
566 994 597 1072 3,
614 994 667 1058 35.
697 993 855 1057 Proximo
872 1002 1010 1059 senatus
1025 993 1079 1058 die
1095 993 1247 1058 Tiberius
1263 1016 1322 1081 per
1352 992 1496 1070 litteras,
1525 995 1639 1059 casti-

387 1100 475 1184 gatis
495 1099 631 1189 oblique
646 1099 808 1187 patribus,
824 1100 1047 1189 quodeuncta
1068 1124 1225 1166 curarum
1241 1100 1284 1167 ad
1314 1101 1500 1190 principem
1523 1101 1638 1167 reice-

389 1213 475 1287 rent,
494 1206 551 1271 Μ’.
570 1206 735 1296 Lepidum
758 1215 791 1271 et
811 1206 945 1271 lunium
968 1206 1126 1272 Blaesum
1156 1207 1357 1286 nominavit,
1388 1231 1429 1272 ex
1459 1208 1538 1296 quis
1570 1232 1638 1296 pro

387 1314 526 1378 consule
540 1315 673 1379 Africae
688 1314 868 1401 legeretur.
884 1352 928 1363 -
940 1315 971 1395 3,
992 1314 1045 1379 36.
1065 1313 1288 1379 Incedebat...
1307 1314 1490 1380 deterrimo
1503 1317 1636 1405 cuique

384 1421 520 1486 licentia
539 1422 676 1509 impune
691 1421 814 1510 probra
830 1428 863 1486 et
879 1421 1041 1486 invidiam
1073 1423 1107 1486 in
1142 1421 1249 1486 bonos
1284 1422 1454 1488 excitandi
1490 1431 1635 1511 arrepta

386 1530 533 1615 imagine
553 1528 718 1595 Caesaris.
735 1569 777 1578 —
793 1530 824 1606 3,
844 1530 896 1594 38.
916 1528 1093 1594 Nonenim
1109 1528 1275 1603 Tiberius,
1309 1552 1375 1595 non
1407 1538 1634 1596 accusatores

387 1636 629 1702 fatiscebant...
652 1636 775 1702 Caesar
799 1636 985 1701 Antistium
1003 1636 1217 1714 Veterem...
1235 1636 1429 1702 absolutum
1449 1637 1631 1718 adulterii,

386 1745 559 1833 increpitis
573 1743 740 1809 iudicibus
753 1744 795 1808 ad
811 1743 989 1809 dicendam
1011 1745 1198 1810 maiestatis
1231 1768 1367 1810 causam
1397 1746 1552 1811 retraxit.
1585 1783 1634 1795 -

386 1853 489 1930 3,άι.
508 1851 693 1916 Consultus
713 1874 867 1939 supereo
883 1850 1037 1916 Tiberius
1070 1860 1271 1941 aspernatus
1291 1859 1343 1918 est
1375 1850 1541 1917 indicium
1566 1852 1632 1939 (de
1678 1927 1686 1944 ι

384 1960 576 2042 Sacroviro)
590 1959 739 2047 aluitque
752 1958 962 2024 dubitatione
978 1959 1116 2027 bellum.
1143 1997 1188 2010 -
1207 1958 1238 2034 3,
1253 1962 1306 2037 ‘ll-
1322 1959 1479 2045 (Itomae,
1507 1960 1632 2025 audita

385 2066 573 2132 Galliarum
593 2066 789 2154 rebellione)
815 2066 955 2133 multi...
983 2067 1244 2155 increpabant...
1275 2067 1458 2148 Tiberium,
1476 2067 1570 2156 quod
1594 2068 1631 2133 in

387 2181 607 2241 tantorerum
633 2182 725 2239 motu
757 2174 881 2239 libellis
918 2184 1151 2240 accusatorum
1182 2175 1368 2240 insumeret
1400 2198 1551 2262 operam.
1585 2214 1633 2226 —-

388 2281 419 2358 3,
457 2285 509 2370 47.
549 2283 634 2346 Tum
671 2281 808 2347 demum
850 2281 1004 2347 Tiberius
1042 2290 1154 2349 ortum
1178 2360 1181 2366 ι
1201 2290 1439 2370 patratumque
1490 2281 1629 2347 bellum

386 2388 434 2474 (in
468 2389 591 2476 Gallia)
622 2396 741 2453 senatu
769 2390 945 2476 scripsit...
987 2389 1093 2476 lgitur
1122 2398 1257 2454 secutae
1293 2388 1447 2454 Caesaris
1471 2388 1627 2466 litterae,

386 2495 508 2585 quibus
536 2519 571 2560 se
597 2519 663 2559 nan
688 2503 758 2561 tarn
781 2518 925 2560 vacuum
947 2496 1054 2583 gloria
1074 2495 1302 2585 praedicabat,
1324 2503 1363 2561 ut
1381 2503 1459 2583 post
1484 2494 1631 2561 ferocis-

387 2604 490 2668 simas
504 2611 621 2691 gentes
632 2602 849 2691 perdomitas,
860 2611 912 2668 tot
925 2610 1079 2692 receptos
1091 2604 1125 2668 in
1140 2605 1277 2669 iuventa
1288 2610 1347 2669 aut
1363 2611 1494 2692 spretos
1506 2605 1632 2669 trium·

388 2711 485 2799 phos.
517 2711 583 2775 iam
615 2710 728 2775 senior
755 2711 1036 2798 peregrinationis
1067 2710 1280 2777 suburbanae
1305 2711 1404 2777 inane
1432 2710 1630 2798 praemium

385 2818 607 2904 (ovationem)
629 2824 768 2906 peteret.
788 2856 827 2868 -
840 2818 870 2895 3,
889 2819 942 2894 48.
961 2818 1144 2907 (Sulpicius
1156 2819 1341 2906 Quirinius)
1353 2820 1493 2885 datus...
1512 2828 1631 2885 rector

387 2925 425 2992 C.
444 2926 579 2991 Caesari
600 2924 798 2989 Armeniam
813 2923 980 2990 obtinenti
999 2925 1169 2990 Tiberium
1186 2950 1319 3014 quoque
1336 2925 1446 2990 llhodi
1462 2935 1629 3014 agentem

386 3033 546 3116 coluerat.
569 3072 612 3081 —
629 3033 660 3111 3,
683 3034 738 3120 49.
766 3032 956 3097 Clutorium
983 3033 1179 3099 Priscum...
1207 3041 1284 3122 post
1312 3032 1441 3099 celebre
1470 3057 1626 3115 carmen,

383 3165 450 3230 quo
465 3140 657 3205 Germanici
675 3163 830 3227 suprema
851 3139 1045 3223 defleverat,
1059 3142 1199 3229 pecunia
1217 3140 1378 3205 donatum
1395 3165 1413 3204 a
1428 3140 1624 3209 Caesare...

383 3289 424 3299 -
446 3247 478 3329 3,
497 3247 550 3312 51.
574 3248 744 3312 Ductus...
764 3247 797 3312 in
822 3269 988 3313 carcerem
1006 3248 1142 3312 Priscus
1158 3272 1195 3312 ac
1211 3248 1325 3313 statim
1341 3248 1568 3314 exanimatus.
1588 3249 1628 3312 ld

383 3356 535 3420 'libarius
552 3354 662 3418 solitis
675 3354 738 3419 sibi
755 3354 956 3442 ambagibus
972 3356 1059 3443 apud
1076 3364 1230 3420 senatum
1246 3356 1453 3422 incusavit...
1469 3355 1538 3419 Sed
1555 3380 1627 3421 non

382 3464 513 3528 senatui
534 3463 672 3526 libertas
695 3462 736 3525 ad
761 3461 1001 3549 paenitendum
1027 3471 1108 3539 erat,
1138 3487 1245 3551 neque
1266 3463 1420 3527 'liberius
1442 3463 1625 3528 interiectu

384 3572 543 3658 temporis
570 3569 798 3654 mitigabatur.
834 3609 878 3619 —
907 3569 939 3638 3.
969 3569 1022 3635 52.
1047 3570 1212 3640 liberius.
1236 3595 1334 3657 saepe
1355 3570 1443 3656 apud
1455 3595 1492 3648 sc
1507 3572 1627 3656 pensi—

381 3688 505 3753 tate...‚
527 3684 696 3765 postremo
712 3676 842 3740 litteras
861 3676 902 3739 ad
924 3684 1077 3741 senatum
1098 3679 1289 3765 coiriposuit
1304 3677 1359 3763 (de
1375 3677 1475 3740 luxus
1491 3679 1625 3741 coerci-

381 3788 495 3871 tione).
520 3823 556 3832 -—
587 3785 618 3853 3,
638 3785 691 3849 55.
716 3784 851 3846 ,luditis
868 3784 1021 3848 Caesaris
1041 3784 1163 3848 litteris
1185 3785 1325 3848 remissa
1343 3783 1511 3848 aedilibus
1538 3785 1623 3848 talis

380 3918 470 3958 eura.
494 3931 535 3939 —
557 3890 587 3967 3,
608 3891 661 3955 56,
681 3890 834 3953 'liberius
862 3891 949 3953 lama
976 3892 1217 3955 moderationis
1244 3900 1351 3978 parta,
1379 3891 1470 3978 quod
1502 3891 1624 3978 ingru-

381 4011 476 4065 entes
504 4007 716 4062 accusatores
746 4006 964 4084 represserat,
1000 3998 1104 4062 mittit
1138 3998 1267 4063 litteras
1298 3998 1338 4062 ad
1359 4007 1525 4075 senatum,
1544 4000 1625 4086 quis

382 4115 581 4195 potestatem
604 4104 818 4169 tribuniciam
840 4104 950 4168 Druso
972 4106 1147 4192 paciebat...
1175 4108 1393 4192 Angustus...
1422 4105 1620 4172 llarcum...

382 4215 569 4302 Agrippam
586 4213 713 4275 socium
730 4213 802 4274 eius
817 4213 1006 4297 potcstatis
1020 4213 1254 4300 quodeluneto
1266 4213 1435 4276 'liberium
1450 4212 1622 4277 Neronem

383 4322 520 4407 delegit,
539 4344 580 4384 ne
594 4343 767 4383 successor
783 4319 815 4381 in
830 4319 958 4383 incerto
977 4320 1099 4384 foret...
1127 4320 1313 4384 Modestiae
1331 4320 1474 4383 Neronis
1489 4328 1522 4383 et
1537 4343 1621 4385 suae

382 4427 609 4514 magnitudini
631 4426 765 4491 lidebat.
794 4427 867 4504 Quo
896 4435 975 4491 tunc
1002 4427 1156 4513 exemplo
1181 4427 1333 4490 'liberius
1363 4427 1511 4489 Drusum
1527 4450 1621 4491 sum·

383 4562 455 4602 mue
472 4536 519 4599 rei
539 4534 699 4602 admovit.
730 4556 806 4596 cum
831 4533 991 4597 incolumi
1015 4537 1026 4593 t
1033 4536 1215 4599 iermanico
1237 4535 1405 4620 integrum
1427 4534 1514 4598 inter
1532 4533 1622 4599 duos

382 4645 541 4710 iudicium
554 4642 731 4706 tenuisset.
749 4678 793 4691 -
809 4641 840 4720 3,
870 4644 921 4729 59.
945 4640 1109 4717 Tiberius
1136 4642 1239 4706 dilata
1257 4642 1392 4706 notione
1408 4640 1450 4705 de
1465 4640 1534 4704 iure
1553 4643 1621 4707 lla-

380 4753 492 4819 rninis,
531 4749 682 4813 decretas
716 4748 759 4811 ob
780 4748 993 4812 tribuniciam
1030 4750 1129 4813 l)rusi
1161 4757 1364 4837 potestatem
1395 4748 1620 4813 caerimonias

382 4858 621 4947 temperavit...
653 4893 696 4908 -
726 4856 757 4927 3,
789 4855 842 4919 bo.
877 4856 1030 4920 Tiberius
1057 4858 1124 4919 rim
1160 4858 1368 4943 principatus
1384 4854 1447 4918 sibi
1464 4855 1618 4934 lirmans,

382 4968 561 5054 imaginem
579 4963 792 5051 antiquitatis
812 4964 944 5029 senatui
969 4964 1161 5051 praebebat.
1181 4964 1350 5051 postulata
1367 4963 1620 5050 provinciarum
