3709 6234
285 869 338 924 268
764 873 878 927 rabit-'s
898 873 1060 928 fanvttvs

330 1014 431 1079 simul
455 1014 647 1080 albentibus
676 1016 807 1103 spumis
826 1016 861 1081 in
878 1015 1018 1082 modum
1045 1014 1246 1082 diadematis
1265 1014 1400 1079 sinuare
1423 1011 1562 1079 orbes...

331 1120 588 1209 Ornospades...
615 1122 804 1210 praefectus
828 1124 969 1211 campis,
991 1123 1049 1212 qui
1071 1122 1242 1211 Euphrate
1258 1128 1292 1186 et
1307 1120 1408 1207 Tigre
1429 1118 1567 1186 inclutis

331 1228 486 1293 amnibus
501 1230 687 1294 circumflui
703 1231 969 1318 Mesopotamiae
988 1253 1113 1296 nomen
1136 1235 1350 1317 acceperunt.
1369 1265 1411 1276 -
1434 1249 1488 1304 ια,
1515 1250 1563 1294 ιι.

332 1337 499 1403 llatum...
523 1336 561 1402 C.
580 1336 711 1416 Cassio,
727 1339 785 1426 qui
806 1337 924 1404 Suriae
946 1346 1110 1426 praeerat,
1133 1337 1297 1403 deducere
1316 1333 1566 1422 (Meherdaten)

316 1444 439 1531 ,ripam
455 1443 496 1508 ad
512 1444 706 1531 Euphratis.
723 1484 768 1497 —
792 1446 842 1527 13,
859 1471 891 1535 7.
914 1445 1044 1513 Nero...
1066 1445 1200 1511 iubet...
1218 1450 1340 1533 pontes
1358 1465 1418 1532 per
1432 1464 1566 1508 amnem

332 1551 528 1638 Euphraten
542 1552 648 1639 iungi.
662 1589 708 1603 -
731 1556 781 1632 id,
802 1554 855 1619 25.
884 1553 1044 1642 (Legatos
1069 1551 1319 1640 llyrcanorum)
1339 1550 1567 1638 regredientes

332 1657 493 1734 Corbulo,
512 1681 553 1723 ne
567 1659 760 1747 Euphraten
776 1662 979 1748 transgressi
995 1661 1144 1727 hostium
1158 1657 1391 1746 (Parthorum)
1402 1656 1566 1723 custodiis

332 1765 668 1844 circumvenirentur,
686 1767 764 1833 dato
786 1768 955 1856 praesidio
978 1768 1021 1833 ad
1041 1768 1139 1834 litora
1162 1765 1266 1832 maris
1285 1764 1393 1832 Bubri
1411 1764 1563 1832 deduxit.

333 1911 376 1922 -
408 1872 457 1954 15,
480 1872 511 1939 3.
538 1873 714 1962 (Corbulo)
738 1875 883 1964 reliquas
909 1876 1061 1962 legiones
1080 1898 1140 1963 pro
1163 1875 1235 1961 ripa
1259 1873 1444 1962 Euphratis
1463 1871 1563 1938 locat.

333 2021 376 2032 -
400 1981 451 2061 15,
470 2006 501 2070 7.
524 1981 761 2068 (Caesennius)
782 1983 947 2050 Paetus...
968 1983 1101 2050 duabus
1115 1981 1347 2070 legionibus...
1369 1981 1566 2046 Armeniam

335 2090 437 2154 intrat
458 2089 546 2154 tristi
571 2090 695 2155 omine.
722 2090 808 2155 Nam
832 2091 867 2155 in
891 2099 1106 2178 transgressu
1130 2089 1325 2178 Euphratis,
1348 2111 1451 2177 quern
1466 2093 1566 2176 ponte

335 2195 608 2263 tramittebant...
627 2237 671 2246 —
703 2198 753 2282 15,
778 2224 810 2288 9.
835 2198 974 2264 Interim
996 2197 1144 2264 Corbulo
1170 2219 1355 2286 numquam
1377 2195 1566 2284 neglectam

335 2304 517 2392 Euphratis
531 2306 638 2393 ripam
654 2304 878 2372 crebrioribus
897 2305 1074 2394 praesidiis
1088 2305 1253 2372 insedit...
1269 2324 1277 2386 3
1294 2303 1372 2370 dein
1391 2325 1478 2392 pons
1491 2325 1567 2369 con·

337 2413 528 2479 tinuatus..
549 2450 588 2461 —
615 2412 664 2494 15,
692 2437 742 2480 12.
766 2413 985 2501 (Corbulo)...
1010 2421 1105 2502 parte
1125 2413 1298 2501 copiarum
1322 2409 1413 2498 apud
1434 2410 1566 2477 Suriam

336 2519 463 2596 relicta,
481 2527 518 2585 ut
544 2521 753 2586 munimenta
781 2521 944 2607 Euphrati
973 2521 1132 2609 imposita
1148 2520 1384 2587 retinerentur.
1406 2569 1430 2600 .,
1447 2518 1568 2583 Arme·

335 2627 410 2691 nios
431 2626 562 2713 petivit.
586 2665 629 2676 -
660 2629 707 2700 ιδ,
745 2627 794 2693 ι6.
826 2627 975 2692 Corbulo
1003 2650 1081 2693 cum
1108 2628 1179 2692 suis
1205 2627 1312 2714 copiis
1341 2625 1433 2714 apud
1461 2626 1568 2714 ripam

336 2732 518 2819 Euphratis
533 2732 653 2797 obvius
671 2733 827 2822 (lugienti
838 2735 969 2822 Paeto).
989 2772 1030 2784 -
1044 2734 1094 2816 15,
1116 2759 1164 2824 ¹7·
1184 2732 1365 2822 Vologaesi
1380 2731 1423 2799 ad
1439 2731 1566 2798 Corbu-

336 2838 450 2903 lonem
466 2839 560 2903 missi
575 2841 696 2919 nuntii,
711 2840 903 2906 detraheret
926 2841 1067 2907 castella
1086 2850 1182 2907 trans
1203 2839 1399 2929 Euphraten
1420 2820 1571 2906 amnem:

337 2968 402 3034 que
417 2953 454 3010 ut
477 2945 570 3023 olim,
590 2945 737 3012 medium
753 2948 917 3016 laceret...
941 2949 1139 3037 Dirutaque,
1161 2970 1247 3038 quae
1262 2947 1462 3034 Euphraten
1481 2945 1569 3012 ultra

338 3053 605 3118 communiverat
623 3052 782 3120 Corbulo.
806 3056 922 3134 -15,
946 3055 998 3122 26.
1018 3054 1182 3141 (Corbulo
1205 3076 1324 3119 omnes
1352 3053 1468 3141 copias
1491 3075 1570 3118 suas

336 3159 510 3246 conduxit)
534 3159 620 3248 apud
646 3160 841 3242 Melitenen,
858 3186 925 3251 qua
941 3162 1128 3228 tramittere
1147 3161 1345 3250 Euphraten
1359 3145 1514 3250 parabat.
1527 3196 1570 3211 -

338 3268 379 3348 V,
404 3291 437 3356 9.
464 3267 536 3331 Bex
553 3267 755 3333 Parthorum
785 3270 931 3336 Pacorus
959 3270 1082 3335 Iudaea
1111 3269 1240 3356 potitus
1268 3267 1569 3356 interfectusquea

338 3375 376 3441 P.
402 3373 570 3450 Ventidio,
589 3383 621 3439 et
638 3376 754 3441 Parthi
767 3385 859 3441 trans
873 3377 1069 3465 Euphraten
1085 3376 1224 3441 redacti.

294 3481 549 3547 EVllIPIDES.
567 3519 612 3532 —
629 3481 667 3548 O.
689 3508 739 3548 ra.
765 3483 888 3548 «Illud
913 3491 1003 3549 certe
1032 3484 1115 3548 mihi
1140 3482 1316 3558 concedes,
1344 3483 1494 3570 Aper,...
1510 3503 1570 3546 nec

339 3587 593 3678 angustioribus
619 3591 769 3655 terminis
802 3591 925 3655 lamam
966 3590 1136 3678 Euripidis
1165 3597 1223 3655 aut
1257 3588 1437 3676 Sophoclis
1470 3611 1570 3678 quarn

340 3697 461 3784 Lysiae
476 3704 534 3762 aut
549 3696 732 3784 Ilyperidis
749 3696 875 3762 includi
893 3722 922 3764 a.

296 3804 493 3870 EVllthA.
510 3843 554 3853 -
582 3827 630 3883 ra,
648 3803 702 3869 63.
725 3805 907 3870 Artissirno
927 3806 1016 3871 inter
1034 3806 1205 3894 Europam
1221 3805 1406 3892 Asiamque
1426 3803 1571 3870 divortio

342 3913 540 3997 Byzantium
555 3913 588 3977 in
608 3920 758 3978 extrema
773 3913 906 4000 Europa
917 3936 1059 4001 posuere
1075 3915 1236 3981 Graeci...

295 4019 354 4106 (Q.
379 4019 388 4043 ⁴
409 4018 638 4105 EV'I'EI'IVS)
666 4018 821 4084 LVSIVS
844 4019 1142 4092 SATVRNINVS.
1165 4046 1197 4088 v.
1217 4019 1373 4087 LVSII'S
1401 4021 1573 4086 SA'I'Vll-

341 4124 488 4193 unus
1440 4105 1447 4117 ’

297 4235 306 4257 “
323 4233 506 4308 EZATES,
523 4256 556 4297 v.
580 4232 750 4300 IZATES.

296 4338 465 4425 (FABIA)
486 4339 773 4418 NVMANIINA,
791 4364 822 4406 v.
841 4340 1118 4407 NVMANTINA

299 4445 539 4526 FABIANVS,
558 4469 590 4511 v.
608 4446 835 4513 VALERIVS
852 4448 1093 4515 FABIANVS.

299 4555 309 4576 ¹
326 4554 363 4617 T.
387 4552 623 4634 FABIANVS,
641 4577 674 4619 v.
693 4553 893 4621 TAMI'IVS
909 4555 1180 4623 FLAVIANVS.

300 4658 462 4724 FABIVS
488 4660 752 4727 I⁴'ABVLLVS¹.
780 4700 823 4710 —
861 4662 923 4743 III,
955 4665 1003 4739 ¹4·
1036 4663 1236 4752 (Vitelliani)
1267 4662 1378 4729 vinela
1411 4663 1575 4730 Caecinae

333 5007 341 5040 ¹
362 5004 483 5060 Pnosor,
500 5004 539 5053 ηδ.
557 5003 596 5052 CI.
613 5012 651 5062 aa.
