3709 6234
772 848 925 900 Auuuuvs
1458 845 1494 900 85

258 983 470 1053 inclinantes.
488 1024 533 1038 -
552 989 602 1068 13,
621 987 675 1077 37.
697 989 985 1055 Pharasmanes...
1013 997 1112 1054 vetus
1132 988 1295 1056 adversus
1311 990 1494 1056 Armenios

259 1091 372 1158 odium
388 1096 578 1182 promptius
589 1096 779 1163 exercebat.
797 1135 838 1146 -
856 1098 905 1178 13,
918 1096 971 1184 39.
989 1096 1149 1163 Corbulo.
1162 1149 1169 1165 .
1182 1149 1204 1177 .,
1216 1105 1292 1163 ut...
1311 1098 1493 1163 Armenios

257 1200 297 1265 ad
312 1224 373 1266 sua
388 1201 600 1267 defendenda
616 1211 764 1291 cogeret,
783 1205 980 1269 exscindere
1001 1212 1097 1291 parat
1110 1204 1291 1271 castella...
1305 1243 1346 1253 -
1369 1210 1419 1282 14,
1438 1209 1490 1284 14.

256 1309 307 1375 Ex
330 1309 465 1375 duobus
491 1310 653 1392 castellis,
673 1313 707 1375 in
723 1336 809 1401 quae
825 1313 1047 1400 confugerant
1067 1313 1233 1391 Armenii,
1252 1311 1395 1378 alterum
1433 1314 1495 1378 im-

256 1424 336 1505 petu
355 1425 493 1505 captum
508 1420 541 1505 (a
560 1420 783 1506 Corbulone);
812 1421 869 1508 qui
896 1421 1040 1508 primam
1059 1420 1127 1484 rim
1155 1419 1366 1507 depulerant.
1398 1419 1495 1485 obsi-

254 1524 354 1590 dione
378 1532 558 1610 coguntur.
579 1565 622 1575 —
654 1527 775 1597 15.12.
809 1527 1029 1613 (tlorbulot...
1065 1533 1160 1614 parte
1198 1528 1370 1614 copiarum
1406 1526 1494 1615 apud

255 1631 388 1719 Syriam
404 1632 577 1710 relicta...‚
604 1657 669 1722 qua
693 1636 888 1721 proximum
910 1643 944 1700 et
972 1633 1218 1699 commeatibus
1246 1657 1312 1698 non
1335 1658 1491 1721 egenum,

254 1739 426 1826 regionem
456 1740 734 1827 Commagenam,
775 1743 864 1806 exim
913 1740 1176 1829 Cappadociam,
1207 1740 1284 1806 inde
1312 1743 1494 1807 Armenios

253 1846 415 1934 petivit...
430 1846 538 1934 (Idem
549 1847 703 1913 hortatur
719 1848 900 1936 milites)...
913 1867 919 1913 :
932 1876 947 1909 n
963 1848 1038 1912 Non
1054 1849 1146 1913 vicos
1162 1856 1220 1913 aut
1235 1849 1359 1936 oppida
1371 1850 1493 1914 Arme·

253 1954 397 2033 niorum,
416 1953 475 2018 sed
491 1963 598 2020 castra
617 1956 770 2020 Itomana
785 1956 935 2044 duasque
956 1957 990 2020 in
1011 1957 1052 2020 iis
1067 1955 1218 2041 legiones
1235 1956 1381 2043 pretinm
1397 1955 1490 2020 labo-

255 2061 300 2126 ris
323 2061 392 2149 peti
409 2091 480 2126 ...»
503 2100 545 2109 -
562 2062 611 2140 15,
634 2065 685 2128 r'l.
705 2063 930 2151 (Caesennius
945 2064 1082 2149 Paetus)
1099 2064 1225 2150 primas
1246 2113 1266 2127 ..
1289 2062 1422 2128 litteras
1448 2063 1491 2127 ad

258 2167 466 2255 l'ologaesen
496 2192 561 2233 non
578 2170 762 2258 supplices.
780 2171 839 2235 sed
868 2172 901 2234 in
923 2170 1060 2235 modum
1083 2170 1256 2257 querentis
1287 2170 1490 2256 composuit,

257 2275 346 2363 quod
366 2298 427 2362 pro
442 2276 614 2341 Armeniis
635 2301 769 2365 semper
785 2278 958 2342 ltomanae
987 2276 1130 2342 dicionis
1146 2283 1203 2342 aut
1230 2275 1392 2341 subiectis
1408 2278 1492 2363 regi,

256 2405 354 2470 quem
371 2382 554 2470 imperator
568 2383 761 2470 delegisset,
789 2384 925 2449 hostilia
948 2384 1112 2449 laceret...
1132 2423 1175 2432 -
1205 2384 1255 2465 15,
1278 2385 1325 2459 rt.
1348 2382 1493 2448 Placuit-

256 2513 321 2578 que
334 2489 470 2554 liberari
486 2489 616 2554 obsidio
633 2491 757 2577 (Paeti)
772 2491 923 2577 legiones
943 2500 977 2556 et
991 2491 1152 2556 decedere
1178 2513 1312 2555 ornnem
1351 2490 1493 2556 militem

259 2595 382 2661 linibus
397 2598 678 2665 Armeniorum...
695 2638 735 2649 -
762 2601 811 2679 15,
840 2602 889 2664 15.
908 2598 1052 2663 Addidit
1067 2622 1181 2662 rumor
1196 2598 1258 2663 sub
1280 2599 1396 2685 iugum
1413 2598 1494 2663 mis-

258 2728 312 2767 sas
328 2703 526 2791 legioneset
541 2704 607 2769 alia
635 2730 675 2770 ex
710 2705 811 2770 rebus
840 2705 1009 2784 infaustis,
1034 2729 1178 2793 quorum
1199 2704 1418 2770 simulacrum
1452 2705 1493 2770 ab

257 2813 429 2880 Armeniis
444 2820 644 2899 usurpatum
660 2822 724 2878 est.
755 2853 781 2861 -
810 2812 859 2890 15,
883 2837 932 2897 ¹7·
966 2812 1118 2875 Armenii
1139 2812 1211 2875 sine
1233 2810 1358 2877 arbitro
1386 2811 1493 2876 relicti

257 2929 410 2987 sunt-
431 2917 480 2996 15,
501 2943 552 3007 ²7·
573 2918 753 3006 (Corbulo)
788 2920 994 3006 megistanas
1024 2919 1216 2997 Armenios,
1254 2919 1311 3005 qui
1343 2918 1443 3005 primi
1473 2942 1492 2983 a

256 3027 353 3093 nobis
368 3026 573 3097 deiecerant.
593 3027 689 3115 pellit
707 3026 858 3106 sedibus,
876 3025 1143 3091 castellaeornm
1160 3025 1368 3090 exse-indit...
1389 3065 1430 3073 -
1446 3025 1490 3106 II,

256 3135 286 3201 6.
307 3135 394 3200 llinc
408 3134 621 3222 Cappadocia
638 3135 833 3223 Pontusque
854 3142 887 3199 et
915 3132 1083 3222 quidquid
1098 3139 1286 3199 castrorum
1320 3133 1492 3197 Armeniis

256 3241 560 3332 praetenditur.—
597 3240 640 3319 ll,
667 3245 704 3305 81
752 3241 923 3328 Quidquid
951 3241 1198 3327 provinciarum
1228 3239 1375 3304 adluitur
1408 3240 1492 3303 mari

256 3351 339 3415 Asia
363 3356 465 3438 atque
501 3348 629 3413 Achaia
657 3356 767 3428 tenus,
798 3356 1030 3436 quantumque
1065 3348 1233 3413 introrsus
1271 3347 1305 3409 in
1344 3346 1491 3411 Pontum

256 3466 287 3523 et
303 3457 486 3522 Armenios
501 3457 655 3543 patescit,
674 3456 826 3520 iuravere
845 3456 894 3541 (in
925 3454 1027 3519 verba
1051 3455 1274 3542 Vespasiani).
1303 3493 1346 3508 -
1372 3452 1415 3534 ll,
1434 3454 1489 3520 82.

256 3565 353 3630 Missi
377 3565 411 3651 (a
431 3563 654 3651 Vespasiano)
670 3563 712 3627 ad
734 3562 897 3627 Parthum
925 3562 1192 3650 Arnreniumque
1221 3562 1335 3648 legati,
1370 3560 1479 3649 provi·

256 3694 412 3759 sumque,
430 3693 483 3749 nc,
502 3671 609 3736 versis
624 3670 666 3736 ad
681 3669 780 3735 civile
796 3668 926 3734 bellum
943 3668 1147 3756 legionibus,
1164 3678 1256 3754 terga
1266 3668 1488 3735 nudarentur.

257 3814 292 3827 -
313 3777 376 3858 llI,
403 3778 457 3853 24.
492 3778 663 3843 Antonius
698 3777 902 3864 (Primusl...
935 3777 1032 3862 plura
1049 3779 1090 3841 ad
1128 3777 1303 3852 tertianos,
1337 3782 1490 3840 veterum

255 3885 506 3973 recentiumque
552 3884 751 3960 admonens,
791 3892 867 3950 ut...
896 3883 959 3947 sub
1008 3882 1201 3947 Corbulone
1252 3882 1488 3948 Armenios...

257 3992 468 4082 pepulissent
490 3992 514 4057 ¹.
944 3977 947 3982 ⁶

202 4099 410 4166 ARMINIV
413 4097 437 4162 S
447 4098 471 4163 ⁹.
489 4137 532 4146 -
553 4123 579 4175 1,
597 4096 649 4163 55.
668 4099 754 4188 Spes
768 4100 953 4163 incesserat
973 4098 1137 4162 dissidere
1153 4098 1284 4164 hostem
1306 4100 1340 4162 in
1371 4097 1492 4162 Armi-

257 4208 348 4273 nium
364 4229 402 4270 ac
417 4204 634 4291 Segestem...
649 4206 824 4270 Arminius
841 4204 995 4270 turbator
1008 4204 1207 4270 Germaniae
1227 4226 1234 4282 ;
1257 4205 1416 4291 Segestes
1431 4228 1490 4292 pa-

256 4315 321 4380 rari
341 4311 602 4378 rebellionem...
635 4313 766 4400 aperuit
780 4313 953 4399 suasitque
970 4311 1058 4375 Varo
1075 4320 1112 4377 ut
1127 4334 1161 4375 se
1177 4320 1211 4376 et
1239 4312 1432 4376 Arminium
1459 4318 1493 4376 ct

257 4432 386 4488 ceteros
401 4443 558 4509 proceres
571 4420 755 4487 vinciret...
771 4420 838 4485 Sed
850 4420 959 4484 l'arns
979 4419 1047 4485 lato
1063 4427 1097 4484 et
1115 4420 1148 4482 vi
1169 4418 1338 4484 Arminii³
1357 4418 1489 4485 cecidit.

256 4530 456 4618 Segestes...
474 4527 604 4592 discors
620 4527 790 4604 manebat,
807 4528 916 4593 auctis
932 4527 1090 4615 privatim
1107 4525 1205 4602 odiis,
1216 4525 1492 4614 quod.·trminius

247 4701 255 4734 ¹
273 4701 304 4748 V.
322 4702 417 4749 etiam.
433 4709 469 4758 14,
482 4699 523 4758 aa,
535 4701 574 4748 25.

246 4781 388 4829 ¹Strabo:
408 4782 545 4847 Ἀρμένιος.
570 4781 661 4828 Codex
684 4782 848 4830 Nazarianns
869 4783 953 4836 lteri,
978 4797 1001 4839 a,
1025 4782 1077 4829 30:
1099 4781 1246 4831 Armenio:
1263 4781 1493 4842 bambergensis:

214 4861 341 4912 Armeno.
352 4860 390 4909 Vt
404 4860 525 4919 Tacitus,
545 4860 676 4910 Velleius.
687 4890 717 4900 -
735 4862 856 4915 Pnosor..
870 4863 924 4926 874.

249 4939 315 4992 ³U:
334 4940 449 4990 armeni.
466 4941 507 4993 Cl.
525 4940 613 4992 1111111.
