3709 6234
353 850 409 906 oso
838 821 840 826 ’
907 851 1083 905 sanamus

398 1003 517 1059 natura
549 1015 587 1058 ac
624 998 760 1058 senecta
799 998 976 1057 cunctator
1017 991 1227 1080 suspiciones
1265 989 1429 1058 militum
1460 990 1648 1071 inritabat.

399 1109 570 1190 tamquam
608 1099 794 1165 adfinitatis
824 1122 900 1164 cum
935 1098 1073 1165 Vitellio
1100 1098 1327 1179 meminisset;
1354 1097 1525 1187 idemque,
1549 1098 1651 1189 quod

397 1215 573 1297 coeptante
602 1207 773 1294 legionum
801 1214 895 1271 motu
926 1206 1103 1294 profuguS,
1134 1206 1212 1272 dein
1253 1213 1374 1293 sponte
1411 1213 1647 1280 remeaverat,

399 1314 558 1401 perfidiae
577 1314 689 1380 locum
718 1314 890 1402 quaesisse
917 1312 1129 1379 credebatur.
1161 1312 1247 1378 Nam
1272 1311 1486 1389 Flavianum,
1510 1313 1649 1378 omissa

400 1421 586 1498 Pannonia,
618 1421 809 1507 ingressum
841 1418 1015 1487 ltaliam...
1051 1443 1163 1485 rerum
1188 1443 1353 1485 novarum
1377 1418 1501 1509 cupido
1535 1419 1636 1508 legat

398 1551 521 1593 nomen
549 1550 718 1593 resumere
742 1532 776 1592 et
800 1527 933 1593 misceri
957 1527 1115 1592 civilibus
1134 1527 1237 1592 armis
1256 1527 1448 1616 impulerat,
1475 1527 1649 1593 suadente.

398 1634 555 1700 Cornelio
572 1635 693 1713 Fusco,
711 1657 778 1699 non
795 1634 874 1724 quia
889 1634 1056 1700 industria
1073 1633 1226 1700 Flaviani
1239 1634 1372 1721 egebat,
1386 1634 1446 1700 sed
1464 1642 1502 1700 ut
1517 1657 1647 1700 consu-

397 1742 467 1813 lare
487 1765 611 1807 nomen
631 1741 891 1829 surgentibus...
919 1742 1114 1831 partibus...
1131 1742 1421 1830 praetenderetur.
1440 1781 1480 1793 -
1505 1741 1568 1820 ΙΙΙ,
1592 1767 1645 1808 ιο.

398 1849 449 1913 lra
478 1847 623 1915 militum
657 1849 691 1916 in
718 1849 916 1936 Tampium¹
953 1849 1152 1916 Flavianum
1173 1849 1338 1930 incubuit,
1376 1848 1469 1915 nullo
1485 1850 1647 1915 criminis

398 1964 615 2043 argumento;
640 1955 698 2022 sed
726 1957 791 2021 iam
816 1957 947 2044 pridem
976 1957 1108 2022 invisus
1123 1956 1257 2023 turbine
1273 1956 1420 2046 quodam
1436 1957 1479 2023 ad
1492 1958 1644 2022 exitium

398 2062 599 2151 poscebatur
635 2084 641 2127 :
683 2063 910 2153 propinquum
939 2064 1079 2142 Vitellii,
1105 2064 1313 2152 proditorem
1347 2063 1505 2146 Othonis,
1539 2065 1645 2131 inter-

396 2177 567 2258 ceptorem
594 2170 746 2236 donativi
775 2170 1037 2237 clamitabant...
1071 2170 1284 2260 (Antonius),
1313 2171 1412 2238 ubi...
1445 2171 1488 2236 ad
1512 2172 1584 2236 tela
1610 2180 1645 2237 et

397 2300 519 2343 manus
541 2276 743 2354 transibant,
763 2278 842 2344 inici
866 2283 1003 2344 catenas
1018 2277 1179 2344 Flaviano
1195 2278 1299 2346 iubet.
1318 2279 1432 2344 Sensit
1452 2277 1643 2345 ludibrium

399 2384 537 2451 miles...
576 2385 752 2451 Profectus
787 2385 906 2451 eadem
947 2394 1045 2452 nocte
1084 2386 1266 2451 Flavianus
1298 2384 1408 2450 obviis
1437 2386 1643 2474 Vespasiani

394 2493 518 2560 litteris
546 2492 735 2558 discrimini
760 2500 938 2580 exemptus
965 2502 1027 2560 est.
1057 2531 1103 2546 -
1129 2492 1190 2572 ΙΙΙ,
1218 2517 1268 2559 ιι.
1298 2492 1510 2559 Petulantiae
1531 2502 1643 2559 certa-

397 2615 473 2657 men
500 2600 583 2668 erat,
620 2615 661 2656 ne
690 2592 802 2656 minus
833 2591 1000 2657 violenter
1039 2592 1212 2680 Aponium
1241 2615 1342 2680 quam
1373 2591 1575 2657 Flavianum
1598 2591 1642 2657 ad

396 2698 601 2787 supplicium
643 2698 876 2786 deposcerent.
906 2700 1016 2783 -V,
1050 2699 1114 2764 ab.
1147 2699 1325 2787 (Loquitur
1355 2697 1460 2764 lulius
1500 2697 1641 2784 Civilis)

400 2835 415 2865 ιι
442 2806 549 2870 Arma
564 2806 598 2870 in
610 2806 792 2871 Germania
808 2806 910 2886 movi,
938 2829 1024 2895 quae
1039 2806 1219 2871 Mucianus
1243 2807 1278 2871 in
1297 2806 1407 2893 Syria,
1426 2806 1585 2894 Aponius
1606 2807 1641 2873 in

398 2913 538 2990 Moesia,
559 2912 741 2978 Flavianus
761 2913 795 2977 in
822 2913 1010 2979 Pannonia.
1027 2941 1042 2973 ιι

242 3097 246 3104 ,
351 3022 376 3085 T
379 3018 529 3087 ANAlS.
555 3058 597 3070 -
616 3043 665 3092 ιι,
695 3045 744 3108 ¹7·
770 3019 893 3107 Magna
909 3020 1017 3107 gloria
1039 3022 1207 3086 exercitus
1225 3021 1381 3098 Romani,
1400 3043 1501 3108 quem
1525 3021 1643 3087 incru-

396 3135 512 3193 entum
529 3136 562 3192 et
576 3128 737 3192 victorem
759 3126 859 3192 tridui
879 3127 998 3193 itincre
1019 3127 1144 3193 aluisse
1163 3127 1205 3192 ab
1224 3151 1323 3193 amne
1342 3127 1448 3192 Tanai
1464 3129 1636 3196 constitit.

348 3234 541 3300 TANAVS.
570 3273 607 3284 -
638 3234 680 3299 A.
704 3259 756 3301 aa.
784 3234 916 3299 'l'artius
940 3234 1191 3322 expeditionum
1230 3258 1340 3300 annus
1368 3258 1473 3299 novas
1508 3244 1637 3322 gentes

393 3341 758 3430 aperuit(.lgricolac),
781 3342 922 3406 vastatis
938 3365 1045 3430 usque
1060 3342 1102 3406 ad
1115 3342 1299 3415 Tanaum‘2,
1321 3342 1488 3407 aestuario
1510 3365 1641 3407 nomen

395 3456 458 3526 est,
477 3447 683 3513 nationibus.

353 3560 362 3581 ‘
380 3556 613 3625 TANFANA.
629 3580 662 3619 r.
681 3556 920 3621 TAMFANA.

352 3663 657 3742 'TANGITAM
676 3687 708 3728 v.
731 3662 996 3728 Tln'Gl'l'ANA.

349 3769 601 3835 tumultus.
625 3810 667 3819 -
691 3775 722 3848 ά,
749 3769 801 3833 56.
826 3771 1003 3856 Zmyrnaei
1024 3771 1166 3857 repetita
1183 3778 1363 3846 vetustate,
1388 3795 1447 3836 seu
1470 3770 1644 3839 Tantalus

394 3878 472 3942 love
485 3887 578 3942 ortus
595 3876 683 3952 illos,
703 3878 775 3941 sive
789 3878 979 3943 Theseus..
1001 3878 1251 3944 condidisset...

351 3984 653 4049 TARENTth'tt
692 3984 878 4049 FOlllll'S.
908 4022 950 4033 -
975 4010 1001 4054 r.
1038 4010 1090 4050 ιο.
1120 3986 1344 4050 Tarentino...
1372 3986 1505 4050 foedere
1534 3987 1646 4071 (inter

397 4092 619 4156 Octavianum
637 4100 669 4156 et
686 4091 874 4156 Antonium
891 4092 1007 4177 lacto).

347 4198 559 4263 TAllllN'l'V
565 4199 609 4263 ll.
632 4238 674 4246 -
693 4201 741 4275 rt,
770 4222 818 4264 12.
837 4199 964 4285 (lunia)
986 4200 1100 4263 Silana
1121 4199 1188 4263 lato
1206 4200 1323 4263 functa
1339 4208 1421 4272 erat,
1444 4199 1645 4291 longinquo

383 4306 553 4370 abexilio
574 4307 755 4370 Tarentum
777 4331 941 4393 regressa.
973 4345 1011 4355 —-
1039 4310 1088 4383 ιιΙ,
1119 4332 1171 4395 27.
1205 4307 1363 4370 Veterani
1391 4307 1577 4373 Tarentum
1609 4322 1645 4377 ct

391 4414 533 4478 Antium
565 4413 726 4499 adscripti
751 4437 818 4476 non
845 4422 955 4478 tamen
973 4415 1215 4504 infrequentiae
1246 4414 1398 4479 locorum
1428 4414 1642 4490 subvenere.

390 4523 532 4608 dilapsis
564 4521 717 4607 pluribus
742 4523 776 4585 in
794 4524 999 4610 provincias,
1018 4523 1190 4611 inquibus
1211 4523 1377 4610 stipendia
1398 4522 1643 4610 expleverant.

392 4669 433 4681 -
460 4629 502 4703 ΙΙ,
531 4628 588 4693 83.
618 4628 812 4708 (Mucianus
831 4631 1016 4718 cogitabat)
1043 4630 1216 4695 Vitellium
1232 4632 1266 4694 in
1287 4631 1414 4695 incerto
1430 4630 1512 4698 lore.
1532 4656 1645 4721 quam

380 4885 385 4917 ¹
407 4880 452 4931 ld:
477 4884 505 4930 l'.
523 4882 651 4944 simplum.
671 4883 746 4932 (Iorr.
764 4883 894 4933 Faernus.
908 4911 939 4922 -
955 4885 995 4933 De
1013 4886 1085 4946 vulg.
1102 4887 1135 4935 cs.
1151 4890 1242 4935 uotam
1258 4901 1325 4950 quae
1339 4901 1421 4957 supra
1438 4890 1490 4943 cst.

378 4963 490 5023 tt'ulg.
511 4979 572 5012 cum
590 4963 677 5011 dett:
698 4964 788 5020 Taum.
