3709 6234
351 834 409 891 714.
888 839 1104 894 veseasffnvs

398 981 508 1068 potior
524 988 668 1069 utroque
696 980 939 1068 Vespasianus,
958 982 1003 1047 ita
1037 981 1165 1047 bellum
1191 981 1284 1047 aliud
1298 991 1400 1072 atque
1424 981 1508 1047 alias
1521 982 1646 1049 clades

396 1087 590 1154 horrebant.
617 1087 661 1154 Et
685 1086 844 1176 ambigua
872 1087 913 1154 de
942 1089 1151 1177 Vespasiano
1175 1088 1275 1171 fama,
1301 1088 1462 1179 solusque
1485 1091 1644 1155 omnium

368 1282 373 1292 ἱ
396 1203 474 1290 ante
486 1219 522 1260 se
537 1194 726 1283 principum
736 1196 770 1260 in
784 1195 907 1261 melius
923 1203 1073 1261 mutatus
1088 1202 1150 1261 est.
1169 1235 1212 1246 -
1228 1197 1253 1277 1,
1271 1196 1325 1284 76.
1347 1196 1521 1262 Iudaicum
1540 1221 1643 1263 exer-

396 1303 500 1368 citum
512 1303 780 1391 Vespasianus...
799 1311 1009 1368 sacramento
1026 1302 1170 1369 Othonis
1190 1303 1344 1392 (adegit).
1363 1303 1466 1385 -ΙΙ,
1489 1331 1515 1369 ι.
1534 1304 1643 1369 Pros-

393 1432 493 1498 perae
518 1410 716 1498 Vespasiani
749 1433 803 1475 res
837 1410 886 1498 (in
919 1410 1069 1498 Iudaea),
1109 1434 1272 1498 praesaga
1305 1434 1508 1498 responsa...
1543 1411 1642 1477 «Sin

396 1518 625 1606 Vespasianus
640 1540 710 1583 rem
731 1517 902 1605 publicam
918 1517 1106 1605 susciperet
1124 1570 1147 1584 ..
1163 1546 1178 1577 a
1201 1516 1302 1597 -ΙΙ,
1332 1522 1364 1596 r).
1393 1519 1643 1603 Profligaverat

395 1624 523 1690 bellum
552 1624 728 1690 lu'daicum
762 1625 1003 1712 Vespasianus,
1039 1624 1291 1712 obpugnatione
1321 1626 1640 1713 Hierosolymorum

394 1731 566 1821 reliqua...
586 1732 680 1812 Tres,
693 1740 844 1819 utsupra
860 1733 1136 1808 memoravimus,
1154 1732 1219 1820 ipsi
1251 1733 1460 1822 Vespasiano
1482 1733 1640 1820 legiones

395 1847 503 1918 erant,
522 1839 688 1905 exercitae
703 1839 804 1905 bello.
822 1877 861 1887 —
881 1839 922 1915 ΙΙ,
942 1839 974 1904 5.
994 1839 1221 1928 Vespasianus
1240 1863 1316 1905 acer
1335 1839 1474 1906 militiae
1508 1842 1639 1906 anteire

396 1970 575 2034 agmen...‚
593 1970 744 2035 prorsus,
777 1947 805 2011 si
825 1946 967 2011 avaritia
996 1946 1139 2029 abesset,
1171 1948 1321 2037 antiquis
1340 1947 1482 2013 ducibus
1503 1972 1577 2037 par.
1596 1985 1638 1999 -

397 2053 439 2133 ΙΙ,
463 2080 495 2143 7.
516 2055 624 2143 Igitur
644 2077 736 2119 arma
760 2055 795 2119 in
815 2054 1025 2119 occasionem
1055 2053 1228 2134 distulere,
1252 2055 1482 2143 Vespasianus
1504 2056 1639 2121 Mucia·

395 2184 528 2250 nusque
544 2184 664 2249 nuper,
680 2161 784 2227 ceteri
799 2160 879 2226 olim
900 2160 1017 2226 mixtis
1032 2161 1225 2229 consiliis...
1249 2202 1292 2211 —
1315 2161 1359 2243 II,
1390 2163 1444 2251 67.
1479 2163 1637 2249 (Praeto-

395 2269 480 2335 riani
501 2293 520 2333 a
536 2268 673 2334 Vitellio
685 2269 830 2357 dimissi)
846 2291 940 2333 arma
957 2268 1000 2333 ad
1014 2267 1170 2334 tribunos
1185 2293 1265 2334 suos
1283 2269 1490 2351 deferebant,
1527 2271 1637 2336 donec

396 2384 526 2442 motum
541 2400 560 2441 a
577 2377 784 2465 Vespasiano
800 2375 927 2441 bellum
951 2375 1195 2457 crebresceret;
1217 2384 1287 2442 tum
1311 2386 1482 2467 resumpta
1513 2377 1637 2444 militia

395 2483 498 2549 robur
513 2483 753 2548 Flavianarum
765 2484 914 2573 partium
930 2484 1032 2549 fuere.
1051 2523 1093 2532 -
1117 2482 1160 2562 ll,
1175 2484 1228 2572 73.
1252 2485 1325 2550 Etsi
1345 2486 1442 2573 vagis
1462 2485 1572 2550 adhuc
1602 2495 1637 2551 et

395 2591 531 2656 incertis
545 2590 751 2668 auctoribus,
767 2598 839 2655 erat
862 2597 976 2655 tamen
1005 2591 1040 2655 in
1068 2614 1125 2656 ore
1152 2590 1307 2679 famaque
1339 2593 1567 2681 Vespasianus
1597 2617 1636 2657 ac

396 2696 594 2787 plerumque
610 2697 652 2763 ad
673 2720 796 2762 nomen
829 2698 901 2762 eius
928 2696 1086 2763 Vitellius
1115 2697 1337 2765 excitabatur.
1367 2738 1410 2748 -
1440 2699 1482 2780 ΙΙ,
1501 2702 1555 2788 74.
1587 2702 1638 2765 At

397 2804 628 2893 Vespasianus
654 2804 780 2870 bellum
797 2827 958 2894 armaque
984 2813 1017 2870 et
1055 2805 1172 2893 procul
1206 2805 1260 2871 vel
1289 2807 1382 2871 iuxta
1422 2808 1505 2871 sitas
1542 2808 1636 2872 vires

394 2912 739 3000 circumspectabat...
756 2913 905 2978 Muciani
925 2912 1058 2978 animus
1073 2936 1134 2978 nec
1150 2913 1358 3001 Vespasiano
1383 2913 1513 2979 alienus
1540 2922 1574 2979 et
1599 2916 1633 2979 in

394 3021 507 3085 Titum
523 3020 702 3107 pronior...
720 3020 951 3107 Vespasianus
972 3019 1071 3084 modo
1087 3020 1121 3084 in
1145 3043 1239 3107 spem
1267 3029 1412 3102 erectus,
1449 3021 1634 3109 aliquando

394 3127 536 3220 adversa
551 3125 742 3215 reputabat.
765 3180 771 3194 .
797 3166 836 3176 -
877 3125 921 3202 ll,
947 3126 1000 3214 76.
1018 3127 1198 3215 (Loquitur
1227 3128 1420 3214 Mucianus)
1450 3156 1464 3188 a
1485 3127 1556 3215 Ego
1586 3137 1633 3202 te.

395 3234 614 3322 Vespasiane,
632 3233 673 3298 ad
689 3233 867 3321 imperium
883 3255 1008 3300 voce...
1031 3261 1046 3292 »
1071 3272 1111 3282 -
1128 3233 1171 3313 ΙΙ,
1188 3234 1241 3322 78.
1267 3234 1498 3300 Recursabant
1517 3237 1632 3300 animo

395 3351 508 3406 vetera
521 3342 634 3405 omina
650 3360 657 3406 1
673 3363 852 3427 cupressus
868 3338 966 3404 arbor
982 3340 1014 3403 in
1031 3340 1122 3426 agris
1133 3341 1204 3404 eius
1218 3342 1399 3428 conspicua
1410 3341 1632 3410 altitudine...

394 3449 530 3513 Grande
546 3449 578 3511 id
595 3471 860 3535 prosperumque
884 3470 1052 3511 consensu
1076 3447 1291 3533 haruspicum
1320 3457 1353 3513 et
1379 3472 1508 3512 summa
1535 3449 1633 3513 clari·

394 3556 474 3621 tudo
495 3555 608 3619 iuveni
624 3554 805 3618 admodum
821 3554 1222 3642 Vespasiano'fpromissa,
1239 3555 1298 3618 sed
1312 3556 1420 3642 primo
1445 3556 1632 3642 triumpha-

394 3663 438 3727 lia
452 3671 485 3728 et
495 3661 692 3726 consulatus
707 3669 739 3725 et
751 3660 905 3725 Iudaicae
920 3662 1078 3725 victoriae
1094 3661 1196 3725 decus
1218 3661 1376 3749 implesse
1392 3661 1491 3725 fidem
1508 3664 1633 3728 ominis

393 3769 637 3835 videbantur...
660 3770 745 3856 (Deo
761 3768 929 3848 Carmelo)
950 3769 1151 3833 sacrificanti
1186 3768 1407 3857 Vespasiano,
1446 3793 1522 3833 eum
1552 3795 1633 3857 spes

393 3876 543 3942 occultas
558 3885 707 3941 versaret
727 3876 852 3950 enimc,
877 3875 1042 3939 Basilides
1067 3875 1223 3939 sacerdos
1253 3876 1414 3963 inspectis
1446 3876 1631 3941 identidem

394 3986 481 4050 extis
501 4007 507 4051 :
526 4014 540 4042 n
561 3982 732 4070 Quidquid
748 3990 811 4055 est,
835 3983 956 4069 inquit,
974 3984 1192 4069 Vespasiane,
1224 3982 1314 4069 quod
1342 4007 1497 4069 paras...
1530 3984 1632 4048 datur

395 4093 496 4157 tibi...
518 4120 533 4149 n
550 4090 689 4155 ...Haud
704 4088 805 4153 dubia
822 4089 1046 4153 destinatione
1063 4088 1247 4152 discessere
1263 4088 1441 4154 Mucianus
1453 4091 1632 4154 Antiochi·

395 4224 461 4273 am,
485 4197 713 4284 Vespasianus
733 4196 946 4264 Caesaream.
974 4195 1030 4259 illa
1046 4197 1175 4281 Syriae,
1193 4196 1255 4259 hoc
1273 4196 1413 4261 iudaeae
1443 4205 1544 4284 caput
1564 4206 1630 4263 est.

393 4304 497 4380 -ΙΙ,
515 4328 567 4392 79.
590 4304 725 4368 Initium
758 4302 883 4366 ferendi
900 4303 942 4365 ad
967 4303 1211 4389 Vespasianum
1243 4304 1372 4389 imperii
1404 4303 1632 4368 Alexandriae

392 4422 562 4500 coeptum,
583 4411 763 4475 festinante
797 4409 928 4473 Tiberio
963 4408 1200 4474 Alexandro...
1232 4447 1275 4456 -
1302 4409 1417 4484 lfao.
1445 4410 1631 4496 Egressum

393 4518 548 4585 cubiculo
566 4518 811 4604 Vespasianum
827 4518 922 4603 pauci
939 4517 1076 4593 milites
1090 4516 1190 4580 solito
1208 4516 1410 4581 adsistentes
1440 4517 1557 4580 ordine
1592 4527 1630 4583 ut

392 4628 542 4714 legatum
557 4624 747 4693 salutaturi.
766 4625 1002 4711 imperatorem
1036 4622 1225 4687 salutavere
1245 4645 1251 4699 ;
1275 4631 1345 4687 tum
1376 4625 1476 4689 ceteri
1510 4623 1631 4688 adcur-

393 4758 477 4811 rere,
511 4733 689 4797 Caesarem
720 4740 751 4796 et
791 4733 985 4816 Augustum
1016 4739 1048 4795 et
1080 4731 1191 4793 omnia
1225 4730 1433 4817 principatus
1463 4730 1629 4795 vocabula

393 4841 605 4906 cumulare...
627 4839 664 4901 ld
700 4840 810 4925 ipsum
845 4838 1022 4925 opperiens
1046 4837 1223 4901 Mucianus
1245 4837 1389 4901 alacrem
1424 4836 1564 4902 militem
1593 4838 1629 4901 in

387 4948 494 5032 verba
520 4946 719 5044 Vespasiani
740 4945 865 5030 adegit.
902 4985 944 4992 -
974 4943 1016 5017 ll,
1035 4946 1089 5009 81.
1121 4943 1189 5009 Nec
1215 4945 1343 5020 minore
1372 4945 1484 5009 animo
1512 4944 1629 5030 regina
