3709 6234
378 863 433 944 art
792 872 794 875 ’
945 869 1093 922 riararvs

423 1036 520 1077 aures
535 1010 698 1100 superbas
712 1018 746 1077 et
758 1010 937 1077 otlensioni
950 1012 1136 1099 proniores.
1160 1012 1207 1076 Ea
1223 1011 1346 1077 Caesar
1365 1020 1440 1077 octo
1459 1018 1543 1101 post
1560 1035 1675 1076 annos

423 1119 566 1185 rettulit.
582 1158 625 1169 -
640 1121 673 1196 d,
691 1120 743 1185 30.
769 1118 992 1207 lbaturquein
1008 1143 1080 1184 eam
1098 1119 1313 1197 sententiam,
1334 1119 1367 1184 ni
1387 1118 1505 1184 durius
1529 1127 1673 1184 contra-

423 1251 488 1317 que
509 1250 637 1293 morem
652 1250 751 1291 suum
767 1226 878 1315 palam
898 1251 959 1315 pro
983 1227 1235 1293 accusatoribus
1257 1227 1421 1294 Caesar...
1452 1236 1672 1317 conquestus

423 1343 523 1401 esset.
539 1373 576 1387 -
603 1339 635 1416 ά,
656 1334 710 1399 3ι.
732 1335 769 1401 C.
794 1334 986 1400 Cominium
1006 1336 1155 1424 equitem
1173 1335 1376 1416 Romanum,
1393 1333 1551 1423 probrosi
1569 1335 1604 1399 in
1631 1359 1670 1400 se

423 1443 582 1507 carminis
607 1443 812 1514 convictum.
841 1443 964 1507 Caesar
994 1442 1148 1530 precibus
1170 1442 1295 1519 fratria,
1320 1442 1377 1532 qui
1411 1450 1551 1508 senator
1576 1452 1665 1510 erat.

422 1549 631 1616 concessit...
656 1548 785 1634 (Firmii
807 1547 897 1634 Cati)
920 1572 1041 1637 operae
1055 1550 1105 1637 (in
1122 1549 1262 1614 Libonis
1283 1547 1397 1632 causa)
1414 1571 1547 1614 memor
1562 1547 1667 1613 Tibe·

422 1657 502 1737 rius,
521 1658 581 1723 sed
594 1657 660 1722 alia
675 1655 911 1744 praetendens,
925 1656 1065 1720 exilium
1078 1655 1279 1745 deprecatus
1293 1664 1356 1722 est.
1378 1695 1420 1704 —
1439 1658 1471 1738 4,
1489 1656 1546 1722 33.
1563 1655 1665 1721 Mul-

424 1773 546 1842 torum,
563 1765 621 1853 qui
633 1763 766 1829 Tiberio
782 1771 920 1850 regente
940 1787 1085 1851 poenam
1113 1763 1167 1829 vel
1187 1763 1343 1828 infamias
1364 1762 1506 1839 subiere,
1531 1763 1665 1851 posteri

421 1880 571 1938 manent.
592 1910 635 1921 —
657 1875 689 1948 t,
722 1870 775 1948 34.
815 1867 940 1935 Caesar
972 1870 1057 1936 truci
1085 1870 1184 1936 vultu
1211 1869 1443 1936 defensionem
1473 1870 1662 1958 accipiam,

421 2003 522 2067 quam
538 1979 773 2045 Cremutius..
791 1979 825 2043 in
842 1980 930 2043 hunc
950 1978 1088 2043 modurn
1101 2001 1241 2044 exorsus
1262 1984 1325 2045 est.
1350 2017 1393 2026 —
1408 1979 1440 2056 l,
1458 1977 1511 2044 36.
1546 1976 1665 2043 Feria-

421 2111 494 2153 rum
528 2088 725 2154 Latinarum
760 2087 880 2153 diebus
913 2087 1120 2175 praefectum
1148 2087 1243 2153 urbis
1267 2087 1428 2166 Drusum,
1459 2086 1663 2175 auspicandi

419 2195 694 2281 gratiatribunal
722 2194 912 2283 ingressum
931 2194 1042 2284 (adiit)
1059 2194 1264 2283 Calpurnius
1295 2193 1474 2261 Salvianus
1503 2194 1538 2258 in
1567 2195 1662 2259 Sex-

420 2310 492 2367 tum
509 2302 667 2369 Marium.
686 2301 784 2379 Quod
796 2326 814 2367 a
826 2302 971 2367 Caesare
986 2302 1097 2389 palam
1114 2303 1315 2391 increpitum
1341 2326 1442 2368 causa
1463 2302 1559 2367 exilii
1586 2302 1663 2368 Sal·

419 2410 518 2474 viano
536 2410 609 2475 fuit.
628 2447 670 2458 —
689 2411 717 2485 l,
735 2408 788 2493 37.
814 2409 975 2497 Hispania
993 2408 1133 2474 ulterior
1161 2410 1275 2475 missis
1294 2410 1336 2475 ad
1352 2418 1507 2475 senatum
1535 2409 1664 2498 legatis

418 2517 537 2596 oravit,
548 2525 586 2582 ut
601 2516 756 2603 exernplo
771 2517 874 2581 Asiae
885 2516 1067 2581 delubrum
1085 2517 1218 2582 Tiberio
1237 2518 1404 2606 matrique
1420 2516 1492 2582 eius
1503 2525 1664 2583 exstrue·

358 2674 360 2677 -
417 2632 480 2691 ret.
499 2625 572 2703 Qua
585 2624 761 2689 occasione
788 2623 924 2704 Caesar,
938 2624 1071 2688 validus
1098 2624 1225 2712 alioqui
1251 2624 1450 2712 spernendis
1471 2624 1665 2690 honoribus

418 2740 451 2798 et
476 2731 750 2819 respondendum
766 2740 860 2797 ratus
875 2731 928 2811 iis,
951 2755 1095 2820 quorum
1115 2755 1250 2798 rumore
1274 2732 1477 2819 arguebatur
1497 2731 1532 2796 in
1549 2732 1665 2797 ambi-

419 2837 544 2905 tionem
559 2840 704 2922 llexisse,
719 2839 951 2905 huiuscemodi
961 2840 1147 2904 orationem
1163 2840 1285 2928 coepit.
1295 2878 1337 2888 —
1349 2842 1380 2919 ά,
1396 2838 1449 2927 39.
1468 2839 1662 2907 Seianus...

417 2947 620 3035 promissum
643 2948 894 3013 matrimonium
910 2948 1083 3035 llagitante
1104 2947 1211 3027 Liria,
1226 2947 1400 3035 componit
1417 2946 1459 3011 ad
1476 2946 1664 3012 Caesarem

416 3054 630 3122 codicillos...
652 3083 666 3110 υ
684 3055 923 3120 llenevolentia
937 3055 1044 3143 patris
1060 3055 1207 3143 Augusti
1219 3063 1252 3121 et
1268 3078 1346 3120 mox
1360 3053 1516 3142 plurimis
1530 3054 1665 3121 Tiberii

417 3160 549 3227 iudiciis
566 3162 610 3227 ita
627 3163 857 3227 insuevisse...
879 3164 930 3227 Ac
947 3171 1071 3242 tamen,
1087 3162 1178 3250 quod
1188 3161 1660 3251 pulcherrimumadeptum,

415 3277 453 3333 ut
480 3270 716 3335 coniunctione
728 3270 882 3336 Caesaris
898 3269 1242 3357 dignuscrederetur;
1266 3269 1342 3334 hinc
1360 3268 1493 3334 initium
1508 3270 1583 3356 spei
1605 3320 1628 3336 ..
1645 3295 1662 3333 o

416 3380 504 3454 e—l.
533 3380 581 3453 lo.
612 3377 664 3440 ‚td
693 3401 729 3441 ca
751 3377 905 3441 'liberius
925 3376 1059 3441 laudata
1079 3377 1202 3464 pietate
1221 3377 1334 3441 Seiani
1352 3376 1489 3463 suisque
1514 3377 1548 3440 in
1580 3402 1660 3442 cum

417 3481 587 3549 liencliciis
602 3484 731 3549 modice
745 3485 971 3570 percursis...
996 3484 1192 3548 adiunxit...
1218 3524 1255 3532 —
1268 3488 1300 3564 ά,
1317 3487 1368 3560 li.
1386 3483 1573 3547 Seianus...
1594 3485 1662 3548 huc

417 3592 520 3659 tlexit.
561 3601 595 3656 ut
628 3592 797 3656 'liberium
842 3591 884 3656 ad
927 3592 1032 3656 vitam
1074 3591 1189 3678 procul
1227 3592 1332 3654 lloma
1376 3591 1525 3654 arnocnis
1574 3590 1661 3655 locis

416 3699 603 3786 degendam
647 3698 845 3786 impelleret.
891 3700 997 3764 llulta
1037 3699 1161 3786 quippe
1201 3698 1486 3784 providebat:
1529 3698 1655 3763 Caesa.

412 3828 482 3870 rem
518 3815 678 3892 vergente
714 3808 781 3870 iam
819 3815 954 3871 senecta
998 3814 1195 3893 secretoque
1234 3805 1297 3869 loci
1334 3804 1501 3869 mollitum
1537 3807 1660 3871 munia

414 3913 544 4001 imperii
584 3913 714 3978 facilius
760 3916 1006 3979 tramissurum.
1055 3954 1093 3963 -
1140 3916 1171 3987 d,
1216 3915 1270 3988 42.
1317 3913 1367 3976 Ac
1406 3911 1490 3975 forte
1539 3911 1660 3978 habita

412 4045 469 4108 per
496 4019 571 4084 illos
597 4021 710 4087 dies..
749 4023 897 4106 cognitio
936 4029 1151 4085 cunctantem
1190 4021 1253 4083 iam
1290 4019 1459 4082 Tiberium
1489 4019 1657 4106 perpulit,

415 4137 451 4192 ut
477 4128 634 4192 vitandos
664 4129 815 4193 crederet
848 4137 982 4215 patrum
1018 4136 1133 4192 coetus
1167 4150 1375 4214 vocesque...
1411 4126 1494 4189 Nam
1534 4135 1660 4212 postu-

414 4236 480 4300 lato
516 4236 660 4301 Votieno
694 4237 736 4300 ol)
768 4235 990 4299 contumelias
1024 4236 1055 4297 in
1101 4236 1279 4299 Caesarem
1314 4234 1475 4300 dictas...
1523 4234 1657 4299 audivit

413 4342 565 4408 'liberius
603 4343 736 4430 probra,
783 4343 858 4430 quis
908 4367 965 4429 per
1014 4341 1183 4407 occultum
1224 4340 1474 4406 lacerabatur...
1514 4341 1657 4419 Caesar,

412 4450 577 4514 obiectam
628 4451 689 4513 sibi
738 4450 901 4514 adversus
952 4474 1024 4514 reos
1072 4449 1322 4513 inclementiam
1365 4471 1403 4511 eo
1442 4447 1660 4534 pervicacius

413 4558 601 4645 amplexus,
638 4557 851 4644 ¹lqailiam...
888 4558 989 4620 exilio
1019 4558 1152 4643 pimirit
1182 4556 1410 4643 Apidiumque
1439 4554 1657 4622 Merulam...

412 4665 488 4728 allio
514 4666 682 4729 senatorio
702 4666 814 4730 erasit.
839 4701 881 4713 -
906 4669 938 4741 ΙΙ,
956 4664 1010 4740 43.
1038 4665 1211 4748 Segestani
1238 4662 1354 4728 aedem
1379 4662 1518 4726 l'eneris
1548 4686 1658 4728 naon-

414 4783 478 4837 tem
496 4773 584 4858 apud
602 4773 790 4858 Erycum...
815 4771 993 4836 restaurari
1010 4770 1236 4858 postulavere,
1258 4779 1335 4835 nota
1362 4778 1594 4835 memorantes
1614 4774 1659 4838 de

412 4883 541 4964 origine
572 4881 643 4944 cias
672 4888 705 4942 et
738 4878 823 4943 laeta
854 4879 1000 4945 liberio.
1032 4917 1070 4929 -
1094 4883 1127 4958 ά,
1156 4881 1207 4944 52.
1233 4878 1463 4966 Agrippina...
1481 4880 1597 4966 pergit
1616 4881 1661 4945 ad

411 4989 581 5053 'liberium
600 5013 637 5052 ac
653 4988 736 5051 sorte
753 4987 997 5051 sacriticontem
1019 4987 1106 5074 patri
1128 4987 1330 5073 repperit...
1349 4985 1549 5073 (Domitius)
1572 4989 1663 5055 Afer
