3709 6234
373 863 426 918 226
936 863 1089 917 caenosa

418 1030 520 1096 quam
544 1005 758 1072 calamistros
792 1005 999 1071 Maecenatis
1027 1012 1086 1070 ant
1109 1005 1253 1071 tinnitus
1286 1004 1454 1071 Gallionis
1474 1029 1504 1072 a.
1531 1043 1572 1054 —
1600 1004 1658 1082 34.

421 1137 437 1178 c
464 1112 561 1179 Nono
577 1113 707 1179 decimo
722 1113 843 1180 aetatis
857 1135 946 1178 anno
961 1112 999 1177 L.
1023 1111 1216 1178 CrassusC.
1239 1111 1471 1180 Carbonem...
1498 1113 1552 1198 (ca
1578 1135 1661 1178 ora·

419 1221 511 1286 lione
526 1222 700 1287 insecutus
715 1228 777 1297 est,
791 1224 907 1309 quarn)
928 1219 1027 1285 hodie
1053 1243 1186 1309 quoque
1211 1243 1287 1285 cum
1315 1220 1539 1287 admiratione
1563 1219 1660 1308 legi-

420 1351 495 1393 mus
514 1352 543 1393 u.
559 1365 601 1377 -
618 1328 671 1396 35.
690 1356 705 1389 (ι
725 1328 791 1406 Qui
806 1327 958 1393 rhetores
977 1335 1154 1410 vocantur,
1185 1350 1270 1415 quos
1298 1326 1400 1416 paulo
1423 1335 1500 1394 ante
1519 1326 1660 1394 Cicero-

420 1435 473 1500 nis
488 1445 639 1524 tempora
655 1436 828 1501 exstitisse
844 1458 906 1500 nec
920 1434 1088 1523 placuisse
1103 1434 1289 1500 maioribus
1303 1435 1429 1501 nostris
1439 1458 1480 1501 ex
1493 1459 1533 1501 eo
1548 1436 1660 1501 mani-

417 1542 541 1608 festum
564 1550 626 1621 est,
645 1542 737 1631 quod
752 1541 897 1608 Crasso¹
919 1549 953 1607 et
972 1542 1120 1607 Domitio
1146 1540 1344 1607 censoribus
1366 1541 1514 1622 cludere,
1541 1549 1580 1608 ut
1609 1543 1660 1608 ait

419 1650 550 1733 Cicero,
569 1649 687 1714 ludum
702 1649 933 1737 impudentiae
948 1649 1032 1714 iussi
1047 1654 1127 1715 sunt
1143 1672 1174 1714 n.

375 1756 587 1837 CRASSVS,
606 1757 655 1823 M.
672 1755 911 1824 CllASSVS².
934 1794 976 1806 -
1003 1781 1029 1834 r,
1055 1782 1081 1821 ι.
1105 1756 1255 1845 Pompeii
1294 1756 1474 1845 Crassique
1502 1757 1658 1846 potentia

417 1866 484 1931 cito
508 1865 543 1929 in
564 1864 742 1929 Caesarem
756 1864 899 1951 (cessit).
916 1900 962 1914 -
977 1887 1007 1945 2,
1033 1888 1064 1929 2.
1084 1862 1192 1951 (lnter
1206 1886 1241 1928 se
1255 1862 1422 1950 rogabant
1443 1863 1575 1953 Parthi)
1594 1864 1658 1930 ubi

417 1971 510 2037 illam
526 1971 669 2058 gloriam
693 1971 936 2037 trucidantium
963 1970 1168 2037 Crassum...
1185 1970 1271 2046 -l,
1297 1969 1348 2036 15.
1377 1969 1497 2048 Galba,
1533 1971 1657 2059 adpre-

418 2079 523 2144 hensa
541 2078 675 2143 Pisonis
704 2077 897 2166 (Liciniani)
920 2101 1033 2154 manu,
1052 2078 1086 2141 in
1105 2077 1195 2143 hunc
1220 2077 1359 2143 modum
1374 2077 1509 2143 locutus
1526 2077 1654 2145 fertur:

418 2209 434 2248 u
457 2186 492 2250 Si
509 2193 542 2250 te
558 2186 754 2272 privatus...
770 2184 980 2271 adoptarem,
998 2190 1032 2248 et
1051 2182 1135 2248 mihi
1150 2183 1325 2271 egregium
1336 2191 1408 2250 erat
1423 2185 1487 2251 Cn.
1501 2185 1658 2274 Pompeii

417 2299 450 2357 et
465 2293 512 2357 M.
534 2293 648 2357 Crassi
664 2291 818 2357 subolem
834 2292 869 2356 in
889 2299 1029 2379 penates
1042 2313 1135 2356 meos
1155 2290 1400 2359 adsciscere...
1420 2316 1438 2356 a
1462 2327 1507 2343 -
1538 2291 1578 2358 G.
1596 2290 1653 2381 37.

415 2399 465 2463 Ne
483 2398 599 2464 Parthi
609 2399 746 2487 quidem
761 2398 894 2486 saepius
912 2398 1118 2463 admonuere
1135 2397 1323 2486 (Romanos
1343 2421 1446 2486 quam
1471 2398 1651 2487 Germani)

472 2505 562 2583 Quid
582 2506 671 2571 enim
690 2505 783 2570 aliud
798 2505 896 2570 nobis
921 2529 1023 2594 quam
1049 2506 1187 2572 caedem
1203 2507 1330 2586 Crassi,
1367 2507 1492 2573 amisso
1522 2514 1556 2572 et
1578 2506 1655 2594 ipse

419 2612 558 2693 Pacoro,
574 2612 660 2676 inlra
685 2612 880 2678 Ventidium
915 2613 1065 2679 deiectus
1098 2613 1219 2681 Oriens
1251 2615 1411 2681 obiecerit
1430 2617 1446 2680 ‘l
1471 2652 1515 2664 -
1534 2613 1573 2680 0.
1596 2611 1653 2701 37.

418 2749 433 2782 a
452 2719 504 2785 Ex
521 2719 689 2808 (vetorum
703 2720 924 2808 epistularum
941 2729 1161 2810 actorumque
1181 2720 1278 2786 libris
1299 2745 1318 2787 a
1347 2721 1507 2788 Muciano
1535 2719 1654 2807 editis)

416 2827 569 2914 intellegi
583 2835 695 2915 potest
710 2827 773 2894 Cn.
793 2828 992 2915 Pompeium
1012 2836 1047 2895 et
1062 2829 1110 2894 M.
1133 2828 1295 2894 Crassum
1310 2852 1379 2894 non
1399 2829 1530 2895 viribus
1552 2826 1654 2893 modo

417 2943 450 3000 et
463 2934 577 3012 armis,
597 2934 656 2999 scd
672 2935 809 3021 ingenio
825 2957 958 3024 quoque
975 2943 1008 3001 et
1027 2936 1177 3001 oratione
1191 2935 1351 3002 valuisse.
1373 2962 1391 2999 a

374 3042 421 3108 u.
444 3041 677 3123 cnassvs³‚
699 3065 731 3108 v.
749 3042 796 3108 u.
818 3041 1027 3108 aremius,
1043 3043 1121 3127 (A).

372 3148 692 3215 ermunuausrs
709 3149 898 3217 carinus,
917 3188 958 3198 -
976 3149 1018 3228 11,
1036 3175 1090 3239 91.
1105 3150 1208 3238 apuu
1223 3150 1396 3216 civitatem
1412 3158 1535 3216 cuneta
1549 3151 1654 3217 inter-

416 3263 606 3345 pretantem
636 3254 760 3321 funesti
786 3256 909 3320 ominis
940 3257 1015 3321 loco
1039 3264 1216 3344 acceptum
1247 3266 1311 3331 est,
1347 3257 1438 3346 quod
1467 3258 1652 3324 maximum

415 3365 651 3453 pontilicatum
670 3363 813 3450 adeptus
827 3363 984 3429 l'itellius
998 3364 1039 3429 de
1056 3366 1268 3430 caerimoniis
1289 3364 1435 3453 publicis
1456 3366 1517 3430 XV
1534 3364 1651 3431 kalen-

417 3472 478 3537 das
518 3472 693 3557 Augustas
736 3471 910 3547 edixisset,
959 3472 1147 3558 antiquitus
1181 3472 1328 3537 inlausta
1355 3471 1409 3537 die
1438 3471 1654 3538 Cremerensi

417 3580 630 3668 Alliensique
650 3577 816 3644 cladibus.

372 3686 608 3756 CllEllONA.
624 3721 669 3735 —
690 3685 733 3764 ll,
769 3710 818 3773 ¹7·
842 3684 950 3771 Capta
979 3684 1035 3770 (ab
1065 3683 1188 3749 Alieno
1209 3685 1369 3773 Caecina)
1398 3688 1651 3753 Pannoniorum

416 3796 536 3858 cohors
549 3794 638 3882 apud
650 3794 863 3859 Cremonam.
877 3830 920 3841 —
933 3791 974 3857 ll.
995 3816 1047 3858 22.
1062 3793 1218 3868 Caecina,
1234 3793 1359 3881 pudore
1374 3803 1511 3882 coeptae
1527 3803 1652 3860 temere

416 3902 677 3987 oppugnationis
707 3899 969 3985 (l'lacentiae)...
1006 3899 1143 3964 traiecto
1183 3924 1300 3966 rursus
1326 3901 1418 3966 Pado
1448 3902 1651 3967 Cremonam

417 4015 528 4093 petere
543 4005 699 4071 intendit.
719 4042 759 4053 -
777 4005 818 4086 11,
837 4007 889 4070 23.
909 4006 1058 4093 (Annius
1074 4006 1221 4095 Gallus),
1240 4007 1298 4072 ubi
1317 4007 1454 4097 pulsum
1470 4007 1652 4074 Caecinam

416 4136 554 4200 pergere
585 4115 786 4176 Cremonam
813 4112 996 4200 accepit...
1021 4111 1232 4198 legionem...
1258 4115 1410 4180 Bedriaci
1433 4116 1534 4181 sistit.
1560 4115 1652 4182 lnter

417 4221 583 4284 Veronam
596 4219 865 4306 Cremonamque
881 4218 968 4282 situs
985 4226 1037 4284 est
1053 4220 1190 4286 vicus..
1211 4221 1321 4286 Isdem
1341 4222 1461 4288 dicbus
1484 4246 1503 4288 a
1522 4222 1651 4288 Marcio

418 4327 532 4391 hlacru
555 4326 644 4391 haud
669 4325 786 4414 procul
811 4326 977 4390 Cremona
998 4350 1157 4413 prospere
1186 4336 1416 4416 pugnatum...
1434 4329 1581 4396 Turbata
1605 4329 1652 4395 ibi

419 4431 676 4498 Vitellianorum
711 4431 834 4496 auxilia
865 4438 910 4512 et,
940 4432 1059 4496 ceteris
1088 4434 1288 4500 Cremonam
1318 4435 1539 4524 fugientibus,
1562 4437 1653 4502 caesi

406 4721 411 4754 ¹
431 4721 515 4773 ΑΒΟ
530 4738 535 4770 :
552 4723 585 4770 ll.
605 4725 712 4771 Crasso.
729 4723 805 4771 Corr.
830 4724 1035 4774 Sclmrzllcisch.
1056 4745 1066 4767 a
1089 4725 1116 4772 1..
1137 4725 1255 4773 Licinius
1273 4726 1385 4774 Crassus
1408 4730 1436 4776 et
1453 4727 1500 4775 Cn.
1517 4725 1653 4776 Domitius

372 4803 571 4850 Ahenobarlms
586 4819 712 4852 censores
729 4804 838 4853 luerunt
855 4820 933 4868 apa.
945 4826 956 4848 n
975 4806 1261 4871 (Ouarar-Asnausus).
1284 4833 1313 4842 -
1330 4807 1493 4857 Michaelis:
1511 4823 1526 4857 a
1544 4809 1652 4858 Crasse.

403 4883 413 4917 '·'
429 4883 466 4932 ll.
480 4885 597 4931 Licinius¹
612 4886 733 4944 Crassus,
747 4899 802 4935 cos.
822 4887 920 4934 ilerum
933 4903 958 4936 a.
970 4887 1016 4950 699
1027 4907 1057 4930 =
1068 4887 1107 4933 55.

404 4963 490 5015 ³0⁰8.
508 4981 532 5013 a.
551 4983 588 5027 27.
