3709 6234
787 859 947 915 transeas
1452 855 1501 911 68¹

228 1002 430 1069 TlClNVM.
446 1040 491 1055 —
505 1002 535 1081 3,
553 1005 584 1069 5.
610 1003 723 1092 lpsum
735 1004 1004 1091 (Augustum...
1020 1002 1206 1090 asperrimo
1217 1001 1338 1066 hiemis
1349 999 1503 1066 Ticinum

269 1133 376 1199 usque
392 1133 608 1198 progressum
623 1133 732 1200 neque
747 1109 985 1176 abscedentem
1007 1134 1025 1176 a
1041 1132 1180 1197 corpore
1199 1110 1371 1196 (Drusi)...
1384 1148 1429 1159 -
1458 1108 1502 1187 ΙΙ,

277 1243 325 1306 ¹7·
350 1217 529 1306 lntercepti
546 1219 578 1304 (a
591 1217 799 1302 Vitellianis)
812 1225 949 1283 centum
963 1218 1094 1306 equites
1110 1240 1148 1281 ac
1162 1216 1254 1281 mille
1268 1216 1401 1280 classici
1416 1217 1505 1279 inter

271 1324 476 1389 Placentiam
492 1325 518 1388 T
521 1326 723 1414 icinumque.
738 1365 779 1377 —
801 1325 845 1404 ll,
871 1349 923 1413 27.
948 1324 1043 1389 Fabii
1058 1347 1192 1413 ‹Juoque
1207 1323 1360 1389 Valentis
1375 1322 1502 1411 copiae,

269 1432 335 1496 iam
350 1434 439 1497 enim
457 1433 611 1497 Ticinum
633 1441 813 1500 venerat...
832 1432 935 1509 -ΙΙ,
959 1433 1013 1497 3ο.
1036 1431 1269 1496 Munientibus
1290 1438 1400 1496 castra
1414 1429 1503 1518 apud

270 1539 421 1603 Ticinum
444 1538 485 1603 de
510 1539 649 1604 adversa
667 1539 831 1604 Caecinae
847 1562 960 1628 pugna
982 1538 1144 1603 adlatum.
1168 1576 1211 1586 —
1237 1537 1282 1615 ΙΙ,
1302 1536 1356 1602 68.
1384 1537 1503 1601 Discu-

270 1645 389 1711 buerat
411 1646 568 1711 Vitellius
588 1647 695 1711 'licini
721 1646 873 1712 adhibito
896 1646 938 1712 ad
954 1645 1072 1734 epulas
1090 1645 1293 1732 Verginio...
1310 1681 1354 1695 -
1376 1644 1419 1721 ΙΙ,
1447 1644 1502 1709 88.

270 1753 396 1818 Multae
416 1761 449 1819 et
462 1762 592 1819 atroces
609 1755 696 1820 inter
712 1777 747 1818 se
768 1754 912 1819 militum
933 1753 1065 1832 caedes,
1086 1760 1163 1841 post
1181 1752 1382 1817 seditionem
1397 1750 1505 1816 Ticini

269 1868 422 1948 coeptam
440 1869 598 1926 manente
611 1860 785 1948 legionum
805 1860 1076 1950 auxiliorumque
1097 1858 1277 1925 discordia.

226 1967 469 2032 TlGEl.LlNV
470 1970 506 2042 S,
524 1992 556 2035 v.
580 1967 774 2033 (ll'ONlVS
791 1967 1072 2033 TIGELLINVS.

226 2073 483 2140 TlGltANES¹.
508 2114 551 2125 —
572 2100 602 2156 2,
622 2075 653 2142 3.
672 2076 791 2142 Occiso
806 2076 990 2142 Artaxia...
1008 2075 1108 2141 datus
1128 2098 1146 2139 a
1173 2075 1316 2140 Caesare
1331 2072 1504 2137 Armeniis

270 2182 432 2268 Tigranes
452 2182 684 2271 deductusque
709 2184 742 2247 ir.
758 2207 900 2268 regnum
920 2206 939 2247 a
967 2182 1100 2247 Tiberio
1121 2182 1264 2247 Nerone.
1284 2180 1352 2246 Nec
1367 2179 1504 2265 Tigrani

270 2289 466 2354 diuturnum
484 2291 661 2377 imperium
678 2290 782 2357 luit...

225 2395 481 2464 TlGllAh'llS'l.
505 2436 547 2445 —
571 2396 602 2475 6,
623 2400 675 2474 Ao.
704 2397 753 2462 Ne
782 2398 944 2485 Tigranes
973 2397 1109 2485 quidem
1137 2395 1299 2461 Armenia
1332 2395 1503 2485 quondam

270 2504 397 2591 potitus
411 2528 449 2568 ac
463 2511 543 2569 tunc
559 2527 636 2568 reus
651 2505 787 2569 nomine
803 2505 895 2591 regio
912 2504 1075 2592 supplicia
1096 2504 1220 2569 civium
1238 2503 1368 2589 elingit.

225 2611 483 2676 hulmus-¹.
528 2651 570 2661 —
626 2614 675 2688 ιη’,
710 2611 762 2676 26.
806 2612 1059 2676 Possessionem
1102 2611 1283 2675 Armeniae
1318 2609 1503 2697 usurpabat

270 2717 459 2805 (Corbulo).
486 2741 561 2782 cum
590 2719 729 2784 advenit
756 2719 918 2806 Tigranes
952 2743 969 2784 a
1008 2718 1141 2784 Nerone
1178 2716 1220 2781 ad
1257 2716 1502 2806 capessendum

269 2825 445 2914 imperium
477 2825 640 2907 delectus,
673 2825 909 2915 Cappadocum
941 2850 980 2891 ex
1007 2826 1195 2903 nobilitate,
1225 2826 1316 2913 regis
1344 2823 1503 2890 Archelai

273 2956 391 3020 nepos,
420 2933 491 3010 sed,
522 2933 613 3022 quod
647 2932 706 2997 diu
738 2932 837 2998 obses
866 2933 955 3021 apud
993 2933 1112 3000 urbem
1149 2933 1269 3013 luerat,
1314 2954 1422 3020 usque
1460 2931 1502 2995 ad

268 3040 425 3104 servilem
446 3041 644 3129 patientiam
673 3040 852 3106 demissus.
876 3041 945 3106 Nec
965 3064 1135 3106 consensu
1158 3048 1358 3129 acceptus...
1385 3077 1428 3088 —
1449 3040 1498 3114 15,

273 3169 300 3210 r.
341 3146 412 3210 ltex
442 3148 641 3213 Parthorum
669 3147 873 3234 Vologaeses
899 3149 1046 3234 cognitis
1080 3147 1283 3213 Corbulonis
1314 3145 1415 3211 rebus
1450 3168 1502 3210 re-

267 3275 411 3341 gemque
432 3253 656 3341 alienigenam
679 3254 846 3341 Tigranen
870 3255 1050 3320 Armeniae
1074 3256 1310 3342 impositum...
1337 3254 1501 3339 Egressus

269 3360 430 3424 Armenia
472 3361 635 3445 Tigranes
673 3360 881 3438 Adiabenos,
912 3361 1370 3430 conterminamnationcm.
1400 3359 1502 3424 latius

269 3490 307 3531 ac
322 3467 449 3532 diutius
468 3490 571 3556 quam
586 3491 645 3556 per
660 3467 837 3533 latrocinia
852 3477 1057 3535 vastaverat.
1080 3506 1118 3517 -
1143 3469 1193 3546 15,
1214 3491 1245 3532 a.
1265 3464 1502 3554 (Vologaescs)

269 3575 460 3641 Monaesi...
491 3573 705 3640 mandavit...
740 3574 908 3661 Tigranen
940 3576 1101 3640 Armenia
1121 3574 1311 3641 exturbare.
1330 3613 1372 3622 -
1400 3575 1448 3646 15,
1468 3572 1500 3641 3.

267 3682 360 3761 Quae
380 3681 436 3746 uhi
458 3680 643 3748 Corbuloni
657 3682 758 3747 certis
783 3683 911 3749 nuntiis
939 3682 1051 3748 audita
1075 3690 1165 3758 sunt,
1197 3682 1348 3768 legiones
1372 3680 1499 3748 duas...

266 3788 454 3854 subsidium
475 3789 612 3874 Tigrani
628 3789 742 3855 mittit.
774 3827 818 3839 -
842 3790 892 3864 15,
914 3792 946 3866 ά.
974 3789 1194 3856 Monaeses...
1216 3812 1326 3855 non...
1350 3788 1500 3853 nescium

267 3904 325 3961 aut
353 3898 525 3961 incautum
552 3896 719 3980 Tigranen
735 3896 886 3962 otlendit.
906 3896 1140 3985 tsslccupaverat
1155 3897 1435 3984 Tigranocerta...
1457 3932 1500 3943 -

271 4007 321 4084 ιε’),
349 4005 380 4069 5.
409 4004 477 4068 Nec
509 4004 697 4092 praesentia
724 4005 934 4092 (Vologaesi)
963 4028 1120 4092 prospere
1147 4005 1298 4070 lluebant
1325 4022 1331 4068 :
1360 4003 1499 4068 inritum

266 4096 446 4191 obsidium,
461 4119 555 4176 tutus
574 4134 676 4176 manu
692 4120 725 4177 et
748 4113 853 4200 copiis
872 4113 1046 4198 Tigranes.
1064 4150 1106 4161 -
1127 4114 1176 4186 15,
1203 4111 1234 4180 6.
1259 4111 1328 4176 Alii
1358 4109 1500 4196 (Corbu-

266 4218 392 4305 lonem)
421 4218 553 4283 occulto
577 4220 747 4306 pepigisse
773 4220 1095 4307 interpretabantur,
1124 4227 1162 4284 ut
1189 4220 1314 4284 omisso
1329 4218 1499 4306 utrimque

266 4323 355 4388 bello
382 4333 415 4389 et
431 4324 574 4390 abeunte
585 4326 773 4412 Vologaese
787 4327 949 4414 Tigranes
964 4350 1097 4416 quoque
1111 4327 1272 4391 Armenia
1289 4324 1496 4391 abscederet.

267 4468 310 4479 -
339 4432 388 4506 15,
418 4453 470 4513 24.
496 4432 613 4520 Legati
638 4434 839 4499 Parthorum
864 4434 1022 4499 mandata
1040 4435 1129 4520 regis
1145 4434 1384 4517 Vologaesis...
1403 4431 1499 4496 adtu-

266 4538 333 4603 lere
350 4558 357 4607 :
375 4567 448 4604 ....«
467 4538 581 4628 Nuper
595 4541 748 4605 clausum
764 4541 790 4605 Ἰ
793 4542 932 4627 igrancn
942 4541 952 4581 ¹
1017 4571 1031 4598 υ

256 4748 261 4780 ¹
282 4745 412 4806 Tigranes
427 4744 461 4793 ll.
482 4744 604 4801 Pnosor„
623 4754 672 4809 ¹47.

253 4827 264 4859 '·'
285 4825 414 4887 Tigranes
428 4824 473 4890 ΙΙ.
493 4824 616 4880 Phocoe..
637 4834 688 4887 ¹⁴9·

253 4905 264 4939 ³
282 4906 411 4967 'Tigranes
429 4904 462 4955 V.
479 4905 601 4962 Pnosor..
621 4908 672 4955 150.

254 4987 263 5019 Ἰ
281 4986 313 5032 V.
327 4986 408 5033 etiem
430 4985 464 5034 15.
477 4986 502 5041 s,
520 4986 556 5034 13.

101 5289 641 5521 ..A
