3709 6234
361 867 413 923 32⁴
895 869 1103 923 GEllllAlthVS

399 1011 509 1098 pinae,
530 1008 624 1075 leves
640 1008 755 1073 Pisoni
767 1016 800 1074 et
815 1009 936 1075 ceteris
955 1010 1196 1076 ollerrentur...
1212 1007 1321 1074 Multa
1346 1008 1380 1073 in
1399 1008 1519 1074 luxum
1547 1009 1646 1076 addi-

400 1118 448 1183 dit
461 1117 582 1205 (Piso),
595 1139 682 1204 quae
696 1116 897 1183 Germanico
909 1141 1116 1207 quamquam
1132 1116 1252 1184 acerba
1268 1115 1502 1183 tolerabantur
1515 1125 1643 1184 tamen.

398 1264 441 1275 -
462 1250 492 1301 a,
512 1224 566 1291 58.
584 1224 672 1310 (llex
689 1224 892 1290 Parthorum
908 1224 1104 1291 Artabanus
1119 1249 1179 1314 per
1194 1226 1325 1312 legatos
1337 1223 1530 1314 nuntiabat)
1545 1224 1645 1292 datu-

399 1357 472 1398 rum
493 1384 515 1399 ..
537 1331 657 1396 honori
677 1332 881 1414 Germanici,
904 1339 943 1397 ut
962 1333 1070 1422 ripam
1087 1333 1271 1423 Euphratis
1285 1332 1499 1404 accederet...
1517 1332 1576 1398 Ad
1605 1357 1645 1399 ea

398 1441 666 1511 Germanicus...
689 1443 922 1531 respondit·
942 1464 973 1518 2,
996 1443 1050 1532 59.
1068 1441 1116 1508 M.
1135 1442 1249 1507 Silano
1267 1440 1481 1536 L.·Norbano
1496 1440 1646 1506 oonsuli-

401 1549 463 1614 bus
477 1551 699 1620 Germanicus
716 1555 913 1640 Aegyptum
929 1551 1247 1642 proficiscitur—2,
1263 1552 1316 1619 60.
1336 1550 1404 1617 Sed
1419 1549 1644 1616 Germanicus

398 1656 934 1735 Nilosubvehebatur.-2,6r.
954 1643 1113 1725 Ceterum
1133 1659 1356 1725 Germanicus
1389 1657 1465 1723 aliis
1500 1680 1638 1746 quoque

396 1765 568 1831 miraculis
579 1768 899 1834 intenditauimum.
916 1806 960 1816 -
983 1793 1012 1843 2,
1032 1764 1087 1831 62.
1117 1767 1206 1831 Dum
1229 1790 1267 1832 ea
1294 1774 1406 1832 aestas
1435 1764 1641 1832 Germanico

396 1872 511 1960 plures
527 1898 586 1961 per
605 1875 797 1963 provincias
812 1875 1052 1961 transigitur...
1070 1912 1113 1922 —
1134 1896 1164 1957 a,
1183 1872 1238 1951 64.
1271 1872 1381 1939 Simul
1407 1871 1565 1938 nuntiato
1590 1895 1644 1938 re·

397 2003 474 2066 gem
489 1981 655 2047 Artaxian
674 1982 845 2047 Armeniis
860 2006 878 2047 a
893 1981 1095 2047 Germanico
1109 1981 1239 2055 datum,
1255 1981 1433 2047 decrevere
1454 1987 1582 2068 patres,
1599 1986 1639 2044 ut

398 2087 621 2154 Germanicus
636 2098 737 2179 atque
755 2091 884 2155 Drusus
900 2097 1042 2154 ovantes
1055 2088 1173 2153 urbem
1182 2067 1380 2156 introirent.
1397 2126 1440 2137 -
1456 2111 1488 2168 a,
1512 2085 1568 2175 69.
1590 2088 1642 2153 At

397 2196 619 2262 Germanicus
638 2198 797 2285 Aegypto
826 2220 981 2262 remeans
1005 2204 1138 2278 cuncta,
1175 2220 1261 2286 quae
1287 2195 1378 2286 apud
1406 2194 1557 2282 legiones
1583 2200 1643 2259 aut

396 2302 497 2368 urbes
524 2304 678 2386 iusserat,
712 2304 838 2371 abolita
868 2304 922 2370 vel
943 2305 977 2368 in
997 2305 1203 2369 contrarium
1225 2328 1324 2370 versa
1338 2302 1525 2390 cognoscit.
1551 2300 1641 2365 Hinc

366 2485 370 2492 ,
397 2434 517 2497 graves
537 2412 571 2476 in
597 2412 754 2476 Pisonem
774 2412 1010 2491 contumeliae,
1027 2435 1089 2477 nec
1120 2413 1232 2476 minus
1258 2410 1391 2494 acerba,
1416 2432 1503 2498 quae
1517 2407 1560 2474 ab
1580 2408 1640 2474 illo

398 2518 431 2582 in
453 2518 632 2585 Caesarem
653 2518 919 2586 intentabantur.
940 2520 1026 2585 Dein
1046 2519 1124 2584 Piso
1145 2518 1236 2584 abire
1267 2519 1365 2585 Suria
1394 2517 1523 2583 statuit.
1556 2515 1641 2581 Mox

397 2625 539 2691 adversa
552 2627 743 2692 Germanici
759 2626 953 2692 valetudine
969 2627 1163 2696 detentus...
1177 2627 1263 2691 Turn
1278 2625 1467 2692 Seleuciam
1482 2623 1640 2711 degredi-

364 2800 366 2804 ,
397 2740 463 2813 tur,
490 2735 668 2822 opperiens
694 2735 953 2822 aegritudinem,
968 2758 1053 2824 quae
1069 2758 1202 2800 rursum
1216 2734 1417 2799 Germanico
1427 2731 1636 2802 acciderat...

402 2841 711 2928 llepcriebantur...
754 2841 902 2908 carmina
931 2849 964 2907 et
997 2842 1196 2908 devotiones
1224 2848 1258 2907 et
1286 2863 1409 2906 nomen
1447 2838 1639 2906 Germanici

398 2947 566 3035 plumbeis
587 2948 713 3014 tabulis
729 2949 950 3037 insculptum.
968 2988 1011 2999 -
1027 2973 1058 3029 a,
1076 2972 1129 3039 7⁰·
1150 2948 1199 3014 Ea
1210 2948 1411 3015 Germanico
1421 2945 1511 3012 haud
1526 2946 1640 3012 minus

395 3055 561 3144 iraquam
584 3079 645 3143 per
664 3065 792 3122 metum
823 3065 1002 3145 accepta...
1026 3057 1128 3123 «Sed
1160 3079 1228 3121 non
1260 3079 1367 3146 usque
1394 3078 1433 3121 eo
1462 3053 1634 3120 delectum

395 3161 647 3246 Germanicum,
666 3187 773 3253 neque
801 3165 951 3253 praemia
982 3163 1096 3229 caedis
1129 3163 1218 3252 apud
1256 3162 1505 3229 interfectorem
1536 3184 1635 3226 mau-

396 3293 513 3336 sura...
533 3298 548 3331 »
564 3271 634 3336 Nec
651 3271 730 3336 Piso
755 3280 905 3337 moratus
931 3271 1020 3337 ultra
1049 3294 1153 3336 naves
1183 3270 1296 3348 solvit,
1331 3269 1635 3358 moderabaturque

394 3378 519 3452 cursui,
537 3403 603 3466 quo
620 3380 758 3467 propius
773 3378 1017 3466 regrederetur,
1037 3379 1066 3442 si
1080 3402 1171 3443 mors
1184 3378 1376 3443 Germanici
1391 3377 1526 3443 Suriam
1551 3400 1630 3466 ape·

395 3486 528 3553 ruisset.
550 3487 844 3575 -2‚71.Caesar
859 3486 1031 3574 paulisper
1065 3486 1108 3551 ad
1133 3509 1228 3574 spem
1255 3493 1398 3568 erectus,
1433 3485 1511 3550 dein
1544 3484 1636 3549 fesso

394 3617 544 3681 corpore,
567 3594 624 3658 ubi
644 3595 720 3658 linis
745 3594 873 3674 adorat,
905 3594 1109 3659 adsistentes
1137 3594 1263 3658 amicos
1299 3594 1333 3657 in
1377 3592 1465 3657 hune
1497 3590 1636 3656 modum

393 3701 628 3788 adloquitur..,
681 3729 697 3761 ι(
729 3703 765 3767 Si
798 3702 867 3768 lato
902 3702 1162 3768 concederem...
1204 3701 1351 3766 Flebunt
1397 3700 1635 3765 Germanicum
1725 3756 1729 3762 .

394 3809 495 3873 etiam
515 3809 633 3895 ignoti,
660 3809 876 3874 vindicabitis
891 3833 952 3874 vos
965 3838 996 3876 n.
1011 3847 1054 3858 -
1075 3833 1107 3884 a,
1126 3809 1179 3896 73.
1199 3808 1373 3896 Corpus...
1392 3807 1635 3895 praetuleritne

393 3916 544 3979 venalicii
575 3916 683 4002 signa,
713 3939 831 4004 parum
864 3918 1031 3997 constitit,
1057 3940 1136 3981 nam
1165 3924 1203 3981 ut
1229 3917 1305 4005 quis
1337 3913 1567 3981 misericordia
1600 3915 1634 3979 in

393 4022 631 4087 Germanicum
658 4030 691 4087 ct
713 4032 929 4112 praesumpta
955 4024 1145 4111 suspicione
1174 4030 1232 4088 aut
1274 4023 1387 4088 lavore
1418 4023 1453 4087 iu
1475 4022 1634 4087 Pisonem

392 4130 539 4217 pronior,
558 4131 681 4194 diversi
696 4130 1016 4218 interpretabantur.
1035 4170 1078 4181 -
1095 4155 1125 4210 2,
1145 4130 1198 4218 75.
1226 4130 1416 4217 Agrippina
1441 4129 1635 4196 ...ascendit

392 4236 535 4301 classem
564 4261 639 4302 eum
668 4237 836 4303 cineribus
858 4237 1050 4303 Germanici
1077 4245 1111 4302 ct
1130 4236 1288 4304 liberis..
1318 4236 1477 4302 Pisonem
1497 4237 1633 4303 iuterim

392 4344 481 4432 apud
510 4346 617 4410 Coum
651 4346 798 4410 insulam
834 4347 974 4412 nuntius
1008 4345 1206 4435 adsequitur
1241 4346 1429 4410 excessisse
1454 4344 1633 4411 Germani-

392 4475 480 4518 cum.
497 4491 539 4500 —
555 4478 586 4528 a,
610 4452 663 4541 76.
684 4454 800 4542 (Apud
828 4453 890 4533 Cn,
908 4454 1067 4518 Pisonem
1094 4452 1141 4531 M,
1161 4453 1239 4517 Piso
1268 4452 1357 4517 lilius
1387 4451 1632 4540 disserebat)...

403 4559 606 4624 discordiam
619 4583 698 4647 erga
718 4561 958 4625 Germanicum
978 4560 1054 4625 odio
1078 4560 1220 4625 fortasse
1240 4560 1390 4647 dignam,
1410 4583 1478 4625 non
1509 4584 1631 4649 poena.

390 4692 479 4744 -2,
500 4692 551 4755 77.
582 4668 761 4756 (Loquitur
786 4667 875 4756 apud
908 4668 971 4734 Cn.
996 4668 1154 4733 Pisonem
1189 4668 1357 4732 Domitius
1393 4667 1504 4757 Celer)
1539 4670 1631 4733 «Au

388 4773 588 4838 festinamus
604 4799 678 4839 carru
696 4776 889 4840 Germanici
913 4774 1083 4840 cineribus
1104 4775 1286 4863 adpellere,
1321 4783 1358 4840 ut
1380 4783 1413 4840 te
1440 4776 1630 4842 inauditum

390 4890 423 4946 et
453 4882 664 4946 indefensum
695 4882 852 4970 planctus
881 4883 1133 4971 Agrippinae...
1174 4882 1372 4971 rapiantt...
1419 4883 1461 4948 Et
1501 4884 1630 4972 perisse

389 4990 627 5055 Germanicum
648 4989 732 5055 nulli
749 4991 930 5056 iactantius
951 4998 1113 5072 maerent,
1136 5012 1238 5079 quarn
1254 4991 1311 5079 qui
1334 4991 1482 5057 maxime
1504 4990 1633 5058 laetan-
