3709 6234
729 872 944 927 vassasrlnvs
1427 866 1482 925 719

240 1023 292 1082 rat
306 1022 340 1081 et
355 1015 534 1080 Mucianus
554 1015 716 1103 epistulas
739 1016 781 1080 ad
804 1022 1001 1081 senatum...
1028 1014 1065 1079 ld
1081 1038 1160 1079 vero
1176 1038 1254 1101 erga
1279 1036 1350 1079 rem
1366 1011 1479 1102 publi-

240 1146 314 1187 cam
328 1122 523 1210 superbum,
545 1146 624 1211 erga
644 1123 830 1211 principem
846 1121 1131 1187 contumeliosum
1148 1121 1272 1209 (visum
1291 1122 1374 1208 est),
1387 1118 1479 1209 quod

240 1230 274 1294 in
292 1253 394 1295 manu
419 1253 478 1295 sua
501 1230 605 1297 fuisse
631 1230 809 1319 imperium
834 1229 1064 1318 donatumque
1084 1229 1293 1318 Vespasiano
1318 1228 1476 1294 iactabat.

240 1376 283 1386 —
300 1338 356 1412 Ν,
374 1337 406 1402 6.
427 1337 475 1402 Εο
502 1347 640 1404 senatus
668 1337 735 1420 die,
758 1337 883 1427 quode
903 1337 1044 1425 imperio
1061 1336 1261 1425 Vespasiani
1280 1335 1477 1416 censebant,

241 1443 414 1531 placuerat
429 1445 518 1510 mitti
533 1445 576 1509 ad
596 1446 782 1533 principem
811 1444 954 1532 legatos.
979 1483 1022 1495 —
1038 1444 1095 1520 Ν,
1119 1468 1150 1532 7.
1168 1443 1352 1531 (Loquitur
1365 1442 1479 1509 Helvi·

240 1550 316 1615 dius
352 1551 504 1639 Priscus)
537 1576 554 1616 a
572 1552 786 1618 ...Pertinere
817 1551 859 1617 ad
887 1550 1087 1640 Vespasiani
1114 1551 1276 1616 honorem
1305 1573 1479 1632 occurrere

240 1656 301 1736 illi,
319 1681 405 1746 quos
420 1658 678 1724 honestissimos
693 1667 832 1725 senatus
847 1657 1010 1724 habeat...
1031 1658 1148 1724 Fuisse
1164 1658 1373 1745 Vespasiano
1398 1656 1480 1723 ami·

240 1766 354 1831 citiam
366 1789 442 1830 eum
462 1766 622 1846 Thrasea,
636 1766 777 1843 Sorano,
798 1766 956 1832 Sentio...
982 1766 1163 1831 Frueretur
1176 1765 1316 1854 (Eprius
1335 1764 1481 1856 Marcel-

241 1871 295 1937 lus
310 1870 533 1958 delationum)
550 1873 708 1962 praemiis
722 1880 755 1938 et
775 1873 988 1962 impunitate.
1011 1872 1257 1961 Vespasianum
1285 1871 1482 1938 melioribus

242 1978 447 2067 relinqueret
463 2007 492 2045 ».
514 2017 555 2030 -
578 1980 635 2057 IV,
656 1983 687 2045 8.
717 1980 928 2069 (Respondet
951 1980 1073 2069 Eprius
1088 1978 1284 2069 Marcellus)
1315 2009 1331 2042 α
1351 1979 1481 2047 ...Sua-

242 2086 320 2150 dere
344 2086 446 2150 etiam
470 2086 658 2174 (Helvidio)
685 2087 812 2167 Prisco,
843 2112 884 2152 ne
904 2110 1006 2175 supra
1021 2087 1207 2176 principem
1231 2087 1419 2167 scanderet,
1437 2111 1480 2153 ne

243 2193 487 2280 Vespasianum
516 2217 630 2259 senem
662 2194 913 2282 triumphalem,
938 2195 1098 2260 iuvenum
1130 2194 1314 2259 liberorum
1335 2202 1478 2283 patrem,

243 2301 430 2388 praeceptis
444 2309 612 2366 coerceret
628 2330 657 2366 n.
679 2338 723 2352 -
743 2302 800 2382 Ν,
819 2326 851 2391 9.
875 2302 1061 2368 Censuerat
1079 2300 1268 2381 Helvidius,
1294 2309 1331 2366 ut
1346 2301 1481 2390 Capito-

243 2407 325 2472 lium
350 2407 484 2495 puhlice
510 2408 755 2486 restitueretur,
786 2409 961 2474 adiuvaret
985 2409 1226 2498 Vespasianus.
1255 2445 1300 2457 -
1337 2408 1395 2491 lV,
1428 2409 1479 2475 13.

244 2512 376 2601 (lulius)
394 2514 555 2582 Civilis...
571 2516 770 2605 Vespasiani
784 2517 967 2582 amicitiam
992 2516 1209 2605 studiumque
1224 2516 1370 2604 partium
1387 2537 1481 2604 prae·

244 2622 366 2697 tendit,
389 2622 501 2686 missis
517 2645 598 2687 sane
614 2622 656 2687 ad
671 2646 748 2688 eum
770 2623 875 2688 Primi
889 2624 1031 2689 Antonii
1043 2621 1179 2705 litteris,
1193 2622 1317 2712 quibus
1331 2628 1483 2689 avertere

246 2731 351 2795 accita
373 2729 510 2796 Vitellio
539 2731 705 2798 auxilia...
737 2730 928 2798 iubebatur.
955 2720 1081 2797 Eadem
1112 2731 1326 2797 Hordeonius
1342 2731 1484 2797 Flaccus

245 2860 405 2926 praesens
428 2846 615 2918 monuerat,
642 2838 803 2904 inclinato
818 2839 853 2904 in
870 2840 1116 2929 Vespasianum
1131 2840 1244 2904 animo
1259 2846 1291 2905 et
1311 2839 1359 2904 rei
1374 2838 1484 2928 publi·

245 2968 302 3009 cae
322 2969 442 3010 cura...
464 2984 507 2994 -
528 2944 587 3027 lV,
612 2948 662 3023 rt.
684 2945 804 3033 (lulius
829 2944 948 3011 Civilis
980 2946 1070 3035 apud
1102 2948 1250 3012 batavos
1273 2946 1424 3034 disserit)
1441 2970 1483 3011 ne

247 3052 408 3116 llomanis
431 3052 567 3140 quidem
590 3054 760 3141 ingratum
777 3053 810 3118 id
826 3053 965 3124 bellum.
984 3054 1079 3119 cuius
1094 3054 1287 3142 ambiguam
1312 3054 1482 3120 fortunam

249 3159 454 3247 Vespasiano
476 3160 716 3247 imputatur0s;
734 3162 893 3226 victoriae
906 3161 1072 3227 rationem
1088 3185 1156 3227 non
1168 3161 1275 3228 reddi.
1293 3199 1332 3211 -
1350 3161 1408 3242 Ν,
1430 3185 1480 3248 ¹7·

247 3266 428 3353 (Loquitur
449 3265 555 3331 lulius
579 3266 714 3354 Civilis)
748 3296 763 3327 «ι
784 3267 915 3334 ...Dum
937 3268 994 3334 alii
1024 3269 1283 3357 Vespasianum,
1302 3268 1359 3334 alii
1374 3267 1483 3334 Vitel-

248 3372 330 3437 lium
360 3372 507 3452 foveant,
534 3381 649 3462 patere
678 3374 789 3439 locum
818 3374 981 3441 adversus
1007 3383 1187 3464 utrumque
1222 3404 1250 3442 n.
1273 3415 1316 3426 —
1341 3374 1399 3457 lV,
1427 3397 1481 3440 si.

248 3481 409 3550 Civilia...
441 3482 573 3547 consilii
602 3482 781 3572 ambiguus
796 3493 829 3550 et
845 3485 914 3550 vim
936 3485 1124 3551 Romanam
1146 3494 1320 3575 reputans,
1342 3493 1484 3551 cunctos

248 3588 306 3676 qui
321 3588 460 3654 aderant
473 3590 507 3653 in
522 3590 624 3655 verba
639 3592 838 3680 Vespasiani
865 3593 1012 3680 adigit...
1029 3631 1072 3641 —
1088 3592 1145 3674 Ν,
1170 3596 1222 3671 24.
1241 3592 1383 3682 (Milites
1399 3593 1484 3658 Ger-

250 3696 456 3760 manicarum
469 3696 641 3785 legionum
666 3699 700 3763 in
721 3699 953 3765 Hordeonium
970 3699 1129 3766 Flaccum
1151 3699 1301 3789 legatum
1313 3700 1403 3789 irati)
1419 3699 1485 3765 lre·

250 3802 428 3869 mebant...
461 3827 526 3869 non
561 3805 666 3869 Primi
695 3806 837 3872 Antonii
867 3830 975 3896 neque
990 3807 1140 3872 Muciani
1160 3831 1222 3895 ope
1237 3808 1484 3897 Vespasianum

250 3911 358 3997 magis
385 3910 614 3979 adolevisse...
647 3913 709 3978 His
738 3914 824 3980 inter
852 3937 887 3979 se
914 3914 1055 3980 vocibus
1070 3915 1250 3980 instinctos
1269 3917 1484 3981 flammavere

249 4017 387 4103 insuper
402 4017 777 4109 adlataeaVespasiano
792 4022 936 4102 litterae,
955 4046 1040 4112 quas
1056 4021 1238 4088 Flaccus...
1252 4046 1312 4111 pro
1327 4022 1485 4088 contione

119 4213 127 4224 ⁸
250 4125 415 4191 recitavit.
445 4126 571 4208 -Ν,
602 4153 654 4216 27.
691 4128 790 4194 Haud
810 4128 911 4194 dubie
926 4128 1102 4217 gregarius
1117 4128 1214 4193 miles
1229 4126 1367 4194 Vitellio
1382 4127 1482 4205 fidus,

250 4230 546 4319 splendidissimus
561 4236 703 4324 quisque
732 4237 767 4301 in
783 4236 1030 4324 Vespasianum
1043 4236 1152 4323 proni.
1174 4273 1218 4285 -·
1234 4234 1292 4311 Ν,
1310 4233 1486 4322 31.(Mili·

251 4346 301 4404 tes
321 4340 598 4407 Germanicarum
623 4343 794 4430 legionum
817 4366 893 4408 cum
918 4344 952 4407 in
970 4342 1071 4408 verba
1097 4343 1296 4432 Vespasiani
1311 4342 1486 4430 adigeren-

251 4452 330 4531 tur),
353 4448 552 4535 Vespasiani
579 4474 702 4515 nomen
724 4451 930 4516 haesitantes
949 4458 1006 4516 aut
1022 4450 1088 4516 levi
1103 4473 1274 4516 murmure
1289 4458 1323 4515 et
1341 4450 1487 4539 plerum-

251 4576 315 4641 que
348 4554 483 4620 silentio
514 4557 801 4624 transmittebant.
839 4598 882 4612 -
912 4557 969 4636 Ν,
1002 4558 1056 4625 32.
1076 4557 1204 4623 Missus
1225 4580 1302 4623 cum
1318 4557 1488 4624 mandatis

240 4658 438 4749 (Alpinius)
457 4663 640 4730 Montanus
664 4664 707 4729 ad
728 4665 884 4746 Civilem,
901 4674 939 4730 ut
953 4665 1134 4731 absisteret
1148 4664 1333 4731 belloneve
1349 4672 1487 4732 externa

250 4768 353 4832 armis
374 4768 468 4834 lalsis
488 4771 616 4837 velaret
637 4793 644 4838 :
664 4773 692 4837 si
705 4772 952 4862 Vespasianum
967 4755 1083 4839 iuvare
1098 4772 1281 4861 adgressus
1295 4773 1392 4853 loret,
1405 4774 1487 4839 satis

251 4875 377 4940 lactum
401 4879 542 4965 coeptis.
561 4916 604 4930 —
621 4879 678 4961 Ν,
696 4880 749 4947 36.
774 4879 940 4967 Legiones
962 4878 1161 4946 donativum
1178 4886 1379 4970 exposcunt,
1397 4904 1488 4947 com-

250 4992 345 5069 parto
354 4985 532 5071 pecuniam
547 4986 714 5053 aVitellio
732 4986 883 5057 missam.
905 4987 976 5053 Nec
998 4987 1057 5053 diu
1076 4995 1255 5055 cunctatus
1271 4987 1488 5054 Hordeonius
