3709 6234
281 858 315 914 40
710 860 957 914 AGhll‘PlNEltSlS
976 862 1117 916 cesoma

325 985 464 1053 caritate
491 984 700 1075 Agrippinae
728 983 876 1049 invisum
910 983 1048 1052 Neroni.
1076 1022 1120 1035 —
1153 983 1203 1068 16,
1235 982 1563 1051 21.Accedentibus

326 1094 437 1159 causis
463 1093 559 1181 (odii)
588 1093 622 1156 in
650 1090 844 1176 Thraseam,
875 1091 966 1180 quod
995 1099 1114 1158 senatu
1138 1114 1297 1179 egressus
1323 1099 1387 1174 est,
1412 1111 1503 1158 'cum
1521 1091 1562 1157 de

327 1201 516 1291 Agrippina
530 1200 720 1278 referretur,
743 1207 782 1264 ut
801 1199 1017 1266 memoravi¹.

281 1307 632 1375 AGlthPlNENSlS
647 1305 861 1389 COLONlA‚
873 1306 1251 1374 AGRIPPINENSES.
1267 1344 1308 1357 -
1326 1306 1354 1388 l,
1372 1305 1429 1376 56.
1442 1307 1560 1388 Nocte,

324 1441 410 1506 quac
426 1416 590 1484 kalendas
605 1416 777 1481 lanuarias
792 1422 908 1481 secuta
934 1421 998 1499 est,
1016 1415 1051 1480 in
1075 1414 1245 1482 coloniam
1275 1413 1564 1503 Agrippinensem

326 1525 483 1614 aquilifer
509 1531 648 1613 quartae
671 1522 816 1613 legionis
837 1522 990 1611 epulanti
1018 1521 1158 1588 Vitellio
1185 1523 1362 1588 nuntiat...
1388 1559 1432 1572 —
1462 1523 1491 1599 l,
1507 1523 1561 1612 57.

327 1634 452 1700 Fabius
471 1634 638 1700 Valens...
656 1632 711 1698 die
724 1631 880 1722 proximo
896 1630 1065 1697 coloniam
1078 1631 1410 1719 Agrippinensem...
1432 1629 1564 1718 ingres·

326 1768 385 1808 sus
400 1743 641 1829 imperatorem
665 1739 841 1806 Vitellium
866 1739 1138 1805 consalutavit...
1157 1739 1325 1805 Ardorem
1354 1738 1565 1805 exercituum

328 1849 610 1938 Agrippinenses,
632 1848 772 1924 Treviri,
800 1848 972 1934 Lingones
987 1846 1191 1935 aequabant.
1209 1885 1244 1898 —
1263 1845 1321 1923 Ν,
1340 1870 1393 1913 ao.
1411 1847 1567 1914 Victores

329 1959 481 2047 (bonnae
504 1957 638 2041 batavi)
658 1955 791 2021 colonia
818 1954 1088 2043 Agrippinensi'2
1117 1955 1235 2034 vitata,
1266 1954 1351 2020 nihil
1386 1964 1498 2023 cetero
1532 1958 1566 2022 in

328 2066 448 2131 itinere
468 2063 592 2129 hostile
621 2063 737 2133 ausi...
755 2102 797 2112 —
815 2062 873 2142 Ν,
898 2062 952 2128 25.
976 2061 1159 2150 Motusque
1187 2063 1306 2128 Bonna
1335 2063 1506 2129 exercitus
1533 2064 1567 2127 in

329 2173 500 2239 coloniam
521 2171 826 2260 Agrippinensem.
861 2208 907 2221 -
926 2170 985 2251 Ν,
1003 2176 1056 2238 28.
1079 2171 1228 2237 Actae...
1259 2169 1405 2258 praedae
1419 2172 1455 2260 (a
1482 2169 1567 2236 lulio

331 2280 449 2365 Civili)
463 2280 621 2346 infestius
635 2279 670 2343 in
684 2279 792 2361 Vbiis,
811 2278 902 2366 quod
928 2301 1013 2365 gens
1039 2277 1260 2343 Germanicae
1275 2277 1416 2365 originis
1440 2277 1568 2344 eiurata

334 2388 486 2478 patria...
504 2387 773 2476 Agrippinenses
788 2392 1004 2451 vocarentur.
1026 2426 1066 2437 -
1087 2385 1144 2466 Ν,
1163 2384 1217 2452 55.
1241 2385 1367 2473 (Duces
1381 2384 1567 2451 Galliarum

333 2495 553 2562 rebellionem
566 2495 739 2584 parantes)
749 2494 784 2558 in
800 2492 933 2558 colonia
943 2492 1186 2580 Agrippinensi
1202 2493 1237 2558 in
1251 2492 1391 2559 domum
1402 2493 1568 2581 privatam

334 2603 555 2677 conveniunt,
578 2625 657 2667 narn
672 2601 807 2689 publice
836 2600 956 2666 civitas
983 2583 1116 2666 talibus*
1139 2600 1281 2689 inceptis
1297 2598 1512 2668 abhorrebat.
1527 2635 1571 2651 -

337 2711 394 2793 IV,
413 2711 467 2777 56.
485 2708 625 2799 (Dillius
639 2708 783 2796 Vocula)
798 2709 831 2773 in
847 2707 1015 2773 coloniam
1031 2708 1318 2796 Agrippinensem
1330 2708 1517 2775 descendit.
1529 2743 1572 2759 -

339 2820 395 2896 Ν,
406 2818 460 2907 59.
472 2816 607 2904 (lulius)
620 2817 725 2882 Tutor
734 2815 846 2881 valida
860 2840 964 2881 manu
979 2816 1207 2882 circumdatos
1218 2816 1572 2904 Agrippinenses...in

339 2926 557 3015 (Galliarum)
574 2923 678 2989 verba
703 2924 821 3011 adigit.
852 2962 895 2974 -
918 2924 978 3005 Ν,
1000 2923 1054 2990 63.
1086 2924 1205 2989 Civilis
1232 2931 1264 2989 et
1285 2923 1513 3006 Classicus...,
1530 2946 1573 2991 en

340 3033 506 3100 coloniam
522 3031 811 3120 Agrippinensem
844 3031 1069 3119 diripiendam
1086 3031 1291 3097 exercitibus
1307 3031 1379 3097 suis
1392 3032 1573 3120 permitte-

341 3149 429 3222 rent,
447 3140 686 3207 dubitavere...
709 3140 854 3207 Civilem
878 3141 981 3206 etiam
996 3140 1150 3207 beneficii
1179 3140 1340 3206 memoria
1354 3141 1461 3219 flexit,
1483 3138 1574 3230 quod

342 3250 449 3315 filium
465 3249 538 3314 eius
558 3248 668 3337 primo
681 3271 794 3313 rerum
810 3255 904 3314 nrotu
919 3248 954 3312 in
974 3246 1107 3313 colonia
1122 3247 1367 3336 Agrippinensi
1386 3248 1575 3338 deprehen·

344 3382 419 3423 sum
443 3357 607 3422 honorata
635 3356 790 3422 custodia
810 3356 1010 3422 habuerant.
1032 3394 1065 3405 -
1085 3356 1143 3437 Ν,
1162 3357 1215 3433 dd.
1246 3356 1442 3422 Tencteri...
1464 3354 1577 3421 missis

344 3464 467 3553 legatis
482 3463 641 3529 mandata
661 3462 751 3551 apud
773 3463 955 3528 concilium
970 3463 1275 3551 Agrippinensium
1290 3463 1346 3530 edi
1359 3462 1520 3530 iubent...
1536 3499 1577 3511 -

346 3573 404 3650 Ν,
442 3570 496 3638 65.
526 3570 796 3659 Agrippinenses
830 3581 966 3660 sumpto
999 3570 1215 3637 consultandi
1247 3572 1399 3660 spatio...
1426 3571 1461 3637 in
1489 3571 1578 3638 hunc

348 3679 487 3745 modum
514 3678 764 3767 respondent...
782 3680 838 3744 Sic
875 3678 990 3744 lenitis
1006 3678 1179 3745 Tencteris
1198 3679 1302 3768 legati
1324 3679 1367 3745 ad
1383 3678 1526 3747 Civilem
1541 3701 1579 3744 ac

351 3786 532 3853 Velacdam
552 3787 648 3852 missi
663 3810 740 3852 cum
755 3786 854 3852 donis
868 3794 989 3852 cuncta
1005 3810 1046 3852 ex
1071 3786 1247 3852 voluntate
1277 3787 1580 3876 Agrippinensium

349 3902 596 3983 perpetravere.
611 3931 655 3946 -
671 3895 729 3974 Ν,
743 3893 798 3960 66.
822 3893 942 3959 Civilis
956 3894 1118 3960 societate
1137 3895 1441 3983 Agrippinensium
1462 3901 1580 3961 auctus

349 4002 522 4090 proximas
541 4002 697 4067 civitates
721 4001 932 4067 adfectare...
950 4003 1080 4068 statuit.
1099 4003 1216 4078 -Ν,
1237 4028 1289 4092 79.
1317 4002 1469 4070 (lrabant
1488 4001 1579 4068 auxi·

350 4109 433 4175 lium
458 4107 729 4196 Agrippinenses
754 4106 1007 4195 offerebantque
1034 4106 1172 4194 (Petilio
1199 4107 1336 4197 Ceriali)
1375 4131 1516 4175 uxorem
1543 4129 1578 4174 ae

350 4238 500 4281 sororem
521 4214 640 4281 Civilis
655 4222 689 4280 et
704 4212 808 4278 tiliam
821 4213 976 4295 Classici,
994 4213 1109 4280 relicta
1126 4213 1190 4279 sibi
1210 4215 1353 4303 pignora
1368 4215 1577 4286 societatis...

353 4323 631 4413 Flagrantissima
647 4321 837 4387 cohortium
859 4321 1034 4410 (Civilis).
1044 4373 1051 4387 .
1063 4321 1213 4388 Tolbiaci
1228 4324 1262 4388 in
1283 4322 1409 4390 sinibus
1423 4321 1577 4413 Agrippi·

351 4433 508 4498 nensium
540 4430 703 4518 agebat...
733 4429 853 4495 Tristis
881 4430 1078 4508 nuntius..,
1116 4430 1263 4497 deletam
1295 4432 1469 4498 cohortem
1506 4429 1576 4499 dol<

352 4539 668 4628 Agrippinensium,
691 4541 748 4626 qui
782 4537 887 4625 largis
912 4538 1024 4626 epulis
1052 4538 1201 4628 vinoque
1225 4540 1355 4628 sopitos
1382 4541 1572 4607 Germanos

340 4745 350 4781 ¹
365 4745 398 4795 V.
413 4746 505 4802 ctiam,
520 4761 539 4801 1,
553 4743 595 4802 3³;
609 4751 788 4808 ²24¹›712723
803 4742 826 4802 3,
840 4757 864 4802 2,
880 4758 916 4806 ra,
933 4745 1062 4808 17;a,5³,
1077 4745 1116 4809 59,
1134 4745 1180 4810 683
1197 4746 1223 4806 5,
1240 4760 1266 4809 ι;
1285 4761 1323 4806 12,
1339 4760 1369 4810 93
1390 4746 1427 4810 ιδ,
1443 4745 1468 4806 e,
1484 4761 1521 4808 η,
1543 4745 1572 4796 rt

311 4835 347 4884 rt,
362 4825 387 4883 6,
405 4840 442 4885 ιι,
455 4825 500 4887 62,
516 4823 659 4887 15,62,67;
675 4824 706 4873 G.
724 4824 763 4872 28.

339 4900 351 4935 ¹
369 4896 395 4949 Μ
408 4911 414 4944 :
430 4895 648 4960 agrippinenrrir.
660 4896 736 4945 Corr.
754 4896 854 4947 bleiser
867 4911 873 4947 :
885 4915 897 4945 a
910 4895 955 4947 Sic
965 4897 1067 4962 ubique
1080 4898 1148 4949 dicit
1158 4899 1300 4951 Tacitus...
1312 4898 1378 4963 Syll.
1394 4914 1410 4949 u
1421 4901 1573 4968 exaequent

308 4976 444 5028 vocabulo
454 4976 636 5040 (uitata)ortu
651 4977 768 5029 videtur.
787 4992 800 5023 s
1506 4979 1509 4984 '
