3709 6234
366 863 420 920 ‘le
910 865 1118 920 GERMANICVS

409 1008 708 1075 attollentium.-
734 1007 776 1082 ll.
809 1005 861 1074 23.
894 1007 1059 1096 (etunius)
1086 1008 1207 1074 Gallus
1237 1009 1406 1096 legionem
1437 1009 1582 1097 primam
1611 1010 1646 1078 in

410 1118 572 1184 auxilium
605 1117 796 1183 Placentiae
823 1116 980 1197 (lucebat,
1015 1117 1148 1182 diffisus
1182 1119 1342 1206 paucitati
1370 1118 1572 1194 cohortium,
1607 1143 1648 1186 ne

411 1225 546 1313 longius
565 1225 734 1290 obsidium
751 1234 784 1291 et
808 1225 877 1290 vim
899 1226 1093 1291 Germanici
1118 1227 1285 1292 exercitus
1307 1249 1426 1316 parum
1453 1225 1645 1295 tolerarent.

410 1373 452 1384 -
478 1335 520 1404 ll.
541 1333 592 1400 55.
618 1333 763 1399 Additae
785 1333 817 1420 (a
834 1335 967 1418 senatu)
982 1357 1061 1422 erga
1076 1334 1316 1400 Germanicum
1332 1334 1516 1400 exereitum
1531 1334 1648 1400 laudes

409 1451 588 1530 gratesque
604 1444 696 1530 (post
713 1442 838 1506 rictum
870 1441 1052 1530 Othonem)
1074 1450 1107 1508 et
1137 1443 1239 1507 missa
1259 1440 1426 1528 legatio...
1447 1481 1491 1491 -
1519 1443 1561 1524 ll,
1591 1443 1645 1530 57.

411 1550 548 1615 Interim
571 1549 727 1614 Vitellius
749 1549 907 1614 victoriae
928 1573 1008 1614 suae
1038 1551 1170 1615 nescius
1194 1558 1230 1615 ut
1251 1550 1293 1614 ad
1322 1551 1490 1637 integrum
1519 1548 1647 1615 bellum

409 1657 556 1745 reliquas
585 1657 777 1721 Germanici
812 1658 981 1722 exercitus
1005 1659 1094 1723 vires
1126 1657 1350 1724 trahebat-
1375 1657 1418 1732 ΙΙ,
1451 1658 1503 1723 58.
1530 1657 1647 1746 Neque

409 1766 551 1833 arduum
577 1765 641 1831 fuit
660 1764 853 1852 (conciliare
874 1765 1011 1830 Vitellio
1037 1767 1231 1831 Maurorum
1258 1765 1417 1854 animos),
1442 1787 1563 1853 magne
1588 1789 1648 1854 per

408 1873 598 1962 provincias
611 1873 805 1938 Germanici
827 1873 996 1941 exercitus
1013 1873 1101 1938 fama
1131 1913 1173 1923 -
1200 1873 1241 1950 ll,
1270 1873 1324 1940 60.
1343 1873 1440 1938 Vnde
1467 1872 1646 1961 praecipua

408 1983 442 2046 in
457 1979 631 2046 Vitellium
644 1980 801 2046 alienatio
812 2004 871 2069 per
888 1980 1041 2067 lllyrieos
1052 1982 1230 2062 exercitus3
1243 1981 1345 2046 simul
1356 1989 1485 2046 ceterae
1495 1980 1646 2068 legiones

408 2096 564 2154 contactu
588 2096 621 2153 et
637 2089 797 2154 adversus
825 2089 1045 2154 Germanicos
1064 2089 1188 2155 milites
1215 2089 1341 2154 invidia
1362 2088 1488 2154 bellum
1504 2088 1647 2154 meditu-

409 2196 542 2262 bantur.
561 2197 662 2272 -ΙΙ,
682 2198 736 2285 75.
759 2196 965 2263 Versabatur
979 2191 1056 2262 aule
1070 2198 1186 2263 oculos
1203 2197 1430 2286 (Vespasiani)
1453 2196 1647 2262 Germanici

408 2305 573 2370 exerc-itus
589 2305 701 2384 robur,
723 2313 840 2370 notum
856 2306 928 2370 vire
951 2305 1098 2371 militari.
1119 2345 1157 2357 -
1172 2305 1214 2385 ll,
1233 2331 1288 2394 77.
1305 2304 1429 2392 (Verba
1451 2304 1531 2369 facit
1556 2304 1645 2393 apud

408 2413 652 2502 Vespasianum
670 2411 861 2500 llucianus)
888 2437 903 2476 a
918 2414 1008 2478 'l'uae
1028 2413 1185 2481 domui...
1203 2414 1270 2478 duo
1282 2414 1433 2488 iuvenes,
1452 2435 1557 2500 capax
1577 2413 1644 2477 iam

408 2522 539 2610 imperii
559 2520 643 2585 alter
678 2521 800 2607 (litas)
826 2527 859 2585 et
883 2521 1001 2608 primis
1022 2520 1161 2586 militiae
1188 2521 1286 2586 annis
1310 2520 1400 2610 apud
1425 2520 1646 2586 Germanicos

408 2653 540 2720 quoque
555 2630 723 2695 exercitus
740 2628 862 2694 clarus.
884 2659 898 2688 n
914 2667 958 2680 -
972 2629 1015 2709 ll,
1031 2629 1084 2696 80.
1104 2629 1194 2694 Nihil
1208 2653 1313 2719 aeque
1328 2629 1536 2718 provinciam
1551 2652 1646 2695 exer·

408 2737 580 2826 citumque
612 2737 763 2803 accendit
790 2760 892 2826 quam
921 2737 1011 2826 quod
1051 2737 1273 2803 adseverabat
1289 2738 1466 2803 Mucianus
1486 2737 1645 2803 statuisse

407 2844 433 2905 V
439 2844 594 2916 itellium,
613 2852 650 2910 ut
662 2845 880 2909 Germanicas
896 2845 1046 2932 legiones
1059 2845 1093 2909 in
1109 2846 1241 2932 Syriam
1259 2846 1300 2911 ad
1318 2845 1473 2911 militiam
1506 2843 1645 2932 opulen-

407 2960 476 3017 tam
496 2953 712 3040 quietamque
742 2953 951 3033 transferret,
977 2959 1093 3017 contra
1120 2953 1268 3040 Syriacis
1288 2952 1479 3040 legionibus
1506 2953 1644 3017 Germa-

408 3061 481 3124 nica
503 3059 684 3126 hiberna...
707 3068 928 3125 mutarentur.
956 3101 983 3109 -
1007 3060 1050 3140 ll,
1083 3085 1136 3150 99.
1169 3062 1282 3148 Longe
1310 3060 1375 3125 alia
1396 3059 1643 3148 proficiscentis

406 3191 446 3232 ex
462 3167 543 3232 urbe
558 3168 751 3232 Germanici
766 3168 935 3232 exercitus
964 3168 1105 3255 species,
1130 3191 1196 3232 non
1224 3169 1320 3255 vigor
1346 3167 1554 3257 corporibus,
1572 3190 1642 3232 non

407 3275 505 3340 ardor
518 3275 639 3340 animis
660 3325 678 3341 ..
692 3314 736 3323 —
757 3276 815 3346 lll.
838 3299 865 3340 r.
889 3275 1020 3354 Quibus
1036 3276 1181 3363 opperiri
1210 3276 1335 3341 auxilia
1368 3284 1402 3341 et
1422 3275 1553 3340 trahere
1568 3274 1652 3340 bel-'

406 3382 475 3449 lum
492 3383 680 3462 videbatur,
704 3384 980 3447 Germanicarum
1008 3383 1180 3470 legionum
1196 3385 1264 3448 rim
1293 3384 1484 3472 famamque
1500 3381 1643 3448 extolle·

407 3489 500 3562 bant.
515 3530 550 3540 -
564 3491 624 3566 lll,
643 3493 673 3555 8.
690 3490 1065 3556 Interiectusexercitus
1076 3490 1288 3576 (Flavianus)
1302 3491 1455 3556 Raetiam
1472 3491 1643 3579 luliasque

407 3598 523 3685 Alpes,
544 3621 585 3663 ne
599 3600 750 3686 pervium
765 3598 822 3662 illa
836 3599 1046 3663 fierrnanicis
1071 3600 1274 3665 exercitibus
1297 3599 1393 3678 foret,
1411 3600 1641 3687 obsaepserat.

406 3743 450 3756 -
466 3707 524 3781 lll,
544 3731 573 3794 ς).
594 3707 661 3788 (td
679 3706 872 3791 Flavianos)
893 3707 984 3771 misit
1009 3706 1172 3794 epistulas
1194 3707 1379 3774 Caecina...
1406 3706 1513 3773 Simul
1534 3707 1642 3771 virtus

408 3816 600 3880 Germanici
615 3818 781 3879 exercitus
798 3813 955 3879 laudibus
980 3813 1208 3879 attollebatur.
1228 3854 1267 3865 -
1285 3815 1346 3894 lll,
1366 3816 1416 3881 13.
1435 3843 1450 3875 u
1467 3815 1541 3879 lluc
1557 3815 1644 3879 ceci·

333 3958 336 3962 ·
407 3923 497 3986 disse
505 3922 1033 4008 tierrrmniciexereitusgloriam‚
1045 3923 1160 3987 utsine
1171 3922 1310 4011 praelio,
1321 3924 1392 3988 sine
1403 3923 1643 3988 vulnerevinc-

410 4039 459 4094 tas
471 4054 591 4094 manus
607 4037 638 4093 et
655 4037 751 4116 capta
778 4030 950 4094 traderent
965 4054 1058 4094 arum
1069 4034 1084 4095 ἱ)
1103 4059 1116 4091 o
1130 4068 1171 4078 -
1185 4032 1244 4108 ΙΙΙ,
1274 4029 1327 4097 26.
1346 4030 1538 4096 Othoniano
1553 4028 1644 4095 bello

405 4139 627 4201 flerananicus
640 4137 737 4200 miles
752 4137 929 4201 irracnibus
942 4138 1219 4202 Cremonensium
1232 4147 1340 4204 castra
1351 4163 1424 4220 sua,
1442 4138 1561 4203 eastris
1571 4139 1642 4203 val-

408 4244 477 4308 lum
501 4245 764 4310 circumiecerat.
781 4283 826 4295 -
852 4245 909 4320 lll‚
938 4245 990 4308 38.
1009 4245 1133 4330 (Verba
1151 4245 1228 4310 facit
1244 4247 1332 4333 apud
1354 4246 1528 4312 Vitellium
1549 4247 1643 4334 prin-

406 4353 513 4439 cipem
537 4353 573 4417 L.
597 4351 754 4415 Vitellius
779 4351 893 4438 frater)
925 4377 941 4414 e
966 4353 1103 4417 Frustra
1120 4353 1366 4441 Vespasianum
1399 4354 1522 4430 timeri,
1540 4376 1641 4441 quem

408 4467 457 4524 tot
472 4458 691 4523 Germanicae
707 4458 899 4546 legiones...
919 4460 1093 4545 (arceant).
1115 4489 1130 4520 o
1151 4499 1190 4509 -
1210 4461 1268 4540 ΙΙΙ,
1288 4460 1342 4548 69.
1363 4463 1410 4526 De
1431 4462 1553 4526 studiis
1568 4462 1643 4526 vul·

407 4569 439 4653 gi
461 4575 493 4632 et
509 4566 609 4630 minis
625 4567 901 4631 Germanicarum
917 4567 1106 4632 cohortium
1117 4567 1267 4633 adfertur
1280 4568 1413 4654 (Flavio
1427 4569 1580 4656 Sabino).
1599 4611 1643 4621 -

407 4674 467 4751 ΙΙΙ,
485 4679 540 4750 ar.
562 4672 691 4738 (lbrius
711 4699 727 4738 e
744 4673 954 4738 Germanicis
975 4673 1139 4739 militibus
1161 4673 1336 4739 Vitellium
1358 4675 1479 4739 infesto
1499 4676 1567 4741 ictu
1583 4701 1643 4765 per

406 4784 501 4861 iram,
520 4780 572 4845 vel
583 4804 649 4869 quo
662 4780 978 4845 maturiusludibrio
994 4781 1167 4852 eximeret.
1193 4805 1234 4846 an
1262 4781 1435 4847 tribunum
1449 4783 1639 4871 adpellerit,

406 4891 439 4953 in
455 4890 581 4953 incerto
603 4887 705 4953 fuit...
729 4924 769 4939 -
786 4889 844 4968 IV,
868 4889 921 4953 32.
941 4889 1061 4954 Lectae
1086 4888 1207 4954 deinde
1227 4914 1287 4979 pro
1303 4891 1459 4956 contione
1473 4891 1639 4980 epistulae

407 4997 547 5070 Antonii
564 4995 694 5085 fl'rimi)
713 4997 754 5060 ad
775 4995 917 5060 Civilem
945 4996 1153 5092 suspiciones
1176 4996 1321 5064 militurn
1345 4997 1530 5082 imitavere,
1554 5005 1640 5070 tam·
