3709 6234
858 841 941 893 neno
1489 843 1537 897 ⁴71

300 979 446 1047 Neronis
458 1003 668 1047 resumere...
688 982 802 1047 Medio
821 982 971 1048 tribunal
995 983 1108 1048 sedem
1139 984 1290 1049 curulem
1309 992 1344 1051 et
1359 986 1456 1052 sedes
1469 987 1539 1053 elfi-

300 1089 389 1176 giem
405 1088 549 1154 Neronis
564 1088 764 1157 sustinebat.
784 1090 839 1155 Ad
854 1114 957 1179 quam
986 1114 1186 1179 progressus
1200 1091 1408 1160 Tiridates...
1425 1094 1539 1159 subla-

301 1203 372 1262 tum
391 1197 493 1284 capiti
515 1197 668 1262 diadema
693 1198 831 1283 imagini
852 1198 1006 1265 subiecit.
1025 1237 1067 1247 --
1087 1197 1136 1263 15.
1156 1197 1209 1264 31.
1233 1198 1394 1266 Obsidem
1410 1202 1537 1269 interea

300 1302 408 1368 lilium
424 1303 526 1370 tradit
539 1303 737 1395 litterasque
753 1305 922 1393 supplices
943 1306 985 1370 ad
1003 1306 1182 1372 Neronem.
1202 1344 1243 1355 -
1263 1305 1313 1384 15,
1338 1305 1391 1373 32.
1410 1307 1537 1375 Eodem

299 1434 388 1478 anno
402 1410 527 1479 Caesar
542 1413 698 1478 nationes
711 1411 851 1501 Alpium
864 1413 1108 1478 maritimarum
1122 1414 1156 1478 in
1170 1414 1221 1478 ius
1243 1414 1330 1478 Latii
1348 1417 1534 1484 transtulit.

298 1555 341 1570 -
362 1517 413 1600 15,
430 1518 484 1585 33.
515 1520 654 1585 Aeriore
681 1521 714 1584 in
736 1520 808 1585 dies
829 1520 987 1609 cupidine
1003 1520 1200 1608 adigebatur
1214 1521 1303 1586 Nero
1325 1524 1536 1609 promiscuas

299 1649 439 1693 scaenas
459 1627 736 1716 frequentandi...
760 1627 866 1706 Qui...
881 1629 1061 1694 Caesarem
1082 1651 1140 1715 per
1163 1630 1327 1694 honorem
1351 1638 1409 1696 aut
1422 1632 1536 1697 varios

299 1758 381 1800 usus
395 1742 580 1801 sectantur.
600 1776 640 1787 -
661 1736 711 1814 15,
731 1736 783 1803 35.
805 1736 948 1822 (Vatinii
964 1736 1217 1823 gladiatorium)
1235 1760 1359 1802 munus
1379 1738 1536 1828 trequen-

299 1843 385 1908 tanti
400 1841 525 1907 Neroni
546 1865 588 1907 ne
603 1843 692 1908 inter
706 1842 898 1930 voluptates
914 1843 1051 1930 quidem
1067 1866 1085 1907 a
1102 1843 1286 1908 sceleribus
1297 1846 1493 1912 cessabatur
1512 1897 1532 1913 ..

298 1950 488 2039 Secutaque
504 1949 648 2014 Neronis
658 1951 763 2015 oratio
775 1973 816 2015 ex
833 1974 937 2029 more,
954 1952 1109 2039 quamvis
1129 1958 1260 2017 sontem
1273 1953 1329 2038 (l).
1346 1952 1533 2032 lunium)...

298 2057 468 2123 victurum
505 2066 615 2123 tamen
656 2057 771 2138 luisse,
794 2059 822 2122 si
837 2057 1051 2123 clementiam
1086 2058 1206 2123 iudicis
1234 2068 1536 2148 exspectasset.-

303 2163 352 2242 15,
371 2165 424 2255 39.
440 2165 488 2230 Ee
502 2165 536 2229 in
550 2173 700 2252 tempore
716 2164 804 2229 Nero
821 2165 914 2229 Antii
932 2187 1036 2252 agens
1051 2188 1118 2229 non
1137 2173 1213 2231 ante
1230 2167 1264 2231 in
1275 2167 1393 2233 urbem
1407 2192 1536 2256 regres-

298 2295 355 2337 sus
372 2280 436 2344 est.
452 2295 554 2360 quam
575 2271 690 2336 domui
711 2273 824 2337 eius...
850 2272 938 2358 ignis
954 2273 1195 2361 propinquaret
1219 2310 1259 2322 —
1286 2277 1334 2347 15.
1354 2278 1406 2351 to.
1428 2276 1533 2342 l'ide-

297 2377 464 2467 baturque
485 2378 573 2443 Nero
588 2377 783 2443 condendae
803 2376 895 2442 urbis
918 2401 1024 2443 norae
1045 2385 1078 2443 et
1092 2388 1316 2465 cognomento
1337 2405 1397 2445 suo
1417 2381 1532 2471 appel·

297 2486 417 2552 landae
442 2485 585 2574 gloriam
607 2508 776 2573 quaerere.
803 2525 846 2534 -
873 2485 923 2564 15,
950 2489 1003 2562 la.
1022 2486 1110 2550 Nero
1125 2509 1208 2551 usus
1220 2495 1273 2552 est
1286 2490 1414 2576 patriae
1426 2490 1532 2554 ruinis

296 2594 531 2683 exstruxitque
566 2593 746 2658 domum...
781 2593 927 2672 Ner0...‚
949 2601 986 2658 ut
1009 2602 1081 2659 erat
1108 2594 1357 2660 incredibilium
1387 2597 1530 2684 cupitor.

296 2703 441 2768 ellodere
455 2703 609 2791 proxima
624 2705 761 2767 Averno
775 2703 852 2789 iuga
868 2702 1004 2767 conisus
1015 2712 1078 2780 est,
1098 2703 1149 2788 (ut
1159 2704 1386 2790 navigabilem
1407 2703 1532 2769 lessam

295 2834 402 2899 usque
432 2811 474 2875 ad
502 2810 587 2875 ostia
615 2809 770 2874 Tiberina
810 2809 1040 2896 deprimeret).
1080 2847 1124 2861 ·-
1154 2810 1203 2892 15,
1221 2809 1275 2887 43.
1295 2811 1360 2876 llas
1382 2813 1532 2900 porticus

295 2918 384 2984 Nero
404 2942 465 2983 sua
485 2918 625 3005 pecunia
641 2924 934 2983 exstructurum...
948 2916 1119 3004 pollicitus
1132 2925 1194 2985 est.
1206 2958 1249 2967 -
1269 2919 1318 2996 15,
1342 2922 1396 2996 tt.
1413 2919 1530 2987 Non...

295 3025 638 3098 decedebatinlamia‚
656 3026 737 3112 quin
754 3025 882 3088 iussum
898 3024 1092 3089 incendium
1118 3024 1320 3091 crederetur.
1344 3027 1432 3114 Ergo
1453 3026 1532 3092 abo·

293 3133 394 3198 lende
410 3133 536 3198 rumori
555 3132 642 3197 Nero
660 3131 811 3196 subdidit
827 3155 901 3196 reos
917 3140 951 3197 et
979 3133 1241 3220 quaesitissimis
1261 3135 1379 3222 poenis
1394 3134 1528 3214 adiecit,

294 3264 390 3329 quos.
413 3292 420 3306 .
438 3239 563 3324 vulgus
579 3239 789 3304 Christianos
805 3238 1047 3326 appellabat...
1058 3239 1183 3304 llortos
1194 3263 1273 3304 suos
1289 3241 1318 3304 ei
1339 3241 1531 3328 spectaculo

293 3346 382 3412 Nero
401 3346 570 3412 obtulerat
590 3355 623 3412 et
638 3347 787 3412 circense
816 3347 984 3411 ludicrum
1009 3346 1142 3424 edebat,
1163 3346 1279 3411 habitu
1300 3348 1434 3435 aurigae
1457 3372 1530 3436 per·

294 3455 421 3520 mixtus
436 3454 526 3543 plebi
542 3453 595 3518 vel
616 3454 782 3519 curriculo
803 3454 975 3519 insistens.
991 3493 1034 3505 —
1060 3453 1108 3526 15,
1131 3453 1181 3530 45.
1200 3454 1379 3519 'l'radidere
1393 3455 1530 3543 quidam

294 3583 460 3626 venenum
511 3560 688 3647 (Senecae)
737 3584 796 3648 per
825 3560 982 3625 libertum
1028 3562 1175 3648 ipsius...
1228 3568 1383 3647 paratum
1435 3561 1530 3625 iussu

293 3667 476 3736 Neronis...
495 3708 538 3717 -
558 3668 607 3748 15,
626 3668 679 3745 46.
699 3668 836 3734 Certum
858 3668 899 3732 ad
919 3667 1008 3732 diem
1029 3669 1062 3731 in
1083 3667 1302 3755 Campaniam
1318 3667 1426 3732 redire
1446 3667 1530 3732 elas·

294 3797 363 3842 sem
379 3775 467 3841 Nero
496 3778 652 3853 iusserat,
684 3800 750 3840 non
765 3775 913 3862 exceptis
929 3775 1031 3839 maris
1055 3774 1199 3840 casibus.
1218 3812 1262 3824 -
1285 3774 1332 3844 15,
1357 3777 1410 3863 47.
1429 3774 1530 3840 Sidus

292 3891 439 3949 cometes
465 3884 631 3970 sanguine
659 3883 794 3948 inlustri
823 3905 957 3971 semper
986 3882 1110 3947 Neroni
1136 3883 1320 3970 expiatum.
1338 3921 1381 3931 -
1401 3883 1449 3959 15,
1472 3882 1526 3959 48.

292 3990 417 4079 Coepta
432 3991 580 4056 simulet
599 4001 695 4056 aucta
712 3990 954 4060 coniuratione,
978 3991 1129 4079 inquam
1149 3991 1302 4055 certatim
1317 3991 1453 4056 nomina
1473 3989 1528 4053 de-

293 4098 410 4165 derant
431 4106 615 4177 senatoreS,
639 4123 752 4187 eques,
771 4098 880 4167 miles.
898 4098 1040 4162 leminae
1055 4099 1168 4178 etiam,
1192 4121 1266 4162 euni
1279 4097 1355 4162 odio
1371 4097 1526 4174 Neronis,

293 4213 365 4272 tum
380 4206 494 4270 lavore
511 4206 543 4269 in
560 4205 598 4270 C.
624 4205 853 4271 Pisonem-
887 4204 937 4285 15,
953 4208 1005 4292 49.
1024 4205 1235 4291 (rlnnaeum)
1257 4205 1430 4270 Lucanum
1454 4228 1528 4292 prn-

291 4314 385 4401 priae
404 4337 525 4378 causae
546 4313 787 4381 accendebant.
810 4312 901 4401 quod
917 4312 1039 4376 lamam
1067 4313 1255 4376 carminum
1270 4313 1342 4377 eius
1356 4312 1528 4400 premebat

293 4421 381 4486 Nero
397 4421 681 4509 prohibueratque
706 4429 886 4492 ostentare.
917 4443 1026 4484 vanus
1053 4419 1318 4486 aemulatione...
1337 4420 1527 4508 (Afranius)

292 4527 538 4607 Quintianus...
557 4555 574 4592 a
592 4529 722 4593 Nerone
744 4527 907 4615 probroso
927 4529 1074 4592 carmine
1095 4527 1289 4592 ditlamatus
1305 4527 1528 4593 contumelias

291 4635 400 4701 ultum
428 4636 510 4701 ibat..
532 4673 575 4686 -
596 4639 717 4709 150'10.
743 4635 934 4723 (Claudius)
964 4636 1104 4701 Senecio
1120 4659 1137 4700 a
1156 4636 1334 4723 praecipua
1359 4634 1529 4700 familiari·

290 4751 358 4809 tate
369 4743 552 4810 Neronis...
573 4744 710 4830 Cepisse
725 4744 889 4832 impeturn
904 4743 1046 4807 Subrius
1063 4742 1187 4807 Flavus
1207 4741 1375 4808 terebatur
1389 4744 1423 4807 in
1438 4767 1528 4808 seae-

289 4874 332 4915 na
351 4859 527 4915 canentem
554 4851 721 4914 Neronem
750 4850 970 4936 adgrediendi
995 4859 1051 4916 aut
1075 4873 1151 4915 cum
1186 4851 1324 4916 ardente
1344 4851 1445 4915 domo
1469 4876 1527 4939 per

290 4967 422 5032 noctem
443 4960 507 5025 huc
523 4959 602 5028 illue
618 4968 768 5028 cursaret
782 4960 1019 5034 incustoditus.
1038 4998 1081 5010 -
1102 4960 1151 5034 15,
1168 4962 1220 5027 5ι.
1244 4959 1325 5034 Erat
1339 4961 1527 5028 navarchus
