3709 6234
372 854 421 910 176
924 858 1097 911 clunetvs

413 1000 503 1087 peris
514 999 558 1062 ad
571 998 604 1063 id
619 997 721 1062 rebus
745 998 831 1077 eius,
850 1021 928 1062 mox
950 997 1129 1084 ambiguis,
1149 996 1221 1060 sive
1236 1003 1349 1062 amoto
1366 995 1540 1075 Carataco,
1553 998 1649 1086 quasi

413 1104 620 1171 debellatum
636 1105 733 1185 soret,
747 1105 860 1170 minus
877 1105 1007 1170 intenta
1024 1102 1115 1192 apud
1134 1126 1197 1168 nos
1217 1103 1336 1168 militia
1353 1104 1427 1185 luit,
1443 1105 1514 1170 sive
1535 1104 1650 1171 hostes

414 1214 630 1279 miseratione
650 1212 735 1277 tanti
751 1213 839 1300 regis
864 1212 976 1277 acrius
997 1210 1041 1275 ad
1063 1210 1229 1276 ultionem
1249 1233 1416 1277 exarsere.
1437 1249 1482 1261 -
1514 1236 1565 1289 ia,
1592 1215 1646 1288 (o.

415 1322 642 1409 Postcaptum
656 1317 856 1384 Caratacum
891 1319 1090 1408 praecipuus
1110 1317 1251 1384 scientia
1274 1319 1322 1383 rei
1346 1318 1501 1383 militaris
1530 1319 1648 1384 Venu-

414 1428 742 1514 tius,eBrigantum
759 1428 937 1492 civitate...
969 1466 1012 1475 —
1053 1425 1113 1500 lll,
1147 1424 1201 1502 45.
1222 1424 1464 1492 Cartimandua
1496 1426 1651 1514 (Brigan-

414 1543 488 1600 tum
512 1535 684 1623 regina)...
715 1541 814 1622 capto
829 1557 887 1622 per
901 1533 1017 1600 dolum
1041 1555 1120 1620 rege
1136 1532 1299 1598 Carataco
1314 1534 1517 1599 instruxisse
1530 1534 1650 1599 trium-

415 1642 519 1729 phum
531 1641 666 1707 Claudii
681 1640 837 1706 Caesaris
859 1639 1049 1710 videbatur.

371 1748 409 1813 C.
429 1747 582 1814 CARBO
598 1749 619 1814 ¹.
637 1788 675 1800 -
690 1750 728 1828 t),
748 1749 798 1813 ι8.
814 1747 994 1838 (Loquitur
1006 1748 1112 1836 Aper)
1133 1748 1278 1814 «Servio
1294 1748 1422 1814 Galbae
1445 1747 1550 1814 aut-C.
1570 1751 1651 1814 Lac-

416 1857 461 1921 lio
476 1864 536 1920 erit
551 1856 588 1922 C.
601 1856 614 1896 '²
630 1856 787 1934 Carboni,
815 1879 968 1944 quosque
981 1855 1065 1919 ulios
1084 1857 1204 1922 merito
1220 1856 1379 1944 antiquos
1402 1856 1648 1921 vocaverimus.
1760 1853 1764 1862 ’

415 1964 503 2029 Sunt
519 1964 609 2028 enim
624 1962 752 2028 horridi
768 1970 802 2028 et
817 1963 962 2049 impoliti
979 1971 1012 2027 et
1031 1962 1132 2029 rudes
1148 1972 1182 2029 et
1196 1962 1369 2029 informes.
1395 1991 1410 2023 »
1430 2003 1465 2011 --
1487 1964 1540 2039 34.
1565 1962 1651 2048 (Lo-

415 2072 530 2159 quitur
549 2069 722 2159 Messalla)
744 2096 760 2135 a
780 2070 878 2135 Nono
890 2070 1021 2135 decimo
1031 2071 1150 2136 aetatis
1160 2094 1248 2135 anno
1261 2071 1299 2136 L.
1313 2071 1458 2136 Crassus
1469 2070 1509 2136 C.
1524 2069 1651 2135 Carbo-

417 2202 536 2245 nem...
556 2179 608 2264 (ea
624 2178 776 2243 oratione
791 2178 1038 2258 insecutusest,
1056 2179 1180 2267 quam)
1197 2178 1297 2243 hodie
1311 2201 1446 2268 quoque
1461 2176 1653 2243 cumadmi-

416 2286 546 2351 ratione
561 2286 707 2373 legimus
730 2309 759 2351 a.

374 2394 384 2416 '
411 2393 663 2472 CilRClNVM,
694 2417 726 2457 v.
742 2391 992 2458 CARACINA.

374 2502 384 2524 ³
410 2499 657 2580 CARECINA,
688 2524 721 2566 v.
745 2499 996 2566 CAllAClNA.

374 2605 615 2673 CARENES³.
633 2646 677 2655 -
697 2631 746 2683 ra,
773 2608 823 2677 13.
841 2608 993 2673 Vocante
1009 2608 1137 2673 Carene
1151 2606 1401 2695 (Meherdaten)
1413 2618 1653 2698 promptasque

418 2738 470 2780 res
485 2721 690 2792 ostentante,
708 2715 737 2778 si
752 2715 809 2779 citi
826 2714 1056 2792 advenissent,
1075 2737 1143 2779 non
1159 2716 1348 2780 comminus
1358 2717 1650 2803 Mesopotamiam,

419 2820 478 2887 sed
516 2823 604 2887 llexu
634 2821 831 2887 Armeniam
855 2822 1017 2910 petivit...
1045 2821 1144 2886 Exim
1164 2822 1299 2887 nivibus
1320 2831 1353 2888 et
1368 2823 1541 2889 montibus
1560 2823 1651 2904 lessi,

417 2937 598 3018 postquam
614 2951 752 3016 campos
772 2927 1058 3018 propinquabant,
1077 2929 1182 3018 copiis
1207 2928 1346 2995 Carenis
1365 2928 1379 2969 ⁴
1408 2930 1650 3019 adiunguntur.

419 3075 462 3085 -
483 3061 532 3117 12,
552 3039 600 3112 rt.
619 3036 898 3125 Concursumque
914 3060 1038 3124 magna
1058 3036 1160 3101 caede
1174 3045 1207 3101 et
1222 3036 1382 3126 ambiguo
1397 3045 1534 3118 eventu,
1547 3039 1654 3103 donec

420 3144 583 3210 Carenem
605 3144 791 3232 profligatis
817 3143 927 3209 obviis
943 3144 1079 3232 longius
1093 3151 1248 3210 evectum
1265 3144 1396 3232 integer
1410 3170 1428 3210 a
1452 3154 1546 3233 tergo
1574 3146 1631 3233 glo
1646 3186 1652 3191 ·

419 3252 483 3317 bus
507 3251 777 3317 circumveniret.

377 3357 781 3439 ·C.aR1NAscl21.1·1a,
799 3382 832 3423 v.
850 3358 1084 3424 CAlllllh'AS
1105 3359 1264 3425 Cllllill.

377 3466 388 3488 *
414 3465 729 3543 Chltlovhlnrl,
761 3490 795 3531 v.
832 3465 1183 3532 CllrtltlthAIDil.

377 3572 620 3639 CAllMANll.
644 3608 688 3621 -—
716 3573 747 3653 ti,
773 3573 825 3637 36.
854 3572 1080 3661 (Artabanus)
1106 3575 1139 3638 in
1167 3573 1353 3662 longinqua
1380 3583 1413 3639 ct
1446 3576 1655 3640 contermina

420 3680 579 3767 Scythiae
598 3680 712 3768 lugam
733 3680 917 3746 maturavit
942 3704 1001 3769 spe
1029 3681 1158 3759 auxilii,
1190 3682 1268 3769 quia
1316 3681 1484 3769 Hyrcanis
1518 3681 1656 3748 Carma-

422 3788 554 3876 niisque
571 3810 630 3875 per
645 3787 854 3852 adlinitatenr
876 3788 1020 3852 innexus
1036 3796 1118 3853 erat.

377 3893 637 3959 CARMELl'S.
657 3894 754 3974 -ll,
780 3896 832 3981 78.
849 3894 910 3960 Est
937 3895 1094 3960 iudaeam
1110 3896 1198 3961 inter
1215 3897 1416 3986 Syriamque
1452 3896 1653 3976 Carmelus,

422 4003 467 4066 ita
484 4010 605 4066 vocant
620 4010 769 4065 montem
787 4002 967 4091 deumque.
982 4001 1050 4067 Ncc
1066 4002 1247 4069 simulacra
1261 4004 1324 4069 doo
1351 4012 1408 4070 aut
1434 4004 1654 4092 templum...,

410 4282 464 4333 ¹C.
486 4283 609 4346 Papirius
634 4284 730 4340 Carbo,
751 4284 876 4331 tribunus
892 4284 981 4345 plebis
1002 4300 1025 4333 a.
1046 4285 1198 4345 alamur,
1227 4283 1414 4334 Gracchorum
1440 4285 1539 4333 socius.
1554 4284 1614 4335 Cos.
1632 4299 1656 4330 a.

378 4364 532 4421 dtamen.

410 4444 446 4486 ²«
466 4444 559 4493 Laelio
580 4447 635 4493 aut.
662 4446 690 4491 C.
711 4448 784 4493 certa
816 4446 1006 4494 emendatione
1039 4446 1179 4508 supplerit
1207 4446 1296 4496 ltitter
1317 4461 1350 4494 cx
1368 4446 1415 4496 cis.
1439 4461 1508 4509 quae
1533 4445 1659 4493 Messalla

378 4525 525 4586 respondet
540 4540 563 4575 c.
575 4526 605 4572 25
615 4528 670 4573 ext.
690 4546 701 4566 n
712 4525 999 4588 (Orsini-Asnnesas).
1010 4527 1046 4574 Ea
1058 4530 1122 4575 sunt
1133 4527 1199 4575 hacc
1213 4542 1219 4575 ε
1237 4548 1248 4572 α
1267 4526 1349 4583 Quod
1359 4526 1394 4575 ad
1406 4526 1529 4574 Servium
1544 4525 1659 4574 Galbam

379 4609 408 4654 ct
423 4604 452 4655 C.
474 4606 594 4653 Laelium
617 4608 714 4655 attinet
731 4611 758 4655 et
785 4608 806 4653 si
828 4622 895 4669 quos
911 4607 978 4655 alios
994 4608 1177 4671 antiquiorum
1200 4609 1273 4672 Aper
1296 4608 1398 4670 agitare
1416 4622 1469 4655 non
1489 4607 1627 4655 destitit...
1647 4623 1659 4652 r

380 4687 508 4733 Attamen
527 4686 576 4734 Ed.
593 4685 703 4744 Worsr,
725 4688 806 4734 Corn.
837 4687 896 4735 Tae.
916 4686 982 4735 diat.
1008 4685 1041 4735 de
1062 4688 1147 4737 Orat..
1169 4689 1268 4738 Gotho.
1293 4688 1361 4751 1890.
1377 4688 1502 4736 lacunam
1528 4687 1572 4736 liic
1600 4702 1659 4735 csse

380 4768 471 4827 negat.

411 4845 561 4895 ³Omissus
575 4850 616 4894 est
630 4848 656 4894 in
675 4848 796 4901 Proser..
817 4876 845 4883 -
862 4848 941 4909 vulg.
958 4863 962 4895 :
983 4848 1145 4900 (Jnrrhenes.

411 4926 424 4963 ⁴
439 4926 481 4977 M:
501 4927 633 4977 carrenis.
