3709 6234
367 834 421 891 51²2
923 841 1087 896 PALATIVM

369 978 628 1047 PAELIGNVS
645 982 666 1049 ¹.
683 981 803 1056 -ΙΙΙ,
823 981 877 1072 59.
895 983 1039 1050 Erectus
1059 984 1194 1049 Samnis
1219 983 1470 1073 Paelignusque
1496 991 1531 1050 et
1548 984 1653 1050 Marsi

413 1087 649 1166 aemulatione,
671 1089 763 1178 quod
779 1090 965 1178 Campania
986 1092 1233 1179 praevenisset,
1247 1100 1284 1157 ut
1310 1092 1345 1156 in
1373 1114 1461 1155 novo
1489 1091 1653 1180 obsequio

411 1194 506 1281 (erga
520 1195 783 1284 Vespasianum)
799 1197 841 1262 ad
861 1207 982 1263 cuneta
1002 1197 1083 1263 belli
1100 1199 1215 1264 munia
1229 1222 1323 1265 acres
1338 1207 1445 1264 erant.

369 1302 581 1380 ΡΑΕΤΙΝΑ,
601 1327 633 1367 v.
653 1303 795 1369 AELIA
812 1304 1027 1372 ΡΑΕΤΙΝΑ.

368 1408 554 1475 PAETVS.
576 1450 619 1459 —
643 1411 694 1484 13,
722 1410 775 1477 23.
802 1412 884 1477 Eius
908 1413 1134 1479 accusationis
1149 1421 1266 1479 auctor
1280 1414 1412 1479 exstitit
1428 1414 1554 1479 Paetus
1569 1415 1653 1502 qui-

411 1517 501 1597 dam,
519 1518 715 1583 exercendis
728 1519 818 1606 apud
833 1520 998 1584 aerarium
1015 1519 1222 1585 sectionibus
1246 1520 1397 1585 famosus
1412 1526 1446 1585 et
1460 1525 1533 1585 tum
1547 1520 1628 1584 vani
1638 1559 1651 1569 -

410 1624 490 1690 tatis
527 1625 783 1701 manifestus...‚
808 1625 1016 1715 exiliumque
1045 1627 1232 1693 accusatori
1259 1627 1452 1715 inrogatum
1466 1635 1501 1692 et
1514 1625 1651 1692 tabulae

409 1740 548 1797 exustae
561 1740 652 1807 sunt.
670 1732 793 1822 quibus
808 1732 1002 1800 oblitterata
1017 1734 1134 1799 aerarii
1155 1734 1292 1799 nomina
1308 1734 1511 1800 retrahebat.

366 1837 553 1919 PAETVS,
575 1862 608 1903 v.
627 1838 886 1904 CAESENNlV
889 1839 912 1904 S
930 1839 1118 1907 PAETVS.

367 1945 541 2011 PAETVS
556 1945 783 2027 THRASEA,
804 1947 991 2022 PAETVS.
1009 1972 1042 2014 v.
1061 1949 1276 2015 THRASEA
1300 1948 1418 2012 ΡΑΕΤ
1422 1947 1489 2012 VS.

364 2052 586 2119 PAGYDAQ.
617 2092 661 2101 —
694 2055 726 2135 3,
759 2077 810 2122 20.
828 2054 1050 2140 (Tacfarinas)
1080 2055 1170 2120 haud
1198 2055 1315 2144 procul
1350 2054 1489 2142 Pagyda
1509 2055 1649 2119 ssumine

408 2159 581 2225 cohortem
601 2161 790 2225 Romanam
803 2162 1033 2228 circumsedit.

364 2267 655 2335 PALAMEDES.
677 2306 721 2317 -
742 2292 790 2343 ιι,
818 2272 867 2345 rt.
885 2269 1074 2348 Quidam...
1099 2270 1308 2356 temporibus
1322 2269 1476 2334 Troianis
1491 2266 1648 2332 Palame-

407 2373 484 2438 dem
513 2375 681 2461 Argivum
716 2384 905 2441 memorant
944 2377 1090 2442 sedecim
1125 2376 1312 2442 litterarum
1351 2376 1517 2440 formas...
1563 2398 1646 2462 rep-

406 2481 546 2568 perisse.

364 2588 630 2656 PALATINVS.
662 2628 704 2640 —
742 2615 791 2668 ια,
828 2593 881 2667 at.
922 2590 1045 2657 Sulcus
1074 2589 1274 2677 designandi
1305 2590 1421 2679 oppidi
1451 2597 1592 2677 coeptus
1611 2590 1645 2674 (a

356 2747 361 2773 ὅ
407 2695 579 2782 Romulo),
611 2704 711 2775 ut...;
742 2697 820 2762 inde
859 2698 960 2763 certis
994 2698 1113 2786 spatiis
1142 2698 1326 2763 interiectis
1351 2697 1482 2784 lapides
1503 2697 1644 2785 perima

405 2805 531 2868 montis
552 2803 696 2869 Palatini
709 2805 762 2871 ³...
781 2845 823 2854 -
843 2805 893 2884 ¹5,
917 2805 970 2870 38.
999 2804 1138 2871 Initium
1159 2805 1320 2890 (incendii
1343 2803 1502 2892 Neronis)
1545 2805 1580 2868 in
1604 2825 1643 2868 ea

404 2919 499 2997 parte
528 2911 606 2975 circi
635 2920 759 2984 ortum.
791 2935 876 3000 quae
906 2911 1059 2978 Palatino
1089 2912 1271 2999 Caelioque
1295 2912 1469 2977 montibus
1484 2911 1644 2997 contigua

404 3027 467 3084 est.

360 3125 609 3191 PALATIVM.
642 3164 686 3176 -
710 3151 737 3206 ι,
764 3128 814 3193 13.
838 3126 982 3192 Constat
1010 3127 1200 3210 Haterium,
1231 3149 1309 3191 cum
1324 3125 1524 3214 deprecandi
1540 3148 1644 3190 causa

403 3231 572 3298 Palatium
588 3234 801 3298 introisset...
819 3271 863 3284 —
879 3258 910 3311 a,
939 3233 991 3311 34.
1010 3232 1205 3300 Tiberius..
1223 3233 1388 3320 processit
1403 3232 1545 3310 Palatio,
1560 3255 1641 3319 pro·

402 3340 455 3403 cul
472 3341 566 3428 sequi
581 3341 680 3404 iussis
696 3339 872 3407 militibus.
895 3321 938 3389 ’-
956 3366 986 3413 2,
1006 3342 1058 3429 37.
1083 3343 1168 3405 Cum
1186 3340 1219 3404 in
1238 3339 1367 3404 Palatio
1388 3347 1525 3404 senatus
1540 3337 1642 3402 habe-

402 3456 504 3520 retur,
543 3447 642 3512 modo
679 3448 850 3512 Hortensii
883 3449 971 3512 inter
1004 3456 1154 3512 oratores
1185 3448 1285 3511 sitam
1313 3447 1508 3532 imaginem,
1536 3445 1638 3510 modo

401 3555 548 3639 Augusti
578 3555 714 3619 intuens
740 3554 973 3640 (llortalus)...
1010 3594 1052 3603 —
1083 3579 1113 3630 2,
1145 3557 1199 3631 40.
1221 3554 1380 3618 Vinctum
1396 3553 1510 3617 clauso
1527 3575 1584 3616 ore
1605 3555 1638 3616 in

401 3661 568 3725 Palatium
597 3670 726 3726 traxere
757 3662 897 3746 (milites
927 3662 1048 3725 salsum
1075 3661 1262 3747 Agrippam
1286 3659 1542 3746 Postumum)...
1569 3658 1639 3723 Nec

398 3768 549 3832 'liberius
564 3792 708 3854 poenam
724 3769 795 3832 eius
815 3769 927 3855 palam
944 3792 1046 3832 ansus
1066 3769 1099 3831 in
1121 3775 1249 3831 secreta
1274 3767 1393 3832 Palatii
1415 3775 1509 3854 parte
1527 3768 1638 3832 inter-

400 3877 452 3939 lici
474 3876 581 3941 iussit.
600 3916 642 3923 -
656 3877 688 3944 6.
707 3876 759 3942 23.
778 3876 924 3960 (Drusus
951 3876 1142 3940 Germanici
1164 3875 1266 3962 tilius)
1281 3876 1314 3938 in
1333 3874 1500 3939 Palatium
1516 3876 1639 3939 attine-

353 3977 357 3983 ’
398 3982 497 4048 batur
513 3983 621 4064 (iussu
643 3982 792 4069 Tiberii).
810 4023 852 4031 -
882 4007 932 4061 ια,
950 3982 1005 4071 69.
1024 3981 1166 4046 Foribus
1189 3981 1307 4046 Palatii
1322 3989 1459 4069 repente
1473 3981 1635 4052 diductis,

399 4090 579 4154 eomitante
598 4091 702 4153 liurro
725 4090 811 4153 Nero
821 4090 991 4177 egreditur
1006 4089 1048 4154 ad
1062 4089 1276 4154 cohortem...
1299 4089 1455 4166 -13‚5.
1474 4089 1634 4155 Patres...

398 4198 431 4259 in
456 4195 622 4260 Palatium
637 4194 680 4259 ob
702 4196 736 4259 id
749 4197 970 4274 vocabantur,
993 4205 1031 4261 ut
1042 4196 1191 4260 adstaret
1210 4195 1368 4260 additisa
1390 4205 1483 4281 tergo
1508 4195 1637 4260 foribus

397 4304 472 4366 velo
489 4303 634 4368 discreta
652 4305 882 4391 (Agrippina).
902 4343 944 4351 —
965 4306 1014 4379 ad,
1047 4303 1101 4366 61.
1127 4303 1197 4367 ltur
1212 4303 1313 4367 etiam
1329 4303 1363 4366 in
1379 4303 1541 4389 principis
1562 4303 1635 4367 lau-

396 4411 497 4476 des...
516 4411 651 4498 lamque
669 4420 700 4475 ot
718 4411 886 4476 Palatium
903 4410 1120 4474 multitudine
1134 4418 1167 4474 et
1187 4408 1390 4474 clamoribus
1404 4408 1632 4497 complebant.

396 4557 439 4565 -
458 4518 507 4588 15,
525 4519 577 4604 259.
598 4518 725 4583 Nero...
759 4542 825 4582 non
851 4527 928 4583 ante
945 4519 978 4582 in
994 4518 1111 4582 urbem
1128 4540 1301 4603 regressus
1313 4524 1376 4585 est.
1395 4540 1496 4604 quam
1517 4517 1633 4582 domui

384 4793 390 4824 ¹
409 4791 488 4853 Vuig.
503 4807 508 4839 2
522 4790 664 4853 I'rtiprrus.

382 4865 393 4897 2'
411 4864 507 4922 tutu:
529 4864 643 4926 l'apida.

381 4945 392 4974 ²³
409 4943 435 4994 Μ
451 4959 455 4991 ;
469 4944 575 5005 palatii.
