3709 6234
310 865 362 920 358
854 866 1008 920 insvnnes

353 1019 412 1076 aut
439 1009 634 1076 valetudIno
660 1008 738 1075 lessi
765 1016 974 1076 sacramento
1005 1007 1237 1075 solvebantur.
1260 1045 1302 1055 -
1325 1004 1351 1084 I,
1379 1005 1432 1071 ³1.
1455 1005 1590 1074 Electus

355 1119 482 1206 Illyrici
506 1119 687 1199 exercitus,
711 1117 872 1206 Vipsania
892 1117 925 1182 In
952 1116 1083 1203 porticu
1104 1115 1324 1181 tendentes...
1350 1112 1476 1202 Illyrici
1495 1136 1590 1178 exer·

354 1226 442 1292 citus
471 1226 569 1292 electi
598 1224 736 1291 Celsum
771 1223 903 1290 inlestis
923 1222 1002 1311 pilis
1032 1222 1245 1310 proturbant.
1277 1262 1319 1273 -
1347 1222 1391 1302 II,
1420 1221 1473 1286 lio.
1505 1221 1589 1286 Tum
1671 1226 1674 1229 ’

355 1334 521 1400 interfecti
556 1340 634 1398 sunt
666 1331 880 1398 centuriones
909 1330 1153 1418 promptissimi
1184 1330 1465 1404 Othonianorum,
1503 1328 1591 1394 unde

355 1442 534 1532 praecipua
547 1441 581 1506 in
598 1438 772 1505 Vitellium
785 1438 943 1503 alienatio
962 1461 1021 1525 per
1042 1437 1197 1525 Illyricos
1212 1438 1381 1504 exercitus
1410 1437 1512 1515 -ΙΙ,
1535 1436 1589 1502 85.

354 1546 555 1611 Adcelerata
583 1544 716 1610 interim
749 1541 948 1631 Vespasiani
977 1551 1097 1632 coepta
1132 1543 1260 1629 Illyrici
1288 1543 1455 1608 exercitus
1481 1541 1593 1608 studio

356 1651 557 1740 transgressi
572 1652 607 1717 in
622 1659 746 1739 partes,
766 1689 806 1700 -
831 1650 874 1728 ll,
903 1651 958 1717 86.
986 1651 1227 1740 Momentoque
1252 1651 1414 1738 temporis
1429 1650 1595 1738 flagrabat

356 1763 475 1848 ingens
490 1759 628 1840 bellum,
647 1757 793 1846 Illyricis
807 1759 1013 1824 exercitibus
1033 1758 1144 1846 palam
1170 1757 1448 1839 desciscentibus,
1474 1757 1594 1822 ceteris

356 1870 524 1933 fortunam
540 1866 717 1932 secuturis.
735 1904 779 1917 -
799 1865 860 1943 ΙΙΙ,
884 1891 914 1933 a.
936 1892 950 1930 11
983 1867 1018 1936 Si
1038 1866 1160 1932 inferre
1188 1889 1281 1932 arma
1311 1864 1400 1931 ultro
1427 1864 1591 1945 velint,...

356 1997 500 2041 vacuum
518 1973 690 2061 illyricum
707 1973 829 2039 mare¹.
855 1998 870 2037 r>

314 2080 616 2151 INGAEVONES.
636 2121 676 2132 -
694 2082 732 2147 G.
748 2107 778 2147 a.
795 2082 921 2147 Manno
937 2082 1015 2170 (deo
1029 2082 1202 2169 Germani)
1219 2090 1287 2147 tres
1299 2082 1387 2146 lilios
1399 2080 1592 2169 adsignant,

357 2215 373 2256 e
394 2213 537 2278 quorum
557 2188 751 2254 nominibus
772 2190 916 2277 proximi
931 2188 1064 2255 Oceano
1086 2190 1335 2276 Ingaevones...
1353 2196 1526 2257 vocentur.

315 2296 642 2366 INGVIOMERVS.
654 2337 696 2347 -
713 2322 740 2381 r,
759 2298 811 2362 60.
827 2297 1009 2364 Tractus...
1028 2298 1062 2362 in
1074 2305 1187 2385 partes
1201 2296 1436 2383 Inguiomerus
1450 2296 1596 2362 Arminii

357 2412 498 2494 patruus
526 2412 640 2470 vetere
670 2405 759 2492 apud
789 2405 962 2470 Ilomanos
986 2404 1196 2470 auctoritate.
1227 2443 1269 2453 -
1298 2404 1397 2483 1,68.
1419 2405 1596 2471 Atrociora

363 2513 576 2599 Inguiomero
597 2520 630 2577 ct
645 2512 733 2577 lacta
748 2512 899 2577 barbaris
922 2512 1126 2602 (suadente),
1153 2520 1190 2578 ut
1218 2512 1345 2576 vallum
1370 2514 1473 2577 armis
1491 2511 1597 2577 ambi·

362 2628 478 2686 rent...
500 2620 676 2684 Arminius
691 2620 833 2707 integer,
853 2621 1088 2706 Inguiomerus
1103 2629 1179 2708 post
1193 2643 1295 2709 grave
1311 2618 1435 2685 vulnus
1448 2643 1597 2707 pugnam

359 2728 548 2794 deseruere.
580 2765 622 2777 -
654 2752 686 2809 a,
717 2752 766 2815 ¹7·
794 2728 910 2793 Virtus
931 2752 989 2794 seu
1017 2729 1107 2795 lraus
1140 2728 1255 2794 eadern
1286 2728 1387 2814 (quae
1414 2728 1596 2814 Arminio),

360 2835 575 2922 Inguiomero
601 2834 761 2921 ellugium
786 2833 891 2900 dedit.
909 2874 953 2883 -
974 2861 1004 2919 2,
1022 2860 1073 2901 21.
1091 2837 1341 2923 Inguiomerum
1366 2844 1437 2901 tota
1455 2833 1598 2900 volitan-

359 2951 427 3008 tem
457 2942 526 3007 acie
549 2941 683 3007 fortuna
706 2942 814 3029 magis
831 2966 933 3031 quam
947 2944 1055 3009 virtus
1070 2943 1257 3008 deserebat.
1275 2981 1319 2991 -
1335 2967 1365 3020 a,
1389 2943 1443 3022 45.
1464 2943 1597 3029 Inguio-

360 3077 473 3118 merus
488 3076 566 3118 cum
586 3074 689 3116 manu
704 3049 879 3123 clientium
895 3051 937 3115 ad
952 3050 1198 3116 Maroboduum
1215 3052 1401 3140 (perlegit).
1418 3092 1459 3102 -
1480 3077 1510 3128 2,
1537 3054 1593 3133 46.

359 3159 632 3226 Maroboduus...
665 3159 914 3244 Inguiomerum
934 3167 1052 3223 tenens
1077 3157 1134 3222 illo
1160 3160 1193 3223 in
1219 3183 1358 3248 corpore
1379 3160 1481 3226 decus
1497 3185 1596 3228 omne

360 3268 649 3334 Cheruscorum...
663 3265 862 3331 testabatur.

316 3375 327 3400 ¹
345 3374 541 3450 INSOCIII,
559 3398 591 3438 r.
611 3371 796 3437 MOSCHI.

317 3481 534 3560 INSTIIII'S,
565 3479 768 3546 INSTIIII'S
795 3479 973 3545 ΙᾺΡΙΤΙ).
995 3517 1039 3529 -
1071 3480 1120 3553 13.
1142 3507 1173 3570 9.
1193 3482 1387 3568 (lllrsidesa
1412 3482 1598 3571 Vologaese

360 3590 471 3677 datos)
501 3588 642 3675 accepit.
665 3639 671 3653 .
697 3588 848 3652 centurio
871 3588 1040 3652 Insteius¹2
1063 3587 1105 3652 ab
1126 3589 1296 3654 meidio
1318 3603 1324 3654 Ι
1332 3591 1448 3677 Syriae
1470 3592 1597 3678 legato)

360 3698 494 3762 missus.
539 3733 578 3747 -
625 3696 673 3768 13.
715 3695 767 3783 39.
800 3695 931 3759 Minora
970 3695 1123 3782 (castella
1163 3698 1390 3762 exscindenda
1434 3699 1598 3784 Corbulo)

361 3804 517 3869 Cornelio
534 3802 653 3868 Flacco
673 3802 786 3890 legato
813 3810 846 3867 et
874 3802 1019 3867 Ι113Ι1>ἰο3
1044 3804 1199 3890 Capitoni
1224 3812 1411 3869 castrorum
1429 3807 1597 3894 praelecto

362 3912 511 3977 mandat.
1338 3898 1341 3903 Δ

317 4018 548 4086 INSVIlllIlS.
565 4055 607 4066 -
626 4041 676 4090 11,
696 4017 748 4082 23.
773 4018 870 4104 (Cum
887 4020 1051 4105 primores
1067 4019 1196 4083 Galliae
1213 4021 1372 4085 Comatae
1389 4021 1440 4084 ius
1474 4022 1598 4110 adipis-

361 4126 543 4193 cendorum
574 4126 608 4188 in
640 4124 722 4188 urbe
756 4125 921 4189 honorum
944 4130 1166 4214 expeterent).
1187 4126 1313 4192 multus
1336 4152 1373 4192 ea
1397 4153 1497 4217 super
1517 4156 1595 4198 re...

361 4255 501 4300 rumor:
521 4258 536 4294 11
559 4234 654 4298 ...An
673 4254 791 4318 parum
807 4232 897 4320 quod
918 4234 1039 4299 Veneti
1055 4242 1087 4299 et
1119 4233 1278 4300 Insubres
1310 4237 1438 4301 curiam
1467 4238 1601 4329 inrupe-

363 4344 484 4407 rinei»

347 4614 355 4648 ¹
378 4612 452 4659 Idem
479 4626 551 4658 marr
576 4610 687 4659 Tacitus
709 4611 773 4658 alibi
803 4609 981 4659 Delmaticum
1009 4615 1056 4660 aut
1086 4611 1287 4669 lladrIatr'rmn‚
1311 4612 1443 4664 Hadriae.
1472 4612 1600 4661 Ilarlriam

317 4694 450 4741 nominat.

346 4773 488 4821 ²Veteres
505 4772 639 4819 editiones
662 4788 693 4819 cx
715 4773 783 4819 dett.
809 4776 855 4819 aut
880 4787 912 4818 ex
938 4773 1120 4820 comesturis:
1147 4773 1275 4829 llisleius,
1310 4773 1423 4831 llistr'us,
1455 4773 1600 4830 Ilisterins,

315 4853 511 4903 Hortarius-
535 4853 640 4900 Primus
654 4853 761 4914 Lipsius
779 4852 935 4913 suspicatus
948 4857 990 4900 est
1002 4853 1072 4901 hune
1090 4854 1214 4901 eumdem
1234 4869 1292 4902 esse
1308 4857 1389 4919 atquc
1405 4854 1480 4901 Illum
1502 4855 1535 4902 dc
1548 4870 1601 4919 apuu

320 4936 357 4994 1³,
373 4935 404 4997 39
419 4936 521 4982 menti0
540 4935 579 4982 sit.

347 5014 359 5050 ³
378 5015 506 5066 Veterum
523 5015 656 5062 editorum
671 5014 714 5061 nlii
733 5012 843 5061 Insteio.
856 5012 900 5061 alii
916 5012 998 5066 Istee.
