3709 6234
823 862 937 915 ltllODll
1469 855 1522 912 573

287 1000 397 1065 amnis
411 1000 569 1069 colunt...
587 1003 773 1070 Protulit...
797 1002 996 1090 magnitudo
1011 1001 1127 1091 populi
1143 1002 1287 1067 Romani
1312 1002 1399 1069 ultra
1425 1001 1520 1068 Rhe·

288 1129 367 1172 num
383 1108 539 1199 ultraque
550 1119 682 1177 veteres
694 1111 855 1176 terminos
868 1110 999 1198 imperii
1020 1111 1286 1177 reverentiam...
1305 1110 1382 1175 Non
1404 1133 1522 1175 nume-

288 1216 432 1280 raverim
466 1218 553 1283 inter
596 1218 797 1284 Germaniae
827 1217 983 1306 populos,
1014 1241 1219 1305 quamquam
1246 1224 1340 1283 trans
1366 1218 1522 1282 Rhenum

289 1321 549 1413 Danuviumque
565 1324 790 1404 consederint,
815 1325 944 1412 eosqui
968 1324 1163 1389 decumates
1178 1347 1276 1411 agros
1295 1331 1463 1389 exercent.
1479 1362 1522 1372 —

288 1430 340 1493 ila.
360 1431 508 1496 Proximi
521 1431 653 1497 Chattis
673 1441 801 1498 certum
815 1433 881 1496 iam
900 1431 997 1496 alveo
1021 1431 1190 1510 Rhenum,
1208 1432 1333 1520 quique
1359 1431 1523 1497 terminus

287 1559 361 1601 esse
376 1539 534 1615 sulliciat,
554 1541 648 1629 Vsipi
675 1563 713 1606 ae
724 1540 878 1605 Tencteri
901 1540 1029 1605 colunt.
1046 1576 1090 1590 -·
1106 1539 1159 1616 36.
1180 1539 1319 1605 Frisii...
1345 1562 1452 1628 usque
1478 1538 1522 1603 ad

288 1644 460 1710 Oceanum
482 1648 600 1712 Rheno
620 1655 874 1737 praetexuntur.
896 1650 1005 1724 -Ιιι,
1031 1646 1086 1726 t't,
1104 1670 1170 1735 quo
1189 1646 1289 1711 modo
1319 1647 1419 1735 paulo
1445 1654 1522 1711 ante

288 1750 457 1834 Rhenum,
475 1756 522 1819 sic
539 1778 628 1820 nune
640 1756 834 1820 Danuvium
853 1755 1006 1843 sequar¹.
1596 1823 1600 1835 ,

243 1857 592 1931 ΙίΗΕὸΟνΡ()ΙίΙὸ“·’.
612 1900 656 1913 -
672 1887 703 1938 a,
725 1862 780 1940 64.
805 1861 1091 1950 Rhescuporim...
1110 1861 1290 1927 Thraeciae
1315 1885 1429 1950 regem
1445 1869 1521 1927 astu

287 1968 482 2053 adgreditur
497 1968 721 2057 (Tiberius)...
741 1968 1007 2056 (Rhoemetalce)
1022 1968 1181 2034 defuncto
1199 1969 1378 2058 Augustus
1391 1977 1521 2057 partem

288 2075 475 2141 Thraecum
491 2076 737 2164 Rhescuporidi
751 2075 844 2141 lratri
855 2076 939 2150 eius,
955 2083 1084 2163 partem
1099 2075 1168 2140 silio
1185 2076 1285 2164 Cotyi
1299 2077 1465 2164 permisit.
1485 2075 1522 2140 ln

288 2205 327 2247 ca
346 2182 553 2250 divisione...
571 2184 662 2272 quod
679 2183 855 2259 incultum,
872 2183 978 2262 lerox,
1003 2182 1171 2248 adnexum
1187 2183 1354 2263 hostibus,
1373 2183 1523 2248 Rhescu-

288 2290 396 2378 poridi
411 2290 554 2355 cessit...
574 2291 655 2356 Mox
670 2290 897 2377 Rhescuporis
913 2289 1027 2376 egredi
1042 2290 1139 2368 sines,
1158 2298 1287 2355 vertere
1310 2291 1344 2354 in
1364 2313 1399 2355 se
1424 2289 1524 2379 Cotyi

288 2396 365 2461 data
378 2404 411 2461 et
424 2397 595 2463 resistenti
610 2398 678 2462 vim
693 2397 843 2463 lacere...
862 2436 905 2445 -
921 2422 952 2474 2,
970 2398 1024 2461 05.
1042 2397 1270 2484 Rhescuporis
1300 2397 1377 2462 ficta
1392 2397 1525 2463 modes·

290 2504 335 2568 tia
346 2503 497 2591 postulat
513 2504 669 2568 eumdem
682 2505 715 2568 in
732 2504 843 2568 locum
860 2504 1006 2569 coiretur
1020 2504 1051 2590 (a
1066 2526 1101 2568 sc
1120 2511 1154 2569 et
1176 2504 1335 2592 Cotye)...
1372 2504 1524 2569 Rhescu-

289 2611 379 2698 poris
394 2611 589 2689 sanciendo,
606 2620 644 2676 ut
658 2611 846 2690 dictitabat,
864 2610 987 2676 loederi
995 2611 1188 2676 convivium
1202 2611 1347 2678 adicit...
1364 2648 1398 2659 -
1420 2636 1451 2705 a,
1466 2610 1521 2679 66.

293 2717 520 2805 Rhescuporis
535 2719 622 2784 inter
639 2726 766 2783 metum
781 2726 815 2784 et
842 2717 925 2782 iram
940 2725 1158 2784 cunctatus...
1177 2718 1284 2784 occidi
1301 2717 1411 2805 Cotyn
1430 2717 1525 2785 iubet

290 2833 499 2913 mortemque
533 2834 652 2914 sponte
692 2834 862 2914 sumptam
891 2826 1114 2891 ementitur...
1151 2826 1317 2892 Defuncto
1352 2825 1522 2908 Pandusa,

288 2955 388 3019 quem
396 2933 461 2997 sibi
471 2932 638 2997 insensum
648 2933 875 3021 Rhescuporis
888 2932 1063 3020 arguebat,
1072 2933 1296 3022 Pomponium
1308 2933 1522 3015 Flaccum...,

289 3050 361 3106 arta
380 3064 456 3105 cum
478 3065 555 3128 rege
572 3042 775 3121 amicitia...,
793 3041 941 3106 Moesiae
962 3041 1123 3129 praefecit
1136 3040 1330 3127 (Tiberius).
1348 3080 1390 3092 —
1415 3066 1445 3120 2,
1467 3041 1521 3130 67.

290 3149 518 3235 Rhescuporis
532 3148 776 3213 Alexandriani
803 3148 963 3214 devectus
998 3156 1098 3237 atque
1118 3148 1187 3213 illie
1214 3149 1328 3234 fugam
1356 3156 1524 3236 temptans

288 3279 330 3320 an
344 3256 420 3320 licto
434 3256 573 3320 crimine
590 3256 802 3321 interlicitur.
819 3294 864 3306 -
879 3258 911 3335 lt,
925 3257 979 3320 38.
1003 3253 1126 3320 Caesar
1150 3256 1338 3321 Antistium
1355 3256 1522 3333 Veterem,

288 3362 524 3449 eprimoribus
558 3362 787 3442 Macedoniae,
819 3362 1011 3427 absolutum
1038 3361 1237 3428 adulterii...
1267 3363 1309 3428 ad
1344 3362 1523 3430 dicendam

287 3470 472 3533 maiestatis
491 3493 627 3534 causam
648 3471 844 3548 retraxit...,
867 3477 903 3534 ut
920 3469 1091 3534 turbidum
1108 3478 1141 3535 et
1158 3470 1421 3558 Rhescuporidis
1449 3493 1525 3536 con-

288 3578 374 3640 siliis
391 3577 609 3663 permixtum,
625 3600 689 3665 qua
706 3585 907 3664 tempestate
918 3575 1027 3662 Cotye
1043 3575 1380 3666 {iratre13interlecto
1396 3577 1523 3642 bellurn

288 3684 451 3748 adversus
466 3707 528 3747 nos
544 3683 708 3748 voluerat.

245 3789 505 3857 lllltttht’S.
537 3830 579 3839 -
605 3792 653 3869 13,
682 3790 735 3855 53.
767 3792 819 3878 (li.
857 3792 1045 3875 Antistius)
1074 3791 1179 3856 letus
1214 3790 1395 3856 Mosellam
1425 3802 1546 3882 atque¹

288 3900 430 3964 Ararim
447 3898 533 3962 lacta
552 3898 640 3962 inter
654 3906 833 3985 utrumque
854 3898 944 3963 lossa
964 3907 1138 3963 conectere
1157 3897 1308 3985 parabat,
1341 3907 1378 3964 ul
1407 3901 1524 3988 copiae

288 4029 347 4092 per
363 4029 465 4078 mare.
483 4006 561 4071 dein
586 4005 772 4070 Rhodano'¹
797 4014 830 4070 et
850 4007 956 4071 Arare
981 4004 1162 4071 subrectae
1192 4029 1252 4093 per
1280 4029 1354 4072 eam
1383 4006 1522 4088 fossam,

290 4135 368 4176 mox
381 4114 485 4177 lluvio
505 4113 647 4178 Mosella
662 4114 695 4177 in
712 4114 883 4191 Rhenum,
900 4114 990 4179 exim
1002 4117 1172 4178 tlceanum
1192 4112 1418 4180 decurrerent.

245 4218 418 4285 llllttllll.
437 4258 480 4268 —
505 4246 552 4297 ra,
572 4221 626 4285 58.
641 4220 785 4285 Reddita
806 4220 948 4285 Rhodiis
961 4220 974 4260 ³
989 4220 1138 4298 libertas,
1162 4222 1318 4309 adempta
1343 4244 1443 4309 saepe
1467 4229 1525 4288 aut

291 4330 433 4409 lirmata,
458 4336 557 4415 prout
571 4327 669 4392 bellis
684 4328 833 4393 externis
854 4336 1047 4394 meruerant
1063 4335 1121 4393 aut
1135 4328 1226 4394 domi
1248 4328 1414 4394 seditione
1441 4328 1525 4394 deli-

277 4576 283 4608 ¹
307 4576 338 4623 l'.
353 4578 433 4625 etiam
454 4578 485 4630 Υ,
505 4595 584 4625 20-22.

276 4657 287 4690 ²
307 4657 491 4720 Rhescuporis
506 4660 539 4708 11.
552 4687 574 4694 —
589 4660 710 4708 Velleius
727 4677 733 4710 :
752 4659 945 4723 Rham-ripolis,
959 4659 1034 4709 Suet.
1048 4675 1053 4709 :
1071 4658 1266 4722 Rhascypolin
1277 4658 1329 4706 Dio
1346 4656 1523 4724 Ῥασκύπορις.

244 4762 273 4772 -
291 4737 409 4790 l'nosor..
428 4747 466 4796 42.

275 4817 286 4849 ³
303 4819 398 4867 l‘ratre
416 4822 539 4881 spurium
555 4836 615 4869 esse
634 4823 703 4870 vidit
718 4822 868 4870 Ernestius.

275 4898 286 4932 ⁴
303 4900 328 4946 M
344 4916 349 4948 :
365 4900 478 4952 rodano.

277 4979 288 5012 ⁵
305 4980 349 5028 M:
369 4981 461 5030 rodiis.
