3709 6234
797 872 917 924 ANNIVS
938 872 1054 925 POLLIO

332 1013 489 1080 Peditum
502 1014 724 1101 equitumque
744 1013 850 1101 copiis
867 1011 1053 1080 Suetonius
1078 1011 1252 1093 Paulinus,
1279 1009 1411 1077 Marius
1430 1007 1559 1088 Celsus,

330 1121 467 1186 Annius
487 1119 608 1186 Gallus
630 1127 778 1185 rectores
797 1120 960 1186 destinati
975 1120 1032 1208 (ab
1053 1118 1214 1207 Othone),
1234 1118 1292 1183 sed
1312 1117 1458 1208 plurima
1482 1116 1563 1182 lidos

332 1228 460 1293 Licinio
485 1226 629 1293 Proculo
649 1228 809 1316 praetorii
846 1228 1030 1315 praefecto.
1059 1227 1134 1294 Is...
1153 1225 1388 1292 auctoritatem
1417 1222 1561 1298 Paulini,

330 1336 480 1421 vigorem
494 1334 596 1415 Celsi,
613 1335 842 1400 maturitatem
856 1335 990 1402 Galli...
1007 1332 1259 1400 criminando...
1277 1354 1402 1421 pravus
1416 1337 1452 1397 et
1473 1329 1563 1396 ealli-

330 1441 394 1508 dus
409 1441 517 1506 bonos
533 1450 567 1506 et
581 1441 743 1508 honestos
759 1442 921 1508 anteibat.
937 1481 981 1491 —
1002 1442 1046 1524 II,
1067 1465 1117 1506 11.
1141 1439 1204 1505 His
1217 1439 1325 1528 copiis
1339 1445 1452 1505 rector
1473 1437 1564 1503 addi·

329 1556 386 1614 tus
406 1549 542 1614 Annius
557 1548 689 1622 Gallus.
717 1572 792 1614 cum
818 1550 986 1615 Vestricio
1003 1550 1173 1638 Spurinna
1190 1547 1232 1613 ad
1247 1546 1464 1635 occupandas
1483 1543 1563 1612 Padi

330 1657 422 1744 ripas
447 1657 667 1744 praemissus.
691 1694 734 1706 -
754 1657 798 1731 11,
822 1656 873 1724 23.
903 1657 1115 1745 Spurinna...
1143 1655 1317 1721 defensam
1341 1653 1562 1730 Placentiam.

329 1786 483 1851 quaeque
499 1772 575 1829 acta
589 1770 624 1828 et
643 1762 726 1852 quid
743 1764 888 1829 Caecina
904 1772 1049 1852 pararet,
1073 1763 1226 1828 Annium
1240 1760 1379 1827 Gallum
1398 1784 1459 1848 per
1471 1759 1555 1827 litte·

329 1893 385 1934 ras
400 1870 636 1937 docet.CaIIus
647 1870 818 1957 legionem
827 1871 970 1959 primam
982 1872 1018 1936 in
1026 1869 1192 1936 auxilium
1199 1867 1394 1934 Placentiae
1406 1866 1563 1942 ducebat,

329 1977 462 2042 diffisus
475 1978 637 2066 paucitati
650 1979 853 2045 cohortium.
862 2002 900 2058 ..ς
912 1980 1093 2066 legionem.
1102 2029 1123 2045 ..
1143 1976 1296 2043 Bedriaci
1307 1976 1439 2043 sistit...
1451 1973 1567 2063 (Otho-

330 2086 437 2172 niani)
452 2086 618 2162 certatim,
647 2087 847 2174 utquisque
870 2088 983 2152 animo
998 2087 1155 2174 ignavus,
1176 2107 1303 2174 procax
1322 2107 1391 2161 ore,
1414 2084 1566 2148 Annium

329 2192 468 2258 Gallum
486 2202 521 2258 ct
535 2193 737 2259 Suetonium
753 2193 935 2259 Paulinum
949 2202 983 2260 et
999 2194 1147 2259 Marium
1162 2192 1300 2259 Celsum
1314 2191 1468 2280 aliosque
1483 2213 1568 2279 quos

330 2299 419 2365 Otho
440 2300 658 2387 praefecerat,
681 2300 783 2364 variis
798 2301 997 2367 criminibus
1015 2300 1242 2367 incessebant.
1268 2337 1314 2351 -
1328 2298 1371 2374 II,
1391 2299 1446 2366 33.
1461 2298 1567 2364 Acce·

331 2406 431 2473 debat
442 2408 629 2474 sententiae
642 2408 774 2474 Paulini
788 2409 918 2474 Marius
929 2408 1062 2490 Celsus;
1080 2408 1169 2474 idem
1180 2407 1314 2498 placere
1323 2407 1440 2472 Annio
1453 2405 1565 2484 Gallo,

333 2537 459 2601 paucos
482 2524 558 2581 ante
582 2516 654 2581 dies
677 2515 776 2605 lapsu
795 2518 872 2605 equi
893 2516 1042 2595 adflicto,
1069 2515 1176 2596 missI,
1194 2516 1253 2604 qui
1281 2513 1461 2579 consilium
1497 2513 1568 2578 eius

332 2621 597 2702 sciscitarentur,
616 2623 830 2689 rettulerant.
855 2663 898 2672 —-
915 2623 959 2705 II,
983 2626 1035 2701 11.
1056 2622 1260 2712 (Seditiosos
1281 2620 1427 2688 Othonis
1441 2620 1568 2686 milites

333 2736 410 2815 post
431 2728 583 2793 Bedriaci
604 2730 766 2818 pugnam)
784 2731 920 2795 Annius
941 2729 1061 2796 Gallus
1084 2729 1239 2811 consilio,
1258 2727 1427 2818 precibus,
1453 2736 1569 2795 aucto-

334 2834 433 2900 ritate
450 2836 600 2902 flexerat.
617 2874 661 2887 -
673 2836 731 2919 IV,
753 2836 808 2904 68.
833 2839 962 2903 Romae
975 2845 1098 2904 cuncta
1110 2838 1168 2925 (de
1186 2835 1363 2903 Gallorum
1381 2836 1569 2902 Germano-

335 2965 479 3030 rumque
506 2942 707 3031 deIectione)
733 2944 767 3009 in
793 2943 942 3009 deterius
971 2944 1085 3009 audita
1102 2943 1300 3008 Mucianum
1321 2940 1505 3029 angebant,
1528 2964 1569 3007 ne

335 3071 541 3138 quamquam
557 3051 685 3136 egregii
704 3051 820 3128 duces,
843 3050 910 3115 iam
926 3050 1016 3115 enim
1038 3049 1176 3115 Gallum
1191 3049 1343 3115 Annium
1359 3055 1394 3114 et
1408 3048 1568 3114 Petilium

334 3155 502 3221 Cerialem
522 3155 706 3244 delegerat,
734 3180 904 3222 summam
922 3155 1005 3222 belli
1036 3180 1156 3245 parurn
1179 3156 1375 3223 tolerarent.
1393 3195 1438 3205 —
1453 3155 1496 3238 V,
1518 3179 1565 3245 ¹9·

334 3262 592 3341 Quartadecima
609 3264 697 3350 legio
713 3266 747 3329 in
766 3265 976 3352 superiorem
992 3264 1200 3351 provinciam
1216 3263 1317 3329 Gallo
1332 3261 1447 3328 Annio
1462 3263 1566 3328 missa

336 3371 367 3459 (a
385 3369 507 3436 Petilio
526 3370 685 3458 Ceriale).
700 3372 722 3438 ¹.

290 3477 327 3543 T.
348 3476 550 3564 (ANNIVS)
565 3477 691 3558 MILO,
711 3503 743 3543 v.
764 3479 802 3543 T.
823 3478 949 3556 MILO,

290 3583 436 3648 ANNIV
439 3583 462 3649 S
485 3583 660 3665 POLLIO,
679 3584 843 3650 POLLIO
858 3585 882 3651 ⁸².
902 3624 944 3636 —
961 3585 993 3667 6,
1006 3611 1038 3674 9.
1062 3584 1197 3649 Annius
1213 3584 1364 3652 Pollio...
1381 3583 1569 3649 maiestatis

336 3690 568 3779 (postulatur),
581 3700 615 3759 et
627 3693 823 3758 Vinicianus
838 3692 984 3757 Pollioni
995 3693 1082 3781 patri
1093 3691 1314 3775 adiciebatur,
1326 3690 1409 3757 clari
1418 3713 1568 3778 genus...

338 3800 462 3862 Caesar
503 3799 667 3865 Pollionis
696 3823 734 3865 ac
751 3800 917 3864 I'iniciani
950 3800 1135 3887 Scaurique
1156 3822 1306 3877 causam,
1333 3806 1371 3864 ut
1399 3796 1472 3887 ipse
1493 3821 1570 3864 cum

335 3912 456 3969 senatu
472 3915 638 3986 nosceret,
657 3906 801 3972 distulit.

293 4010 465 4076 ANNII'S
490 4012 655 4078 POLLIO
671 4014 695 4078 ³.
713 4050 756 4062 -
777 4012 827 4099 15,
844 4012 896 4078 56.
915 4013 1107 4100 (Claudius)
1124 4013 1265 4079 Senecio
1275 4013 1429 4078 Annium
1445 4013 1571 4079 Pollio·

336 4140 426 4196 nem,
451 4118 636 4183 amicorum
661 4120 907 4208 (praecipuum,
935 4120 1124 4186 nominavit
1144 4127 1318 4209 tamquam
1338 4120 1513 4186 conscium
1529 4119 1569 4188 C.

338 4224 472 4288 Pisonis
499 4225 753 4308 coniurationis,
788 4251 865 4292 cum
891 4228 963 4315 ipse
991 4251 1069 4292 reus
1093 4232 1208 4315 esset).
1230 4267 1275 4277 -
1300 4226 1349 4308 15,
1382 4251 1436 4315 7¹·
1466 4227 1572 4294 Glitio

336 4329 435 4394 Gallo
455 4338 556 4420 atquc
574 4332 688 4397 Annio
715 4334 860 4399 Pollioni
878 4334 1049 4400 insaniatis
1066 4334 1176 4420 magis
1195 4356 1297 4422 quam
1312 4334 1478 4400 convictis
1494 4335 1573 4402 data

336 4438 510 4504 exilia-
542 4439 590 4520 16,
620 4442 673 4506 llo.
705 4440 860 4529 (Servilia
887 4442 1013 4506 Barcae
1047 4441 1168 4505 Sorani
1193 4440 1275 4529 lilia)
1309 4463 1417 4527 nuper
1450 4443 1572 4509 marito

336 4543 450 4608 Annio
474 4545 627 4611 Pollione
644 4548 677 4612 in
698 4548 837 4612 exilium
854 4548 952 4636 pulso
972 4547 1111 4614 viduata
1125 4547 1388 4637 desolataque...

322 4786 330 4819 ¹
350 4788 381 4837 I'.
399 4792 491 4842 etiam.
512 4794 558 4853 II',
571 4811 611 4857 70.

321 4865 331 4898 “·’
350 4867 472 4927 Pansae„
486 4873 540 4922 518.
556 4874 678 4921 Forsitan
698 4876 769 4922 idem
786 4876 831 4930 sil,
843 4876 888 4937 qui
908 4876 937 4923 C.
955 4877 1060 4924 ,Iunius
1081 4876 1176 4934 Pollia,
1192 4875 1269 4928 ibid..
1285 4877 1341 4925 boo.

320 4945 331 4979 ³
350 4950 472 5013 Pansam,
489 4955 544 5015 ⁵¹9·
564 4955 647 5001 I'iIias
666 4956 842 5003 ridetureius
859 4957 904 5017 qni
925 4956 1073 5018 praecedit.
