3709 6234
818 873 911 930 aras
1445 869 1498 923 aar
1548 937 1554 949 ,

262 1016 381 1099 ris)...‚
410 1016 453 1083 de
482 1018 698 1104 navigatione
731 1019 876 1106 primum
911 1015 1115 1095 consulit...,
1150 1014 1192 1080 de
1209 1038 1246 1079 se
1265 1036 1324 1102 per
1339 1011 1500 1100 ambages

260 1123 488 1211 interrogat...
512 1125 609 1191 Titus
635 1133 733 1190 aucto
759 1126 871 1190 animo
900 1124 943 1189 ad
972 1132 1102 1212 patrem
1130 1130 1350 1211 pervectus...
1380 1120 1501 1207 ingens

261 1254 372 1295 rorum
390 1230 509 1297 liducia
523 1233 676 1298 accessit.
693 1271 735 1282 -
755 1233 795 1310 ll,
819 1231 851 1297 5.
870 1231 1054 1320 Praecipua
1076 1229 1275 1296 concordiae
1296 1229 1398 1317 (inter
1411 1226 1500 1292 ·Ves·

262 1339 439 1425 pasionum
468 1346 501 1404 et
539 1340 749 1428 Mucianum)
779 1339 861 1405 tides
894 1339 991 1405 Titus
1007 1361 1110 1427 prava
1129 1337 1314 1403 certamina
1330 1334 1500 1401 communi

261 1445 406 1511 utilitate
432 1445 637 1516 aboleverat.
670 1455 788 1513 natura
815 1456 917 1535 atque
955 1453 1025 1512 arte
1057 1445 1266 1533 compositus
1303 1441 1501 1508 adliciendis

262 1551 363 1616 etiam
380 1552 529 1617 Muciani
546 1553 768 1620 moribus-
800 1553 844 1629 ll,
875 1553 908 1618 6.
942 1554 1138 1641 Antequam
1168 1552 1264 1617 Titus
1289 1550 1499 1626 adventaret,

262 1667 509 1725 sacramentum
546 1659 690 1726 Othonis
726 1669 900 1750 acceperat
937 1668 1077 1748 uterque
1113 1659 1243 1746 (Syriae
1272 1667 1306 1725 et
1345 1655 1500 1742 ludaeae)

262 1766 442 1833 exercitus
461 1806 503 1815 —
520 1767 563 1848 ll,
586 1774 640 1858 74.
663 1769 814 1835 Muciani
843 1768 976 1833 animus
1001 1791 1062 1832 nee
1089 1766 1295 1855 Vespasiano
1324 1765 1454 1831 alienus
1468 1771 1502 1829 et

261 1872 294 1936 iu
311 1872 422 1938 'l'itum
440 1873 588 1963 pronior.
606 1911 650 1925 -
666 1874 710 1954 ll,
727 1899 782 1966 79.
802 1873 959 1941 ludaicus
975 1874 1184 1940 exercitus...
1202 1872 1291 1960 apud
1308 1871 1502 1958 (Vespasia-

261 1987 341 2045 num
355 1981 491 2070 iurarit)
517 2005 555 2047 eo
577 1982 708 2060 ardore,
729 1991 768 2047 ut
790 2007 830 2047 ne
854 1982 952 2047 Titus
967 1981 1104 2070 quidem
1127 1979 1216 2045 lilius
1236 1985 1499 2068 exspectaretur,

260 2088 357 2174 Syria
376 2112 529 2155 rerneans
546 2097 581 2154 et
594 2090 814 2154 consiliorum
831 2090 918 2154 inter
939 2089 1134 2154 Mucianum
1151 2111 1189 2152 ac
1201 2095 1333 2175 patrem
1348 2085 1499 2151 nuntius.

244 2232 302 2254 .-
323 2194 364 2270 ll,
383 2197 439 2261 82.
466 2195 579 2261 'l'itum
606 2197 732 2262 instare
749 2197 903 2278 Iudaeae,
921 2196 1167 2285 Vespasianum
1189 2193 1340 2260 obtinere
1356 2192 1503 2259 claustra

263 2302 757 2390 Aegyptiplacuit3sullicere
783 2302 987 2369 videbantur
1017 2303 1179 2368 adversus
1213 2301 1387 2368 Vitellium
1425 2321 1503 2388 pars

261 2409 432 2497 copiarum
458 2417 492 2475 et
515 2410 583 2474 dux
608 2411 829 2478 Mucianus...
846 2448 891 2461 -
915 2410 974 2492 IV,
993 2411 1024 2476 it.
1041 2409 1283 2499 (Vespasiano)
1306 2406 1504 2474 consulatus

260 2540 337 2581 cum
357 2516 433 2582 'l'ito
448 2516 516 2581 lilio
528 2518 760 2605 (decernitur).
778 2555 822 2569 -
837 2518 895 2594 IV,
919 2517 974 2584 38.
994 2517 1124 2583 Interea
1138 2517 1368 2605 Vespasianus
1380 2515 1501 2581 iterum

260 2647 298 2688 ac
318 2624 413 2689 Titus
431 2624 643 2691 consulatum
662 2624 819 2691 absentes
834 2625 995 2692 inierunt.
1015 2665 1055 2674 -
1074 2624 1131 2705 IV,
1151 2625 1204 2689 51.
1223 2623 1495 2712 Vespasianus...

262 2731 505 2796 validissimam
519 2733 688 2799 exercitus
703 2741 834 2821 partem
848 2733 922 2798 Tito
937 2733 1041 2798 tradit
1055 2730 1098 2796 ad
1122 2731 1251 2821 reliqua
1272 2730 1400 2796 ludaici
1420 2728 1500 2795 belli

263 2839 499 2926 perpetranda.
526 2879 569 2891 -
602 2839 660 2920 lV,
694 2842 750 2907 52.
782 2840 907 2906 Titum.
934 2838 1375 2929 antequamdigrcderetur.
1394 2836 1502 2902 multo

262 2946 353 3033 apud
365 2954 495 3034 patrem
524 2971 679 3012 sermone
708 2971 822 3013 orasse
855 2947 978 3025 lerunt,
999 2971 1039 3013 ne
1054 2946 1306 3012 criminantium
1321 2944 1502 3031 (Domitia-

262 3054 358 3141 num)
384 3055 512 3119 nuntiis
543 3063 666 3120 temere
695 3056 977 3122 accenderetur...
1010 3054 1240 3143 Vespasianus
1271 3053 1361 3119 baud
1395 3074 1500 3140 aeque

261 3161 455 3226 Domitiano
469 3162 644 3249 mitigatus
664 3186 765 3252 quam
787 3163 852 3229 Titi
873 3163 998 3251 pietate
1024 3162 1177 3249 gaudens
1192 3160 1280 3226 bono
1300 3184 1375 3226 esse
1388 3159 1501 3225 animo

261 3268 395 3336 iubet...
412 3308 455 3317 -
470 3268 510 3347 V,
533 3294 560 3333 ι.
584 3269 745 3335 Eiusdem
767 3270 846 3334 anm
863 3270 1028 3358 principio
1042 3268 1167 3335 Caesar
1177 3269 1285 3340 Titus.
1300 3267 1502 3356 perdoman-

259 3375 320 3440 dae
337 3374 478 3465 Iudaeae
498 3375 651 3442 delectus
677 3386 809 3465 epatre
835 3385 869 3442 et
891 3377 1034 3465 privatis
1059 3377 1234 3464 utriusque
1258 3374 1360 3440 rebus
1381 3374 1501 3440 militia

259 3482 381 3559 clarus,
398 3483 521 3548 maiore
538 3491 609 3548 tum
627 3485 658 3547 ri
681 3484 835 3573 famaque
862 3483 1021 3571 agebat...
1049 3521 1092 3531 —
1109 3484 1149 3554 V,
1178 3507 1226 3549 ro.
1258 3483 1394 3547 Manere
1411 3480 1502 3570 apud

259 3591 427 3656 exercitus
448 3590 561 3655 'litum
577 3590 619 3656 ad
641 3614 760 3656 ornnes
781 3591 991 3679 principatus
1009 3591 1087 3655 novi
1108 3598 1251 3657 eventus
1263 3612 1403 3655 casusve
1418 3587 1501 3654 utile

259 3697 449 3763 videbatur.
476 3736 518 3746 —
535 3697 574 3772 V.
607 3722 657 3763 rr.
690 3697 755 3786 lpsi
777 3699 852 3764 Tito
871 3700 977 3763 lloma
992 3707 1026 3765 et
1043 3721 1124 3786 opes
1146 3697 1405 3786 voluptatesque
1425 3704 1502 3761 ante

259 3805 386 3886 oeulos,
403 3830 441 3871 ac
457 3806 490 3869 ni
501 3806 616 3871 statim
633 3806 868 3893 Hierosolyma
888 3806 1118 3882 conciderent.
1147 3804 1271 3870 morari
1286 3803 1499 3872 videbantur.

259 3952 303 3963 -
323 3913 364 3984 V.
387 3914 436 3979 13.
457 3912 614 3978 Pluribus
630 3913 793 4002 (ludaeis)
808 3914 982 4002 persuasio
998 3914 1107 3979 inerat
1126 3912 1275 4000 antiquis
1291 3911 1500 3978 sacerdotum

258 4020 380 4086 litteris
399 4020 605 4087 contineri...
629 4021 722 4099 Quae
747 4021 907 4109 ambages
930 4021 1175 4109 Vespasianum
1200 4043 1238 4085 ac
1267 4019 1380 4084 Titum
1409 4043 1503 4108 prae·

259 4119 425 4193 dixerant.
434 4178 455 4193 ..
472 4127 566 4193 llanc
578 4128 742 4193 adversus
757 4128 875 4194 urbem
892 4138 1097 4217 gentemque
1110 4128 1235 4194 Caesar
1247 4126 1353 4206 Titne,
1366 4127 1502 4215 quando

260 4236 406 4322 impetus
420 4243 454 4300 et
466 4235 577 4301 subita
595 4235 673 4301 belli
690 4236 786 4302 locus
796 4236 971 4312 abnueret,
989 4234 1171 4325 aggeribus
1186 4234 1362 4323 vineisque
1373 4241 1502 4301 certare

259 4344 389 4408 statuit.
410 4381 453 4392 -
470 4344 509 4409 F.
530 4368 560 4408 a.
577 4344 715 4431 (Fertur
728 4345 823 4410 'litus
847 4343 1001 4410 adhibito
1021 4344 1164 4409 consilio
1191 4343 1284 4432 prius
1298 4342 1502 4409 deliberasse

259 4474 300 4514 aa
318 4449 481 4537 templum
498 4451 583 4516 tanti
598 4452 710 4539 operis
735 4460 944 4517 everteret...
976 4453 1023 4517 At
1042 4460 1159 4517 contra
1182 4450 1240 4515 alii
1260 4458 1294 4516 et
1318 4450 1344 4513 T
1346 4451 1414 4516 itus
1430 4452 1502 4540 ipse
1525 4479 1528 4486 ·

259 4557 476 4622 evertendum
493 4559 527 4622 in
540 4559 658 4647 primis
669 4560 832 4648 templum
848 4559 1043 4625 censebant.
1054 4558 1181 4646 ..)-F.
1196 4558 1227 4625 5.
1241 4558 1329 4648 (lani
1343 4566 1500 4646 portas..

257 4674 372 4730 utrum
396 4672 472 4752 post
488 4666 734 4753 Vespasianum
764 4675 797 4732 et
825 4667 940 4732 Titum
982 4666 1106 4756 aliquis
1132 4665 1304 4746 clauserit,
1331 4666 1502 4732 neminem

259 4773 435 4861 scripsisse
452 4774 601 4855 memini,
626 4798 703 4840 cum
720 4782 876 4841 tamen...
898 4774 1078 4840 Cornelius
1097 4774 1233 4840 Tacitus
1249 4773 1411 4862 prodat.)¹

253 5021 258 5055 ¹
278 5021 308 5067 l'.
324 5021 406 5069 etiam
427 5019 459 5068 ΙΙ.
478 5033 500 5068 a.
520 5026 557 5081 74.
575 5019 676 5083 mlv.
690 5023 714 5080 a,
733 5029 771 5081 to.
790 5021 829 5068 86.

337 5351 722 5517 A
