3709 6234
849 900 949 953 CERES
1496 893 1545 948 185

262 1040 422 1107 CELER.
451 1082 471 1091 -
497 1042 546 1121 15,
567 1043 621 1117 Aa.
642 1040 773 1106 Nero...
792 1041 1004 1106 exstruxit...
1026 1037 1385 1125 domumlauream)..,
1422 1038 1545 1125 magis-

306 1148 367 1213 tris
378 1155 413 1213 et
424 1147 713 1213 machinatoribus
734 1149 860 1214 Severo
876 1156 910 1214 et
930 1146 1059 1226 Celere,
1081 1145 1205 1235 quibus
1225 1146 1399 1232 ingenium
1428 1152 1462 1210 et
1488 1167 1545 1210 au-

305 1256 400 1322 dacia
416 1265 499 1338 erat,
522 1256 624 1322 etiam
640 1279 726 1344 quae
743 1265 864 1322 natura
884 1256 1137 1343 denegavisset,
1158 1277 1218 1341 per
1241 1260 1349 1318 artem
1379 1261 1543 1341 temptare

305 1372 339 1428 et
353 1362 483 1427 viribus
495 1363 659 1451 principis
673 1363 838 1430 inludere.
860 1364 1015 1452 Namque
1035 1361 1077 1427 ab
1098 1361 1174 1426 lacu
1197 1360 1334 1424 Averno
1364 1359 1541 1446 navigabi-

305 1469 371 1535 lem
388 1471 514 1535 fossam
529 1470 688 1559 usquead
702 1472 789 1537 ostia
805 1471 961 1537 Tiberina
978 1470 1199 1557 depressuros
1229 1468 1496 1555 promiserant...

262 1579 300 1644 P.
319 1578 481 1657 CELER,
504 1579 653 1644 CELER
668 1581 741 1665 (A).
759 1619 802 1628 -
823 1578 873 1658 13,
901 1603 927 1643 r.
944 1577 1093 1644 Ministri
1110 1575 1216 1666 (necis
1233 1574 1320 1640 lunii
1345 1576 1451 1641 Silani
1471 1599 1545 1664 pro-

304 1684 454 1750 consulis
469 1686 586 1771 Asiae)
605 1685 696 1751 luere
714 1687 751 1753 P.
771 1686 889 1751 Celer¹
907 1708 1011 1774 eques
1025 1686 1200 1749 Romanus
1220 1690 1252 1747 et
1264 1682 1383 1749 Helius
1402 1683 1545 1749 libertus

305 1793 351 1857 rei
370 1791 545 1857 familiaris
565 1792 728 1881 principis
745 1794 779 1857 in
793 1794 875 1858 Asia
896 1793 1053 1880 impositi,
1089 1792 1132 1857 ab
1153 1793 1205 1859 his
1226 1790 1420 1878 proconsuli
1444 1813 1544 1855 vene·

303 1922 384 1964 num
399 1900 487 1964 inter
497 1899 616 1988 epulas
629 1900 747 1965 datum
762 1907 815 1966 est
829 1901 993 1989 apertiuS,
1010 1922 1112 1989 quam
1127 1909 1166 1966 ut
1182 1901 1349 1967 fallerent.
1362 1938 1403 1948 -
1420 1898 1469 1979 ¹3,
1487 1897 1541 1963 33.

304 2006 396 2073 ldem
413 2031 523 2072 annus
536 2008 651 2095 plures
666 2031 740 2072 reos
756 2007 886 2085 habuit,
923 2031 1068 2095 quorum
1103 2010 1143 2074 P.
1175 2009 1328 2076 Celerem
1361 2013 1541 2072 accusante

303 2115 398 2191 Asia,
417 2116 495 2204 quia
517 2115 693 2181 absolvere
710 2115 873 2204 nequibat
889 2116 1026 2192 Caesar,
1042 2116 1157 2196 traxit,
1176 2124 1310 2181 senecta
1324 2114 1431 2179 donec
1454 2138 1544 2178 mor-

303 2229 371 2286 tem
390 2222 510 2288 obiret.
529 2222 615 2288 Nam
635 2222 931 2300 Celerinterlecto,
952 2231 990 2289 ut
1005 2224 1202 2305 memoravi,
1229 2222 1344 2289 Silano
1373 2245 1433 2309 pro
1462 2244 1541 2285 con-

301 2328 374 2393 sule
394 2329 629 2414 magnitudine
645 2330 783 2395 sceleris
799 2338 909 2395 cetera
925 2331 1054 2417 flagitia
1070 2330 1264 2418 obtegebat.

259 2437 296 2501 P.
316 2436 475 2517 CELER,
494 2438 643 2503 CELER
657 2440 731 2524 (n),
750 2462 783 2502 v.
803 2437 841 2503 P.
862 2436 1089 2502 ECNATIVS

257 2544 268 2567 ¹
290 2543 328 2609 P.
356 2544 641 2625 CE1.ER1VS,v.
661 2545 699 2612 P.
721 2544 870 2611 CELER
882 2545 960 2629 (A).

258 2650 442 2716 CELSVS.
491 2691 526 2702 —
564 2651 597 2731 6,
634 2655 682 2729 id.
721 2652 802 2716 Fine
832 2651 1120 2726 anniGenriniuS‚
1153 2651 1307 2738 Celsus⁹,
1341 2652 1540 2739 PompeiuS,

302 2759 433 2845 equites
450 2759 606 2837 Romani,
628 2758 777 2823 cecidere
793 2758 1035 2823 coniurationis
1051 2759 1190 2823 crimine
1208 2758 1263 2847 (ob
1279 2759 1391 2824 Seiani
1422 2758 1536 2824 amici-

303 2865 411 2950 tiam).

257 2972 436 3049 CELSVS,
463 2996 496 3038 v.
514 2971 663 3038 li'LlVS
683 2972 864 3038 CELSVS.

256 3078 424 3146 CELSVS
450 3078 638 3158 MARIVS,
657 3078 838 3159 CELSVS,
854 3102 887 3144 v.
907 3078 1083 3145 MARlVS
1104 3078 1285 3146 CELSVS.

255 3185 526 3252 CENCllRlVS.
547 3186 633 3263 -3,
660 3184 716 3251 61.
751 3185 887 3273 Ephesii
922 3185 978 3273 (de
1008 3187 1079 3251 iure
1108 3184 1194 3272 asyli
1224 3189 1393 3274 senatum)
1425 3187 1538 3253 adiere

298 3298 565 3358 memorantes..
580 3316 654 3357 esse
666 3292 754 3380 apud
770 3316 806 3357 se
817 3293 1021 3360 Cenchrium
1031 3293 1044 3332 ³
1054 3316 1200 3373 amnem,
1217 3293 1329 3358 lucum
1342 3293 1533 3380 Ortygiam,

297 3399 354 3464 ubi
374 3402 582 3465 Latonam...
600 3400 747 3465 edidisse
761 3401 925 3488 (Dianam
946 3408 979 3464 et
995 3400 1218 3488 Apollinem).

254 3506 474 3574 CEPHEVS.
507 3507 615 3580 -V,
648 3533 680 3572 2.
720 3508 877 3595 Plerique
904 3507 1123 3595 (memorant)
1151 3507 1356 3595 Aethiopum
1394 3508 1536 3595 prolem,

297 3638 383 3703 quos
397 3637 475 3701 rege
491 3613 627 3701 Cepheo
643 3623 754 3680 metus
780 3624 880 3702 atque
917 3613 1032 3677 odium
1063 3620 1193 3679 mutare
1221 3614 1320 3679 sedes
1354 3613 1534 3702 pepulerit,

300 3721 457 3809 (ludaeos
479 3725 581 3809 esse).

254 3827 467 3895 CERCINA.
489 3867 533 3878 -
558 3853 584 3909 r,
603 3828 657 3892 53.
678 3828 915 3915 (Sempronius
940 3829 1115 3893 Gracchus
1139 3828 1245 3893 Iuliae
1275 3830 1424 3916 Augusti
1445 3830 1535 3896 filiae

303 3935 448 4023 adulter)
491 3944 626 4000 amotus
669 3936 859 4013 Cercinam,
905 3935 1011 3999 Africi
1040 3937 1143 4000 uraris
1168 3934 1326 4001 insulam.
1352 3976 1394 3986 —
1423 3940 1455 4017 A,
1489 3939 1538 4004 13.

300 4044 354 4128 (C.
386 4044 593 4131 Gracchum)
627 4044 785 4108 comitem
819 4044 954 4109 exilii...
980 4052 1076 4130 pater
1095 4044 1316 4133 Sempronius
1345 4044 1380 4110 in
1395 4045 1540 4112 insulam

298 4151 474 4218 Cercinam
491 4150 628 4216 tulerat.

253 4258 408 4325 CERES.
438 4295 475 4307 -
493 4282 524 4336 2,
551 4261 603 4344 49.
640 4256 820 4346 (Tiberius)
849 4258 948 4322 deum
974 4259 1074 4323 aedes
1096 4268 1267 4326 vetustate
1289 4269 1345 4327 aut
1365 4262 1434 4348 igni
1458 4262 1538 4327 abo-

295 4366 373 4430 litas
401 4372 606 4453 coeptasque
645 4365 687 4429 ab
715 4367 873 4446 Augusto
907 4366 1090 4438 dedicavit,
1121 4366 1241 4431 Libero
1272 4366 1480 4455 Liberaeque
1506 4379 1540 4436 et

283 4602 292 4637 ¹
311 4602 357 4655 ld:
375 4603 504 4653 celerius.
520 4604 598 4652 Corn.
619 4604 736 4666 Lipsius.

281 4682 292 4717 ²
307 4683 432 4732 Editores
445 4687 508 4732 ante
528 4684 648 4746 Lipsium
666 4700 808 4748 perperam
822 4686 1027 4746 coniungebant
1040 4703 1046 4735 :
1060 4685 1204 4734 Geminius
1222 4684 1326 4733 Celsus.

283 4760 355 4813 W:
373 4764 547 4816 cenchrenm.
566 4766 641 4815 Corn.
656 4766 814 4814 Beroaldus.
830 4785 888 4813 -ι
910 4767 959 4815 Die
986 4767 1054 4815 Eds.
1074 4766 1254 4823 Cenchreum,
1273 4766 1325 4812 wie
1351 4765 1401 4812 mit
1425 4764 1539 4812 Wahrs-

248 4844 443 4893 cheinliehkcit
463 4845 623 4907 hergestellt
641 4848 676 4895 ist
701 4847 743 4894 hei
767 4847 922 4895 Alexander
946 4847 1060 4895 Aetolos
1079 4847 1294 4908 (blnrnunn,An.
1316 4844 1403 4896 Ater..
1421 4860 1446 4907 p.
1464 4846 1539 4907 πῶς

248 4922 296 4988 ἥτ’
309 4922 349 4975 ἐπί
364 4928 492 4991 Κεγχρεῖῳ
506 4929 586 4988 τίμιον
601 4925 671 4977 οἷκον
693 4928 756 4992 ἔχει.
779 4928 854 4975 Aber
871 4929 898 4975 in
922 4929 1006 4976 Prosa
1021 4928 1107 4977 hcisst
1123 4944 1152 4977 es
1170 4932 1238 4976 stets
1254 4929 1376 4991 Κέγχριος
1399 4941 1404 4974 ;
1430 4927 1536 4990 Strabo,

251 5005 323 5062 XIV,
343 5019 425 5066 r,2·1;
444 5005 534 5067 Paua..
551 5007 611 5066 vll,
630 5009 653 5067 5,
675 5023 703 5054 ro
722 5022 734 5052 a
752 5008 1099 5072 (Nrrrnuunr-Anonnsnn).

764 5393 1085 5477 m
