3709 6234
291 864 342 923 160
755 870 951 924 caesenatis
972 869 1095 924 rantis

291 1011 574 1077 (lassamus
591 1011 959 1092 MilelllVS'.-15‚
988 1037 1040 1100 7¹·
1060 1010 1217 1077 Caedicia
1237 1063 1259 1077 ..
1283 1018 1316 1077 et
1339 1011 1568 1077 Caesennius'2

333 1118 504 1184 Maximus
518 1117 614 1184 ltalia
631 1118 863 1206 probibentur.

290 1225 574 1290 CAESENNlVS
596 1225 745 1291 PAETV
748 1226 784 1304 S,
807 1225 1017 1292 luturi'sss.
1040 1264 1076 1275 -
1099 1229 1149 1306 it,
1167 1250 1219 1314 ²9·
1239 1226 1425 1292 Caesennio
1441 1225 1447 1266 ²
1466 1226 1567 1291 Paeto

333 1342 366 1399 et
381 1334 540 1399 Petronio
565 1332 762 1421 Turpiliano
783 1333 992 1398 consulibus.
1009 1371 1053 1384 —
1075 1332 1124 1415 15,
1146 1333 1178 1400 6.
1199 1333 1379 1422 (Corbulo)
1397 1334 1567 1422 proprium

332 1441 453 1507 ducem
481 1440 625 1506 tuendae
658 1440 840 1506 Armeniae
868 1450 1079 1530 poposcerat,
1109 1441 1338 1506 etadventarc
1360 1442 1568 1506 Caesennius

334 1548 458 1613 Paetus
482 1547 692 1614 audiebatur.
720 1548 856 1637 lantque
872 1548 999 1618 aderat.
1017 1549 1124 1636 copiis
1138 1549 1184 1614 ita
1202 1547 1333 1631 divisis,
1350 1556 1387 1614 ut
1402 1555 1521 1637 quarta
1536 1556 1568 1613 et

333 1655 531 1720 duodecima
554 1655 704 1743 legiones
727 1655 840 1720 addita
861 1656 1020 1744 quinta...
1040 1655 1141 1720 simul
1159 1655 1297 1721 Pontica
1322 1665 1355 1722 et
1370 1655 1568 1721 Galatarum

334 1762 640 1851 Cappadocumque
651 1763 776 1827 auxilia
788 1763 891 1828 Paeto
901 1763 1100 1829 oboedirent
1120 1814 1140 1828 ..
1156 1762 1273 1852 Neque
1287 1763 1434 1828 Corbulo
1445 1763 1568 1829 aemuli

332 1870 463 1958 patiens
477 1876 510 1934 et
526 1869 661 1947 Paetus,
680 1871 734 1935 cui
764 1870 847 1935 satis
877 1870 918 1935 ad
938 1870 1081 1958 gloriam
1097 1879 1180 1951 crat,
1202 1872 1228 1936 si
1245 1870 1419 1959 proximus
1431 1871 1569 1937 habere·

333 1985 399 2054 tur,
422 1976 629 2065 despiciebat
656 1985 795 2064 gesta..
831 2015 876 2028 -
909 1980 958 2058 15,
978 2004 1008 2067 7.
1034 1978 1167 2043 Bellum
1197 1978 1368 2067 propalam
1395 1986 1566 2067 sumptum

333 2109 350 2149 a
395 2084 540 2150 Parthis.
574 2084 643 2149 Neo
674 2085 798 2150 Paetus
824 2085 1035 2161 detrectavit,
1065 2086 1125 2151 sed
1167 2086 1299 2152 duabus
1333 2086 1565 2173 legionibus..

333 2192 530 2257 Armeniam
547 2192 650 2257 intrat
669 2192 758 2257 tristi
773 2193 923 2260 omine...
946 2232 985 2243 -
1006 2193 1057 2270 15,
1073 2193 1104 2259 8.
1128 2194 1285 2259 Ceterum
1309 2194 1431 2259 Paetus
1447 2196 1570 2283 spretis

333 2300 514 2381 ominibus,
533 2299 676 2364 necdum
702 2299 784 2365 satis
800 2300 943 2365 firmatis
958 2299 1198 2372 hibernaculis.
1217 2300 1311 2366 nullo
1324 2301 1371 2366 rei
1387 2301 1568 2367 frumenta-

331 2408 399 2474 riae
414 2408 563 2496 provisu‚
582 2408 669 2493 rapit
682 2408 865 2472 exereitum
883 2415 976 2473 trans
1001 2416 1149 2473 montem
1166 2409 1312 2474 Taurum
1329 2409 1567 2496 reciperandis‚

333 2523 367 2578 ut
394 2513 532 2590 serebat,
551 2513 840 2600 Tigranocertis...
862 2552 895 2562 -
925 2516 974 2590 15,
992 2539 1024 2603 9.
1047 2514 1162 2580 Parthi
1184 2516 1310 2580 omisso
1339 2523 1459 2603 paratu
1475 2516 1569 2580 inra-

332 2621 462 2686 dendae
483 2621 600 2707 Syriae
616 2642 711 2707 spem
727 2643 861 2685 ornnem
878 2621 910 2685 in
928 2621 1125 2686 Armeniam
1139 2621 1350 2711 (verterunt),
1374 2621 1431 2687 ubi
1445 2622 1570 2687 Paetus

333 2729 581 2793 innninentium
614 2729 784 2793 nescius...
812 2729 1027 2815 (exercitum)
1053 2729 1293 2796 inlirmaverat.
1336 2768 1366 2780 -
1419 2732 1468 2796 15.
1519 2754 1566 2795 ιο.

333 2835 483 2901 Retineri
498 2843 608 2900 castra
628 2844 661 2900 et
687 2834 778 2899 eludi
793 2835 938 2901 Parthus
964 2844 1072 2901 tractu
1089 2834 1169 2902 belli
1184 2845 1327 2924 poterat.
1350 2836 1378 2900 si
1393 2837 1496 2902 Paeto
1512 2844 1570 2902 aut

333 2944 366 3007 in
400 2942 469 3007 suis
496 2950 554 3007 aut
582 2942 615 3005 in
646 2942 765 3006 alienis
793 2942 943 3007 consiliis
966 2943 1158 3008 constantia
1173 2943 1303 3010 fuisset.
1321 2982 1361 2992 —
1381 2942 1431 3016 15,
1454 2967 1502 3007 ir.
1523 2943 1570 3009 at

332 3049 551 3138 l'ologaeseS.
584 3049 740 3137 quamvis
769 3048 940 3114 obsessae
963 3050 1067 3115 Paeto
1087 3050 1206 3116 itinera
1234 3050 1310 3116 liine
1324 3050 1475 3139 peditatu
1490 3051 1569 3116 inde

331 3158 444 3247 equite
471 3157 696 3245 accepisset...
732 3196 775 3205 -
813 3156 863 3238 15,
899 3181 949 3222 ια.
966 3156 1128 3242 (Corbulo
1145 3157 1285 3244 milites)
1300 3158 1452 3222 diversas
1467 3157 1566 3246 fugae

333 3288 450 3331 causas
479 3263 701 3329 obtendentes
722 3263 831 3329 redire
847 3263 888 3328 ad
916 3264 1012 3350 signa
1028 3272 1060 3329 et
1076 3263 1290 3330 elementiam
1312 3264 1407 3330 Paeti
1421 3265 1567 3351 experiri

332 3372 501 3438 monebat.
533 3410 576 3419 —
606 3373 655 3442 15,
696 3374 741 3447 ¹-l-
760 3371 855 3436 Missi
886 3370 1026 3457 posthac
1045 3371 1147 3436 Paeto
1165 3372 1272 3436 nuntii
1291 3380 1324 3437 et
1338 3371 1567 3460 (l'ologaesis)

331 3480 546 3569 conloquium
564 3479 718 3567 petitum,
736 3479 793 3566 qui
813 3478 965 3543 Vasacen
982 3478 1186 3565 praelectum
1206 3479 1375 3567 equitatus
1395 3479 1443 3544 irc
1456 3480 1564 3545 iussit.

331 3589 415 3653 Tum
433 3588 556 3652 l'aetus
572 3584 744 3660 Lucullos
765 3586 944 3671 Pompeios
972 3593 1017 3663 et,
1041 3586 1149 3674 siqua
1183 3587 1345 3652 Caesares
1365 3587 1568 3653 obtinendae

331 3694 549 3759 donandaeve
566 3693 747 3758 Armeniae
763 3700 913 3780 egerant.
935 3744 941 3756 .
965 3702 1152 3758 ‚memorat
1173 3732 1213 3741 -
1236 3693 1283 3774 15,
1320 3693 1370 3760 16.
1389 3694 1566 3782 (Corbulol

332 3802 435 3867 adicit
454 3803 523 3866 iure
554 3800 695 3865 iurando
714 3800 806 3864 l’aeti
832 3808 966 3865 carritum
989 3800 1077 3887 apud
1094 3801 1231 3886 signa...
1256 3800 1425 3866 neminem
1443 3802 1567 3867 lloma·

332 3934 412 3975 num
430 3908 626 3972 Armeniam
643 3907 886 3993 ingressurum,
914 3907 1021 3972 donec
1043 3905 1245 3972 reserrentur
1260 3906 1391 3972 litterae
1409 3908 1565 3988 Neronis,

332 4016 466 4104 aupaci
487 4015 691 4079 adnuerat...
721 4014 889 4102 (Constat)
912 4038 978 4079 una
999 4014 1052 4079 die
1082 4014 1306 4103 quadraginta
1341 4014 1472 4080 milium
1492 4040 1566 4104 spa·

321 4267 326 4304 l
348 4271 468 4318 l’nusor..
489 4269 543 4316 ilia.

318 4349 491 4399 ²Caesarn'ua
509 4348 616 4411 Lipsius
634 4362 665 4395 ex
685 4345 818 4405 Martiale.
836 4363 858 4408 7.
876 4349 914 4402 tt.
934 4346 973 4393 tlt.
991 4344 1309 4393 Niinaniter-Atrainam.
1326 4372 1354 4380 -
1368 4363 1381 4390 ν
1402 4339 1468 4394 l'tra
1482 4345 1567 4393 tbi-ina

287 4434 360 4480 recta
378 4432 421 4486 sit,
441 4434 515 4478 certe
542 4427 676 4475 diudicari
698 4426 792 4488 nequit
813 4442 825 4471 ii
843 4426 987 4487 (Pausian).
1014 4452 1042 4461 ·-
1069 4425 1147 4486 l'ulg.
1174 4429 1237 4473 unte
1262 4424 1382 4487 Llpsium
1413 4440 1445 4472 ex
1472 4425 1565 4473 deu:

288 4511 426 4560 (Maenius.

319 4593 330 4628 ³
349 4593 473 4652 Pnosor„
494 4592 588 4653 137.-
607 4591 719 4638 Veteres
737 4584 823 4636 'l'aciti
842 4588 961 4635 editores
978 4597 982 4634 :
998 4584 1134 4646 Cerealem,
1153 4585 1312 4635 Cesennius.

318 4671 384 4723 lM:
402 4672 519 4720 cesonio.
547 4671 620 4719 Corr.
646 4670 814 4732 Nipperdey.
844 4688 853 4708 u
874 4668 946 4717 Da...
969 4668 1004 4719 15.
1027 4668 1042 4713 o
1068 4665 1568 4716 nini1.02n.011r.eintn›nsutar

287 4754 452 4805 Caesennius
467 4751 564 4799 Pactus
581 4751 745 4809 rorkommt,
763 4748 887 4796 wetetien
903 4749 972 4795 airclr
991 4748 1050 4798 Dio.
1066 4747 1104 4796 62.
1123 4763 1161 4798 ao.
1179 4748 1290 4798 Λούκιον
1309 4746 1453 4798 Καισέννιον
1476 4749 1567 4799 Παῖτον

287 4839 379 4895 ncnnt,
397 4851 426 4882 so
440 4849 512 4881 inuss
529 4847 609 4880 mann
619 4832 703 4879 sclion
716 4828 831 4877 deslialli
846 4828 972 4887 glaiiben.
989 4829 1052 4875 cluss
1064 4827 1122 4875 liier
1132 4828 1256 4876 dcrselbe
1272 4831 1388 4890 genaunt
1402 4828 1449 4878 sei.
1465 4829 1500 4877 da
1510 4830 1567 4878 eine

286 4934 316 4966 so
331 4931 422 4976 ‘grosse
441 4913 631 4962 Aclmliclrkcit
648 4913 695 4959 des
714 4911 833 4958 Nanrens
845 4909 887 4957 bei
899 4909 966 4956 zwei
983 4908 1197 4957 verscliiedcnen
1214 4908 1342 4957 ltltlnneru
1356 4907 1500 4958 dcrselben
1512 4910 1568 4959 zen

285 4999 339 5048 und
359 4996 481 5058 Stellung
499 5010 529 5041 zu
546 4991 809 5042 unwalirsclieinlicli
829 4990 862 5036 ist
880 5009 890 5030 ν
911 4988 1252 5051 ¹,Nrrrnnnnrmaluisses).
