3709 6234
843 887 1019 942 AGlthPlltA

332 1015 484 1101 parari...
505 1036 673 1079 venenum
693 1013 920 1102 (Britannico)
942 1012 1046 1080 iubet.
1068 1051 1114 1064 -
1146 1015 1196 1098 13,
1222 1012 1272 1080 16.
1293 1013 1342 1077 At
1361 1009 1567 1100 Agrippinae

331 1122 359 1185 is
375 1145 490 1208 pavor,
513 1145 551 1187 ea
575 1121 804 1188 consternatio
827 1121 992 1188 mentis...
1015 1123 1164 1208 emicuit,
1192 1129 1231 1189 ut
1253 1118 1392 1210 perinde
1416 1119 1568 1207 ignaram

331 1228 433 1295 luisse
466 1237 567 1317 atque
594 1227 770 1296 Octaviam
803 1251 952 1295 sororem
981 1230 1166 1298 Britannici
1203 1226 1409 1304 constiterit3
1445 1225 1567 1315 quippe

330 1336 394 1401 sibi
427 1359 623 1425 supremum
644 1337 807 1403 auxilium
837 1345 990 1426 ereptum
1009 1347 1044 1406 et
1062 1340 1231 1428 parricidii
1256 1334 1452 1424 exemplum
1471 1333 1567 1401 iutel-

329 1444 616 1528 legebat-13,
644 1470 692 1534 ¹9·
727 1445 849 1512 Statim
882 1443 1036 1512 relictum
1067 1447 1276 1537 Agrippinae
1309 1443 1431 1524 limen3
1468 1465 1566 1508 nemo

329 1552 443 1632 solari,
464 1575 563 1618 nemo
583 1552 675 1619 adirc
687 1561 821 1641 praeter
839 1575 965 1640 paucas
981 1553 1134 1638 seminas,
1146 1577 1260 1621 amore
1270 1576 1312 1619 an
1321 1551 1398 1617 odio
1408 1549 1564 1616 incertas.

331 1659 380 1724 Ex
406 1659 531 1747 quibus
551 1667 622 1725 erat
652 1660 746 1726 lunia
786 1659 958 1740 Silana...‚
994 1662 1204 1751 Agrippinae
1222 1661 1280 1728 diu
1305 1681 1454 1749 percara,
1489 1679 1566 1723 mox

328 1764 472 1830 occultis
491 1766 579 1832 inter
606 1791 662 1832 eas
689 1766 945 1850 offensionibus,
968 1770 1046 1860 quia
1074 1771 1230 1838 Sextium
1249 1767 1450 1834 Africanum
1472 1765 1566 1832 nobi·

327 1872 394 1938 lem
422 1874 577 1940 iuvenem
597 1899 616 1940 a
636 1876 766 1963 nuptiis
794 1874 928 1942 Silanae
964 1877 1174 1944 deterruerat
1210 1875 1444 1965 Agrippina...
1478 1873 1568 1940 Inter

328 1981 552 2070 Agrippinam
580 1990 614 2048 et
640 1983 823 2049 Domitiam
851 1984 1011 2070 (Neronis
1047 1986 1200 2073 amitam)
1234 1983 1366 2050 infensa
1385 1980 1566 2048 aemulatio

328 2089 558 2157 exercebatur.
571 2128 610 2141 -
626 2090 735 2175 13,20.
755 2091 893 2157 Paris...
910 2093 1100 2180 exposito...
1116 2091 1231 2158 indicii
1250 2090 1366 2157 ordine
1384 2089 1432 2156 ita
1449 2087 1567 2176 (Nero-

328 2201 420 2283 nem)
439 2205 598 2280 exterret,
617 2206 654 2265 ut
673 2221 741 2264 nou
761 2200 872 2265 solum
888 2207 1030 2266 matrem
1046 2200 1271 2289 Plautumque
1286 2197 1487 2278 interlicere,
1509 2193 1566 2261 sed

331 2304 474 2368 Burrum
496 2304 597 2371 etiam
617 2305 795 2371 demovere
814 2306 1023 2395 praefectura
1043 2308 1241 2388 destinaret,
1255 2314 1431 2395 tamquam
1446 2303 1567 2392 Agrip

330 2411 429 2500 pinac
449 2413 556 2498 gratia
572 2422 769 2500 provectum
789 2422 823 2479 et
835 2414 943 2480 vicem
958 2416 1165 2482 reddentem.
1182 2455 1225 2465 -
1245 2415 1294 2498 13,
1318 2437 1371 2485 21.
1389 2413 1445 2480 Sic
1464 2411 1566 2477 lenito

330 2519 493 2608 principis
523 2529 615 2587 metu
645 2530 678 2589 et
709 2522 784 2589 lucc
816 2530 888 2589 orta
921 2524 989 2589 itur
1014 2523 1057 2589 ad
1084 2522 1322 2612 Agrippinam,
1352 2528 1391 2587 ut
1414 2524 1567 2586 nosceret

329 2625 459 2692 obiecta
490 2627 759 2720 dissolveretque
790 2631 845 2696 vel
871 2654 998 2719 poenas
1032 2630 1183 2697 lucret...
1206 2629 1396 2719 Agrippina
1426 2627 1566 2694 ferociae

330 2757 460 2798 memor
487 2734 732 2822 (defensionem
760 2762 855 2803 suam
888 2737 1045 2828 orditur).
1067 2778 1111 2788 —
1135 2742 1185 2820 14,
1212 2762 1238 2802 1.
1274 2737 1340 2803 Diu
1367 2735 1566 2803 meditatum

330 2840 441 2905 scelus
458 2866 524 2906 non
541 2844 630 2910 ultra
646 2845 734 2910 Nero
747 2846 893 2926 distulit,
906 2854 1076 2913 vetustate
1093 2848 1226 2936 imperii
1242 2845 1364 2913 coalita
1379 2843 1520 2911 audacia
1535 2847 1567 2908 et

330 2950 526 3036 flagrantior
559 2952 594 3016 in
625 2953 697 3018 dies
730 2978 842 3020 amore
878 2955 1066 3043 Poppaeae,
1084 2978 1169 3044 quac
1188 2955 1253 3021 sibi
1268 2952 1520 3019 matrimonium
1534 2955 1566 3016 et

331 3055 511 3123 discidium
542 3058 703 3126 Octaviae
736 3062 898 3127 incolumi
929 3063 1119 3152 Agrippina
1149 3061 1240 3127 haud
1271 3083 1410 3150 sperans
1442 3057 1567 3126 crebris

330 3163 663 3235 criminationibus...
687 3169 855 3236 incusaret
868 3171 1097 3259 principem...
1115 3170 1213 3249 Quod
1228 3170 1256 3235 si
1271 3191 1394 3234 nurum
1408 3165 1565 3256 Agrippi·

330 3293 373 3334 na
406 3295 473 3337 non
501 3274 566 3339 nisi
600 3275 669 3340 lilio
690 3276 846 3343 intestam
867 3277 952 3344 lerre
978 3285 1105 3366 posset,
1127 3277 1323 3344 redderetur
1336 3277 1409 3366 ipsa
1424 3273 1564 3357 Othonis

331 3379 529 3467 coniugio...
549 3419 591 3432 -
617 3386 666 3460 nt,
698 3409 729 3450 2.
751 3385 864 3451 Tradit
882 3386 1025 3452 Cluvius
1049 3386 1166 3453 ardore
1197 3386 1390 3452 retinendae
1409 3381 1562 3472 Agrippi-

330 3508 406 3550 nam
426 3491 596 3574 polentiae
617 3515 655 3556 eo
675 3514 782 3581 usque
802 3503 1010 3581 provectam,
1044 3501 1083 3559 ut
1112 3494 1222 3560 medio
1247 3492 1355 3560 diei...
1378 3491 1514 3557 ollerret
1532 3511 1560 3554 se

330 3594 464 3681 saepius
505 3597 658 3684 (Neroni)
701 3600 887 3666 temulento
929 3607 1098 3688 comptam
1143 3608 1177 3665 rt
1201 3600 1331 3665 incesto
1371 3605 1558 3686 paratam„

332 3700 457 3767 Fabius
491 3704 652 3771 llusticus
673 3731 739 3772 non
770 3708 991 3796 Agrippinae,
1014 3707 1073 3772 sed
1087 3708 1212 3773 Neroni
1227 3707 1380 3795 cupitum
1394 3704 1428 3770 id
1441 3727 1557 3770 memo·

332 3819 422 3875 rat...
438 3810 504 3876 Sed
519 3836 604 3902 quae
624 3815 776 3896 Cluvius
793 3815 909 3880 eadem
929 3815 1031 3881 ceteri
1051 3838 1184 3904 quoquc
1204 3822 1358 3880 auctores
1377 3811 1551 3901 prodidere

331 3923 364 3980 ct
393 3915 479 3981 laima
508 3919 572 3984 lmc
606 3920 759 4002 inclinat,
795 3946 854 3988 seu
885 3923 1040 4011 concepit
1059 3924 1172 3988 animo
1192 3930 1325 3989 tantum
1345 3919 1554 3986 immanitati:

331 4022 531 4110 Agrippina,
568 4050 626 4091 seu
652 4028 844 4094 credibilior
871 4052 978 4096 novae
1003 4028 1154 4095 libidinis
1177 4029 1351 4095 meditatio
1374 4028 1410 4094 in
1433 4051 1472 4094 ea
1495 4025 1553 4092 visi

330 4136 393 4209 cst,
416 4153 512 4218 quae.
536 4186 542 4199 .
572 4171 614 4182 —
651 4138 701 4214 14,
734 4136 763 4203 3.
788 4135 922 4203 Obtulit
940 4137 1114 4226 ingenium
1127 4136 1389 4227 (interficiendae
1408 4134 1551 4225 Agrippi

331 4241 408 4323 nare)
434 4239 599 4306 Anicetus
632 4241 774 4309 libertus
807 4245 907 4310 classi
926 4245 1016 4333 apud
1049 4244 1422 4334 blisenumpraelectus
1436 4252 1471 4311 et
1489 4265 1550 4333 pue

332 4344 427 4410 ritiae
463 4345 606 4414 Neronis
637 4349 797 4416 educator
835 4376 872 4417 ac
918 4353 1046 4418 mutuis
1065 4354 1153 4418 odiis
1181 4353 1390 4441 Agrippinae
1420 4352 1549 4418 invisus

331 4490 374 4501 —
400 4455 448 4530 14,
478 4455 510 4531 ά.
552 4455 667 4546 (Nero)
689 4457 842 4525 terendas
861 4460 1052 4548 parentium
1081 4460 1284 4526 iracumdias
1311 4468 1346 4527 et
1363 4459 1546 4550 placandus

330 4559 480 4625 animum
500 4560 672 4642 dictitans,
699 4590 766 4654 quo
782 4590 950 4633 rumorem
977 4568 1259 4634 reconciliationis
1276 4568 1423 4634 efficeret
1437 4567 1545 4657 accipe

328 4676 446 4757 rctquc
465 4670 667 4759 Agrippina,
690 4674 779 4739 lacili
798 4675 1000 4742 feminarum
1016 4676 1213 4742 credulitate
1230 4675 1273 4742 ad
1292 4675 1458 4766 gaudia...
1475 4675 1544 4743 Sati

328 4776 482 4842 constitit
501 4779 670 4846 exstitisse
689 4783 894 4871 proditorem
915 4791 949 4850 et
980 4784 1204 4871 Agrippinam
1222 4783 1347 4851 auditis
1360 4782 1504 4863 insidiis,
1521 4805 1541 4850 a

327 4883 476 4949 crederet
495 4886 700 4976 ambiguam,
722 4891 910 4978 gestamine
930 4889 1032 4956 sellae
1045 4891 1144 4956 Baias
1163 4899 1367 4979 pervectam.
1388 4929 1432 4941 -
1457 4893 1508 4968 rt,
1529 4889 1542 4955 ξ

327 4989 396 5057 Nec
415 4991 562 5059 multum
582 5002 653 5062 erat
674 5019 852 5085 progressa
872 4998 981 5078 navis,
1003 4998 1138 5064 duobus
1157 5023 1174 5064 c
1194 5021 1334 5064 numero
1348 4997 1540 5070 familiariur
