3709 6234
850 861 959 913 l'lALlA
1493 860 1547 917 365

308 1007 397 1066 retro
413 1007 507 1066 actae
522 1000 655 1065 deserta
673 1000 770 1066 ltalia
785 1007 919 1089 turpem
931 1000 1046 1088 fugam
1067 1000 1326 1067 conscivissent.
1344 1041 1387 1051 —
1405 1002 1465 1081 lll,
1489 1004 1544 1069 30.

306 1108 433 1195 Magna
453 1131 531 1195 pars
552 1107 668 1173 ltaliae
689 1114 777 1173 stato
810 1108 844 1172 in
878 1107 1017 1173 eosdem
1051 1107 1123 1173 dies
1144 1116 1295 1175 mercatu
1327 1109 1543 1198 (Cremonae)

308 1222 526 1302 congregata.
555 1252 599 1265 -
642 1213 702 1294 ΙΙΙ,
735 1215 789 1291 34.
820 1214 1016 1303 (Cremona)
1047 1215 1183 1281 condita
1217 1224 1330 1282 erat...
1368 1217 1546 1304 ingruente

308 1323 343 1386 in
368 1320 500 1387 ltaliam
517 1321 687 1388 Annibale
706 1375 728 1388 ..
748 1322 928 1389 inritam...
947 1323 1107 1411 praedam
1122 1323 1416 1409 (Cremonensium
1439 1325 1546 1413 capti-

308 1430 440 1510 vorum)
460 1428 626 1495 militibus
643 1429 843 1517 (Flavianis)
860 1431 1016 1496 ellecerat
1036 1454 1223 1496 consensus
1243 1430 1372 1510 ltaliae,
1406 1432 1547 1520 emptio-

307 1561 385 1602 nem
406 1536 525 1601 talium
543 1538 788 1625 mancipiorum
802 1538 1029 1626 aspernantis.
1048 1576 1092 1588 -
1108 1537 1168 1616 ΙΙΙ,
1186 1541 1239 1615 la.
1265 1538 1426 1605 Omnis...
1451 1538 1547 1605 ltalia

309 1645 397 1710 inter
414 1645 660 1733 Vespasianum
672 1668 709 1710 ac
726 1644 901 1711 Vitellium
926 1645 1125 1734 Appennini
1137 1644 1227 1733 iugis
1257 1644 1483 1712 dividebatur.
1506 1685 1548 1697 -

309 1751 370 1834 ΙΙΙ,
388 1751 443 1829 46.
461 1752 525 1816 Vbi
538 1753 679 1840 llagrare
698 1751 829 1817 ltaliam
844 1751 1145 1841 bello...acccperc
1164 1752 1332 1840 (Daci)¹...
1348 1790 1392 1803 -
1412 1752 1473 1835 ΙΙΙ,
1490 1756 1546 1842 49.

310 1859 445 1925 Primus
460 1860 673 1927 Antonius...
692 1867 770 1947 post
792 1860 1035 1931 Cremonam...
1052 1866 1089 1924 ut
1104 1866 1237 1949 captam
1259 1860 1391 1926 ltaliam
1418 1861 1548 1949 persul-

309 1974 392 2033 tare.
411 2006 453 2016 -
474 1967 534 2049 ΙΙΙ,
568 1966 622 2031 53.
654 1967 821 2034 Antonius
848 1966 1054 2054 (Primus)...
1084 1966 1214 2032 litteras
1235 1967 1277 2033 ad
1302 1968 1546 2056 Vespasianum

307 2075 553 2163 composuit...,
566 2099 627 2140 sua
642 2075 833 2141 constantia
848 2083 1027 2163 perruptas
1042 2072 1162 2163 Alpes,
1180 2083 1379 2164 occupatam
1397 2075 1543 2154 ltaliam,

313 2205 462 2271 ...neque
482 2182 615 2248 ollicere
630 2182 758 2270 gloriae
775 2206 904 2261 eorum,
932 2182 989 2270 qui
1007 2182 1146 2246 Daciam
1175 2182 1312 2248 interim
1344 2206 1545 2272 composue-

310 2290 393 2355 rint:
405 2289 473 2354 illis
493 2289 778 2378 Moesiaepacem,
792 2290 855 2355 sibi
872 2290 1018 2355 salutem
1034 2289 1318 2379 securitatemque
1331 2289 1446 2356 ltaliae
1456 2289 1549 2355 cordi

294 2396 426 2464 luisse.
455 2439 482 2449 -
504 2398 564 2477 lll,
589 2399 643 2486 59.
662 2398 691 2459 V
695 2406 708 2461 t
728 2406 889 2463 terrorem
907 2395 1023 2462 ltaliae
1036 2420 1193 2485 possessa
1223 2397 1423 2464 Mevania...
1447 2398 1547 2464 intu-

309 2503 395 2570 lerat
408 2504 655 2596 (Vitellius).-
671 2505 729 2586 lV,
748 2507 779 2570 5.
804 2504 981 2569 llelvidius
999 2504 1135 2569 Priscus
1150 2504 1434 2592 regioneltaliae⁹
1450 2504 1548 2571 eCa·

311 2611 445 2678 racinae
466 2612 691 2700 municipio...
707 2650 748 2660 —
767 2610 823 2685 lV,
848 2613 897 2676 13.
920 2611 997 2677 Si...
1017 2618 1067 2677 tot
1086 2620 1293 2677 armatorum
1309 2611 1401 2678 milia
1417 2612 1549 2679 ltaliam

311 2719 530 2807 inrupissent.
553 2758 589 2770 -
608 2718 667 2799 lV,
687 2744 722 2808 17
759 2719 940 2807 (Loquitur
955 2719 1059 2784 lulius
1072 2718 1206 2807 Civilis)
1236 2748 1251 2780 α
1271 2718 1360 2797 Quid
1375 2720 1404 2785 si
1417 2719 1548 2785 Galliac

311 2826 427 2914 iugum
442 2835 580 2905 exuant,
598 2835 764 2915 quantum
782 2827 816 2891 in
833 2826 930 2892 ltalia
947 2826 1115 2915 reliquum
1134 2828 1150 2891 ’ἶ
1168 2855 1184 2887 »
1200 2865 1243 2875 -
1264 2826 1322 2906 lV,
1346 2826 1399 2892 51.
1417 2827 1545 2917 Vespa·

310 2934 426 2999 sianus
446 2935 479 2998 in
496 2934 629 2999 ltaliam
644 2957 763 3022 resque
779 2933 873 2998 urbis
888 2935 1051 3000 intentus.
1074 2973 1111 2983 -
1138 2933 1194 3013 lV,
1211 2935 1264 2999 55.
1284 2934 1446 3001 Certatim
1475 2959 1550 3023 pro·

311 3041 461 3108 clamant
477 3042 597 3130 (lulius
614 3042 786 3108 Classicus
799 3044 939 3132 eiusque
954 3042 1052 3129 socii)
1066 3042 1175 3109 lurere
1191 3042 1369 3109 discordiis
1385 3043 1548 3133 populum

311 3150 514 3226 llomanum,
530 3173 647 3215 caesas
667 3149 830 3238 legiones,
845 3158 1015 3217 vastatam
1031 3149 1201 3217 Italiam...
1220 3189 1262 3200 -
1280 3149 1338 3234 lV,
1361 3151 1414 3216 58.
1442 3151 1545 3241 (Con-

310 3258 460 3338 tionatur
485 3257 613 3323 Vocula
633 3257 723 3346 apud
750 3257 931 3323 seditiosos
955 3258 1094 3347 milites)
1127 3283 1143 3322 a
1164 3257 1289 3323 Nehoc
1314 3258 1546 3346 prodigium..,

309 3365 479 3452 vulgetur,
497 3364 594 3429 vobis
607 3364 812 3430 satellitibus
828 3364 972 3430 Civilem
988 3373 1021 3430 et
1036 3365 1225 3431 Classicum
1252 3363 1385 3431 ltaliam
1414 3366 1550 3430 invasu·

309 3472 650 3550 roS...n-lV,ti5.
686 3473 920 3561 (Respondent
953 3473 1126 3538 Tencteris
1145 3472 1431 3561 Agrippinenses)
1470 3472 1548 3539 «Si

309 3582 367 3669 qui
391 3603 432 3645 ex
454 3580 550 3645 ltalia
564 3588 622 3646 aut
645 3581 828 3668 provinciis
841 3579 1050 3668 alienigenae
1064 3582 1098 3645 in
1118 3579 1243 3645 linibus
1256 3581 1381 3645 nostris
1401 3579 1547 3661 lucrant,

310 3711 367 3753 cos
383 3687 508 3752 bellum
522 3688 747 3776 absumpsit.»
758 3728 800 3739 -
817 3688 874 3771 lV,
893 3713 947 3776 72.
965 3687 1237 3756 «Cremonam...
1254 3712 1271 3753 e
1286 3687 1415 3775 gremio
1432 3686 1551 3753 ltaliae

310 3803 482 3884 raptam...
504 3823 519 3853 »
538 3834 575 3844 -
594 3795 651 3873 lV‚
670 3797 723 3885 73.
744 3825 759 3856 a
782 3795 851 3860 Nec
869 3795 943 3859 ideo
960 3795 1116 3860 llhenum
1129 3795 1327 3870 insedimus,
1352 3801 1390 3860 ut
1416 3793 1548 3861 ltaliam

310 3910 491 3985 tueremur,
515 3903 575 3968 sed
599 3927 640 3967 ne
672 3903 850 3991 quisalius
870 3901 1064 3967 Ariovistus
1088 3926 1193 3989 regno
1210 3901 1398 3968 Galliarum
1418 3901 1549 3991 potire-

311 4018 364 4075 tur
387 4041 456 4071 n-
478 4009 534 4089 lV,
556 4011 609 4099 75.
627 4009 745 4076 Civilis
769 4019 803 4076 et
830 4010 1002 4076 Classicus
1022 4010 1143 4076 misere
1168 4010 1210 4075 ad
1233 4008 1400 4075 Cerialem
1425 4009 1551 4099 epistu-

310 4118 420 4184 las...:
446 4148 461 4177 «
487 4118 612 4183 Vrbem
632 4127 733 4208 atque
749 4117 881 4184 ltaliam
909 4118 1042 4184 interno
1062 4116 1152 4183 bello
1174 4125 1487 4206 consumptam...»
1509 4156 1551 4167 -

313 4225 369 4290 lV.
390 4225 443 4312 76.
461 4225 606 4293 Tutor...
623 4225 865 4293 adfirmabat...
883 4224 1061 4314 (legiones)
1077 4225 1259 4292 adventare
1280 4249 1323 4291 ex
1351 4224 1490 4293 ltalia...
1507 4263 1552 4278 -

310 4331 353 4410 V,
380 4358 407 4399 ι.
435 4332 836 4422 Comitabanturtlitum
867 4334 902 4398 in
931 4333 1054 4399 Iudaea
1081 4335 1295 4421 agentem)...
1328 4332 1439 4409 multi,
1466 4357 1551 4424 quos

310 4441 392 4508 urbe
408 4449 508 4531 atque
528 4442 624 4508 ltalia
641 4467 701 4507 sua
718 4466 887 4531 quemque
906 4466 983 4531 spes
1003 4444 1211 4510 acciverat...
1230 4481 1273 4492 --
1289 4443 1330 4525 V,
1354 4467 1403 4510 ro.
1430 4443 1550 4509 Proxi-

299 4743 305 4778 ¹
328 4744 379 4791 Pro
394 4744 486 4793 urbem
504 4745 633 4792 externae
661 4743 720 4806 opis
747 4742 878 4808 indigam,
895 4744 968 4807 quod
986 4748 1028 4792 est
1050 4743 1076 4791 in
1101 4741 1127 4791 m
1157 4742 1217 4804 (ΙΙΙ,
1236 4741 1287 4805 48),
1304 4741 1423 4790 coniecit
1440 4740 1551 4789 ltitter:

264 4823 373 4873 ltaliam
402 4823 562 4889 urbemque,
578 4826 627 4872 etc.
639 4840 646 4874 :
665 4824 807 4872 lleracus:
825 4823 920 4874 urbem
936 4824 1110 4889 Italiamque,
1127 4826 1177 4872 etr.

295 4905 307 4940 ²
325 4905 415 4953 Verba
429 4905 540 4969 reqione
556 4903 657 4953 Italiae
676 4905 752 4952 uncis
768 4905 831 4953 incl.
853 4905 959 4954 Ernesti
976 4910 1003 4954 ct
1021 4904 1225 4954 Orelli-bleiser.
1244 4929 1273 4941 —
1290 4903 1396 4967 Lipsius
1413 4901 1547 4952 coniecit:

265 4985 374 5049 origine
390 4985 498 5034 Italica.
