3709 6234
668 831 816 885 DOMITIVS
837 833 986 885 coemto
1413 831 1465 887 251

230 975 422 1043 Corbulone
448 998 515 1041 non
536 974 630 1063 prius
654 996 856 1039 conversum
882 998 997 1062 regem
1022 973 1065 1039 ad
1095 973 1286 1040 offerendos
1315 975 1464 1058 obsides,

228 1107 330 1173 quam
344 1084 416 1171 ipse
436 1081 506 1147 dux
521 1081 611 1146 bello
631 1080 782 1148 delectus
802 1106 879 1170 spes
894 1082 967 1148 eius
986 1082 1028 1147 ad
1044 1090 1171 1149 metum
1186 1090 1345 1149 mutaret.
1363 1084 1464 1156 Nero,

229 1214 295 1281 quo
329 1196 546 1279 componeret
559 1190 724 1270 diversoS,
743 1190 791 1255 sic
806 1190 958 1277 evulgari
974 1191 1084 1269 iussit,
1110 1188 1153 1254 ob
1173 1213 1226 1256 res
1261 1190 1465 1270 aQuadrato

228 1305 263 1364 et
274 1296 466 1364 Corbulone
486 1321 645 1386 prospere
664 1305 779 1384 gestas
801 1297 934 1363 laurum
962 1297 1108 1363 fascibus
1128 1298 1354 1388 imperatoriis
1372 1298 1463 1364 addi.

228 1405 342 1484 -13,
370 1403 424 1483 34.
447 1403 597 1471 Corbulo
612 1405 754 1492 dignum
775 1404 1009 1492 magnitudine
1027 1404 1144 1493 populi
1165 1405 1308 1471 Romani
1331 1404 1467 1473 rebatur

227 1519 323 1603 parta
344 1511 458 1578 olima
478 1510 619 1577 Lucullo
641 1511 870 1601 Pompeioque
890 1512 1183 1599 recipere-13,
1203 1513 1255 1578 35.
1280 1513 1347 1578 Sed
1376 1514 1464 1580 Cor-

226 1616 344 1684 buloni
364 1616 441 1706 plus
456 1618 557 1683 molis
581 1618 745 1684 adversus
759 1620 933 1707 ignavium
958 1620 1105 1685 militum
1119 1643 1222 1709 quam
1237 1628 1352 1687 contra
1365 1623 1466 1711 perli-

225 1725 314 1792 diam
326 1726 474 1792 hostium
494 1735 577 1794 erat.
606 1742 649 1781 -'-
669 1725 718 1809 13,
742 1726 795 1794 36.
814 1726 954 1793 Interim
973 1727 1134 1811 Corbulo,
1165 1728 1358 1816 legionibus
1374 1728 1460 1794 intra

226 1840 336 1898 castra
350 1831 488 1913 habitis,
519 1833 625 1899 donec
650 1858 709 1898 ver
733 1835 953 1916 adolesceret,
989 1835 1230 1925 dispositisque
1246 1860 1305 1926 per
1323 1835 1464 1902 idoneos

225 1937 319 2005 locos
330 1940 525 2006 cohortibus
541 1940 742 2022 auxiliariis,
761 1965 802 2008 ne
814 1966 964 2032 pugnam
981 1944 1109 2032 priores
1126 1944 1289 2011 auderent
1303 1944 1466 2034 praedicit

301 2046 400 2126 Quod
429 2049 579 2135 graviter
607 2048 755 2115 Corbulo
784 2051 913 2138 accepit
945 2051 1215 2139 increpitumque
1245 2052 1403 2117 Paccium
1433 2058 1465 2115 et

224 2154 414 2243 praefectos
429 2155 622 2244 militesque
638 2156 776 2222 tendere
792 2164 886 2223 extra
900 2156 1030 2223 vallum
1046 2158 1156 2224 iussit.
1178 2198 1218 2208 --
1238 2158 1288 2241 13,
1307 2158 1360 2247 37.
1383 2157 1465 2224 Cor-

225 2260 475 2350 buloquaesito
496 2261 554 2328 diu
582 2262 709 2351 proelio
744 2262 868 2329 frustra
897 2263 1034 2329 habitus
1065 2273 1099 2330 et
1131 2264 1288 2354 exemplo
1316 2266 1465 2330 hostium

224 2367 438 2435 circumferre
457 2367 586 2434 bellum
613 2378 761 2447 coactus,
793 2370 950 2459 dispertit
976 2371 1107 2439 vires...
1139 2372 1195 2464 ild
1218 2394 1256 2436 ea
1292 2372 1464 2460 (Tiridatis

224 2475 414 2563 legatorum
427 2475 543 2563 verba)
560 2475 722 2556 Corbulo,
740 2479 823 2542 satis
837 2487 1011 2566 comperto
1037 2478 1246 2563 t'ologaesen
1275 2478 1463 2546 delectione

226 2583 415 2670 Hyrcaniae
427 2584 576 2664 attineri,
594 2584 714 2650 suadet
729 2585 867 2651 Tiridati
885 2584 1041 2673 precibus
1076 2585 1254 2653 Caesarem
1279 2586 1462 2674 adgredi...

224 2728 266 2741 -
287 2690 337 2767 13,
356 2689 409 2757 38.
428 2690 523 2757 hlille
539 2693 690 2780 equitum
702 2693 908 2779 praesidium
920 2692 1088 2758 Tiridates
1105 2694 1220 2759 adfore
1237 2694 1301 2758 sihi
1316 2694 1462 2776 dicebat;

226 2804 391 2887 quantum
417 2795 601 2863 Corbuloni
635 2799 797 2887 cuiusque
829 2799 964 2886 generis
990 2799 1136 2865 militum
1170 2800 1360 2882 adsisteret,
1396 2826 1462 2868 non

224 2912 383 2985 statuere,
406 2905 529 2972 dum...
549 2906 677 2995 Dieque
692 2914 791 2993 pacto
818 2907 909 2994 prior
945 2907 1093 2972 Corbulo
1127 2909 1236 2974 socias
1251 2910 1406 2975 cohortes
1430 2919 1464 2978 et

225 3011 349 3077 auxilia
361 3034 479 3099 regum
490 3036 550 3100 pro
566 3013 738 3093 cornibus,
757 3013 867 3079 medio
885 3021 1016 3080 sextam
1038 3014 1205 3102 legionem
1217 3017 1405 3084 constituit.
1421 3058 1464 3068 -

229 3117 278 3200 13,
302 3118 355 3208 39.
376 3117 536 3199 Corbulo,
559 3144 600 3185 ne
625 3121 764 3186 inritum
786 3120 913 3186 bellum
935 3122 1123 3187 traheretur
1149 3130 1252 3211 utque
1281 3126 1464 3190 Armenios

222 3224 265 3294 ad
280 3225 562 3293 suaderendenda
582 3235 729 3314 cogeret,
752 3227 949 3293 exscindere
965 3237 1062 3317 parat
1081 3228 1262 3297 castella...
1274 3268 1311 3279 -
1338 3230 1389 3313 13,
1407 3236 1460 3310 tr.

223 3333 428 3414 Corbulo...‚
447 3356 489 3399 an
509 3334 676 3421 expeditis
692 3333 882 3420 legionibus
895 3344 994 3401 nocte
1015 3336 1180 3402 Artaxata
1191 3346 1346 3425 pergeret
1374 3338 1463 3404 obsi-

223 3440 345 3530 dioque
381 3440 620 3511 circumdaret.
661 3441 844 3528 agitavit...
885 3481 928 3492 —
963 3444 1085 3525 1423.
1118 3445 1166 3509 At
1193 3443 1353 3527 Corbulo,
1385 3455 1463 3535 post

223 3545 334 3614 deleta
363 3548 529 3614 Artaxata
560 3547 723 3613 utendum
755 3549 880 3615 recenti
906 3557 1033 3616 terrore
1062 3557 1155 3615 ratus
1192 3551 1234 3616 ad
1268 3553 1462 3640 occupanda

223 3655 473 3744 Tigranocerta,
501 3654 788 3743 ...illucpergit...
816 3656 964 3724 Corbulo
981 3657 1147 3747 (Mardos)
1173 3659 1334 3723 immissis
1360 3659 1463 3727 Hibe·

222 3763 269 3830 ris
291 3762 480 3829 vastavit...
507 3802 551 3811 -
579 3765 631 3840 rt,
650 3763 893 3851 25.(Legatos,
924 3788 1010 3853 quos
1038 3766 1187 3852 Hyrcani
1221 3765 1263 3831 ad
1291 3765 1460 3833 Neronem

222 3870 413 3956 miserant,)
428 3869 659 3956 regredientes
675 3870 868 3938 Corbulo...
886 3871 965 3936 dato
987 3871 1153 3960 praesidio
1168 3874 1211 3938 od
1236 3872 1336 3939 litora
1359 3876 1462 3941 maris

225 3976 331 4043 llubri
344 3976 526 4044 deduxit...
545 4014 588 4025 -
616 3980 665 4055 14,
694 3978 747 4044 26.
772 3978 920 4043 Corbulo
940 3979 973 4043 in
999 3980 1132 4044 Suriam
1159 3978 1323 4047 abscessit
1353 3990 1462 4049 morte

224 4082 389 4150 meidii
421 4083 525 4170 legati
550 4107 692 4149 vacuam
716 4109 753 4150 ac
783 4084 848 4149 sihi
877 4087 1091 4173 permissam.
1125 4125 1170 4140 —
1207 4091 1257 4169 ll,
1290 4114 1343 4179 29.
1376 4090 1461 4156 Tum

224 4189 389 4258 Paulinus
414 4190 598 4257 Suetonius
638 4191 813 4258 obtinebat
853 4194 1047 4272 Britannos,
1087 4194 1228 4261 seientia
1260 4196 1400 4262 militiae
1428 4208 1462 4264 et

222 4319 355 4366 rumore
371 4296 498 4385 populi,
516 4298 573 4387 qui
591 4300 759 4365 neminem
774 4301 845 4364 sinc
861 4301 994 4365 aemulo
1004 4301 1095 4380 sinit,
1109 4301 1313 4368 Corbulonis
1327 4327 1462 4371 concer-

222 4412 311 4472 tator
326 4411 545 4494 receptaeque
571 4407 753 4471 armeniae
772 4407 874 4471 decus
894 4430 1038 4495 aequare
1067 4407 1204 4474 domitis
1231 4410 1460 4498 perduellibus

223 4512 374 4600 cupiens.
396 4550 436 4561 —
473 4515 522 4589 al,
542 4512 596 4577 58.
633 4512 812 4603 Vulgoque
841 4513 1015 4601 tingebant
1034 4516 1178 4603 petitum
1213 4515 1255 4581 ab
1287 4517 1459 4605 (Rubellio

224 4618 358 4705 Plauto)
377 4617 617 4688 Corbulonem.
655 4620 787 4707 magnis
816 4628 888 4687 tum
922 4620 1128 4687 exercitibus
1156 4624 1405 4711 praesidentem
1428 4635 1461 4692 et

222 4724 303 4791 clari
317 4733 418 4815 atque
434 4726 585 4791 insontes
600 4728 628 4790 si
645 4727 924 4803 interficerentur,
943 4729 1161 4817 praecipuum
1177 4730 1216 4794 ad
1232 4731 1393 4819 pericula.
1414 4771 1459 4785 —

229 4835 278 4912 15,
301 4857 328 4900 ι.
355 4832 485 4898 Interea
523 4857 583 4900 rex
613 4836 815 4901 Parthorum
841 4836 1048 4924 t'ologaeses
1075 4837 1220 4926 cognitis
1256 4838 1460 4906 Corbulonis

225 4941 324 5007 rebus
352 4962 534 5029 regemque
570 4942 793 5027 alienigenam
814 4944 982 5032 Tigranen
1004 4944 1185 5012 Armeniae
1219 4946 1457 5034 impositum...
