3709 6234
795 892 1000 946 CAPPADOCES
1487 886 1538 941 173

299 1032 468 1099 vestibulo
480 1032 640 1121 Capitolii
652 1035 796 1099 omissas
812 1033 962 1099 habenas
978 1033 1087 1119 bigae,
1099 1033 1152 1096 cui
1166 1031 1314 1097 Victoria
1326 1032 1536 1098 institerat...

300 1179 342 1188 --
366 1140 408 1220 ll,
438 1140 493 1229 89.
523 1140 711 1229 (Vitellius)
750 1141 959 1228 Capitolium
989 1141 1161 1227 ingressus
1190 1147 1292 1227 atque
1318 1138 1365 1203 ibi
1395 1147 1536 1205 imitrem

298 1246 496 1335 complexus
524 1248 701 1334 Augustae
734 1250 870 1313 nomine
906 1248 1097 1314 bonoravit.
1125 1286 1168 1296 -
1201 1246 1261 1325 lll,
1291 1246 1342 1334 69.
1368 1246 1537 1333 (Flavius)

299 1354 458 1431 Sabinus,
484 1378 519 1419 re
557 1355 699 1443 trepida,
731 1355 822 1444 quod
851 1357 1061 1421 tutissimum
1099 1352 1388 1442 epraesentibuS,
1426 1377 1536 1419 arcem

299 1462 457 1551 Capitolii
480 1463 603 1528 insedit
618 1464 725 1527 mixto
746 1463 852 1529 milite
873 1471 907 1529 et
928 1462 1131 1552 quibusdam
1152 1470 1346 1527 senatorum
1366 1462 1536 1549 equitum-

298 1594 403 1658 que...
421 1569 592 1637 Concubia
611 1579 708 1636 nocte
725 1595 806 1635 suos
821 1570 946 1636 liberos
960 1570 1107 1636 Sabinus
1122 1578 1155 1635 et
1175 1570 1406 1634 Domitianum
1424 1569 1536 1634 fratris

298 1676 405 1741 tilium
433 1678 466 1741 in
488 1676 693 1765 Capitolium
718 1678 851 1745 accivit.
869 1673 913 1726 -ὲ
930 1676 989 1755 ΙΙΙ,
1014 1702 1066 1765 70.
1088 1676 1263 1762 (Queritur
1281 1676 1418 1742 Flavius
1438 1676 1536 1741 Sabi-

300 1784 379 1869 nus)
401 1791 542 1849 stratam
562 1785 793 1850 innocentium
810 1785 971 1850 caedibus
998 1782 1250 1849 celeberrimam
1277 1783 1371 1848 urbis
1392 1792 1533 1872 partem,

299 1914 339 1955 ne
371 1890 539 1979 Capitolio
567 1892 704 1981 quidem
733 1892 906 1958 abstineri.
929 1932 966 1943 -
990 1890 1048 1968 ΙΙΙ,
1074 1916 1128 1979 7¹·
1154 1891 1301 1956 Vixdum
1321 1914 1473 1978 regresso
1501 1891 1535 1954 in

300 1998 504 2085 Capitolium
536 1998 722 2086 (Cornelio)
748 1998 916 2076 Martiale,
941 1999 1057 2064 lurens
1078 1997 1176 2063 miles
1191 1998 1347 2065 aderat...
1379 1998 1483 2063 Faces
1503 1999 1536 2062 in

298 2106 544 2194 prominentem
559 2106 726 2193 porticum
754 2107 860 2171 iecere
889 2106 1093 2194 (Vitelliani)
1115 2114 1148 2171 et
1173 2104 1402 2193 sequebantur
1423 2106 1535 2192 ignom

298 2212 539 2301 ambustasque
553 2213 712 2301 Capitolii
727 2214 815 2278 tores
827 2220 1076 2301 penetrassent,
1091 2214 1166 2279 ni...
1177 2214 1261 2278 Tum
1276 2212 1428 2277 diversos
1439 2213 1536 2300 Capi-

298 2319 370 2385 tolii
403 2319 517 2385 aditus
545 2320 712 2387 invadunt
744 2322 835 2386 iuxta
867 2320 982 2385 lucunr
997 2320 1085 2408 asyli
1118 2328 1239 2408 etqua
1267 2320 1406 2406 Tarpeia
1435 2344 1535 2407 rupes

297 2434 433 2492 centum
461 2427 623 2513 gradibus
656 2427 809 2493 aditur...
850 2427 919 2492 Nec
947 2428 1021 2492 sisti
1055 2434 1211 2515 poterant
1243 2426 1444 2491 scandentes
1477 2449 1536 2513 pei·

297 2535 476 2600 coniuncta
502 2536 665 2616 aedilicia,
692 2559 777 2624 quae
806 2543 844 2600 ut
863 2536 897 2600 in
914 2534 1021 2601 multa
1040 2558 1122 2622 pace
1137 2536 1172 2600 in
1186 2533 1293 2599 altum
1313 2533 1402 2600 edita
1425 2534 1534 2599 solum

297 2641 455 2729 Capitolii
476 2642 707 2731 aequabant...
725 2643 780 2708 Sic
807 2642 1011 2729 Capitolium
1027 2640 1152 2706 clausis
1174 2640 1302 2705 foribus
1322 2641 1534 2707 indefensum

298 2756 332 2814 et
344 2749 549 2837 indireptum
565 2750 797 2837 conflagravit.
817 2788 860 2798 -
881 2748 940 2829 ΙΙΙ,
960 2773 1013 2837 72.
1032 2750 1173 2814 Arserat
1188 2757 1221 2814 et
1237 2756 1313 2813 ante
1331 2748 1534 2837 Capitolium

297 2854 388 2920 civili
422 2855 524 2935 bello,
553 2857 612 2922 sed
641 2856 758 2922 fraude
787 2857 930 2944 privata.
956 2894 1001 2906 -
1031 2855 1091 2933 ΙΙΙ,
1127 2858 1180 2944 75.
1214 2855 1371 2921 Vitellius
1392 2856 1534 2942 (Quintii

299 2964 420 3049 attici)
438 2964 588 3028 consulis
610 2963 813 3052 supplicium
840 2965 992 3051 poscenti
1022 2963 1147 3051 populo
1167 2964 1302 3039 restitit,
1324 2963 1478 3050 placatus
1497 2986 1535 3027 ac

298 3070 392 3135 velut
418 3071 527 3136 viceni
559 3070 716 3150 reddens,
755 3070 847 3159 quod
876 3070 1177 3157 interrogantibus.
1215 3071 1291 3159 quis
1329 3069 1534 3158 Capitolium

299 3177 515 3255 incendisset,
534 3202 569 3243 se
589 3201 683 3243 reum
704 3179 840 3243 Atticus
856 3177 1027 3243 obtulerat
1051 3201 1157 3267 eaque
1176 3177 1387 3243 consessione
1409 3228 1430 3242 ..
1451 3179 1534 3242 invi-

298 3282 387 3348 diam
420 3286 655 3374 crimenque...
691 3310 709 3349 a
736 3284 888 3372 partibus
916 3284 1044 3350 Vitellii
1073 3284 1232 3350 amolitus
1266 3283 1454 3349 videbatur.
1491 3325 1533 3335 -

299 3390 358 3462 ΙΙΙ,
376 3396 430 3480 78.
458 3391 623 3458 «Cuncta
652 3392 879 3472 testinatione,
902 3391 1026 3457 deinde
1052 3392 1186 3478 ignavia
1216 3391 1333 3456 Sabini
1361 3400 1530 3480 corrupta,

297 3499 396 3585 qui...
412 3500 673 3565 munitissimam
688 3500 848 3588 Capitolii
868 3523 979 3564 arcem
994 3508 1028 3565 et
1045 3523 1086 3564 ne
1099 3500 1232 3585 magnis
1247 3498 1384 3587 quidem
1405 3500 1531 3564 exerci-

298 3605 388 3670 tibus
407 3607 667 3694 expugnabilem
691 3608 855 3671 adversus
876 3615 944 3673 tros
964 3606 1119 3672 cohortes
1137 3607 1222 3672 tueri
1241 3606 1490 3695 nequivisset...
1516 3634 1531 3666 »

297 3711 347 3776 Ne
368 3712 509 3777 Petilius
537 3713 673 3801 quidem
699 3713 867 3780 Cerialis..
903 3715 987 3779 satis
1011 3721 1249 3790 maturaverat,
1272 3712 1378 3778 donec
1404 3713 1534 3778 obsessi

297 3819 454 3906 Capitolii
469 3820 557 3886 lama
573 3828 713 3887 cunctos
729 3822 829 3886 simul
847 3822 964 3909 (duces
980 3820 1174 3907 Flavianos)
1189 3821 1379 3886 exciret.·-
1400 3820 1459 3899 lll,
1477 3843 1530 3910 79.

298 3928 468 3992 Antonius
488 3951 547 4015 per
563 3928 762 3993 Flaminiam
778 3930 821 3993 ad
840 3929 928 3994 Saxa
946 3927 1086 3995 rubra...
1109 3928 1212 3993 venit.
1231 3928 1304 3993 lllic
1318 3928 1531 3995 interfectum

296 4034 472 4111 Sabinum,
508 4038 732 4124 conflagrasse
757 4037 1005 4126 Capitolium...
1038 4038 1177 4125 accepit.
1199 4077 1239 4088 -
1262 4036 1322 4118 ΙΙΙ,
1341 4038 1395 4102 81.
1428 4037 1532 4103 Vitel·

299 4140 343 4206 lio
365 4143 565 4232 rescriptum
591 4145 647 4230 (ab
667 4145 831 4231 Antonio)
861 4144 977 4210 Sabini
1002 4144 1104 4210 caede
1123 4152 1157 4209 et
1190 4144 1344 4209 incendio
1374 4144 1532 4232 Capitolii

297 4248 465 4336 dirempta
486 4250 566 4316 belli
587 4252 800 4319 commercia.
882 4252 990 4329 lm.
1010 4251 1092 4316 Mox
1106 4251 1188 4316 deos
1217 4275 1394 4339 respexere
1420 4253 1531 4337 (sena-

299 4358 414 4444 tores),
445 4358 576 4425 restitui
605 4360 811 4447 Capitolium
834 4359 971 4447 placuit.
992 4396 1031 4407 -
1059 4359 1117 4438 lV,
1149 4384 1182 4449 9.
1205 4360 1392 4425 Censuerat
1417 4358 1532 4423 Helvi·

297 4463 386 4544 diue,
406 4472 443 4530 ut
458 4464 664 4553 Capitolium
685 4467 819 4556 publice
835 4467 1081 4540 restitueretur,
1099 4466 1273 4531 adiuvaret
1290 4466 1529 4554 Vespasianus.

296 4608 339 4619 —
356 4570 413 4650 IV,
436 4571 489 4639 53.
513 4573 769 4662 (Vespasianus)
790 4597 904 4640 curam
926 4573 1125 4640 restituendi
1142 4571 1301 4662 Capitolii
1314 4574 1349 4638 in
1365 4574 1403 4639 L.
1422 4573 1532 4639 Vesti-

297 4701 377 4742 num
397 4680 540 4746 contert.
562 4720 602 4731 -
630 4681 687 4762 IV,
706 4684 759 4758 54.
783 4680 873 4746 Nibil
894 4704 1000 4770 aeque
1026 4703 1128 4769 quam
1149 4680 1342 4746 incendium
1358 4682 1529 4769 l'lapitolii,

295 4792 334 4850 ut
353 4785 453 4851 finem
473 4788 614 4877 imperio
631 4788 749 4855 adesse
766 4789 952 4868 crederent,
975 4788 1156 4877 impulerat
1174 4787 1364 4876 (Gallosl...

251 4890 565 4975 CAPPADOCES,
589 4895 850 4961 CAPPADOX.
868 4934 911 4943 —
937 4920 967 4970 2,
996 4894 1049 4958 56.
1081 4893 1299 4982 Cappadoces
1326 4895 1360 4958 in
1390 4893 1531 4959 [onnam

294 5000 492 5086 provinciae
526 5002 653 5069 redacti
684 5007 724 5081 Q.
763 5002 944 5067 Veranium
971 5001 1121 5088 legatum
1152 5023 1320 5087 accepere.
1343 5040 1386 5051 -
1416 5026 1447 5081 2,
1475 5001 1527 5068 60.
