3709 6234
831 878 950 931 aeruna
1480 874 1533 927 403

295 1003 455 1091 exempti.
478 1042 515 1051 -
536 1006 569 1079 t,
594 1004 648 1079 tt.
672 1000 793 1066 tlhiere
816 1024 854 1065 eo
875 1023 963 1066 anno
988 1001 1051 1065 viri
1070 999 1200 1064 nobiles
1216 1001 1289 1076 ,Cn
1316 1000 1479 1066 Lentulus
1499 1008 1532 1066 et

298 1112 334 1176 L.
359 1110 538 1175 Domitius,
563 1108 706 1175 Lentulo
727 1132 827 1195 super
847 1107 1062 1174 consulatum
1083 1116 1116 1173 et
1139 1107 1355 1195 triumphalia
1372 1107 1413 1186 dc
1434 1109 1530 1173 Getis

295 1216 421 1303 gloriae
443 1216 552 1281 luerat
577 1215 662 1281 bene
688 1214 828 1281 tolerata
851 1221 1042 1303 paupertas,
1066 1214 1143 1279 dein
1168 1237 1310 1300 magnae
1330 1237 1411 1301 opes
1435 1214 1530 1278 inno-

296 1331 410 1388 center
431 1330 544 1409 partae
564 1332 598 1388 et
617 1322 767 1388 modeste
787 1322 932 1388 habitae.

253 1431 485 1497 LENTVLVS
502 1429 800 1510 GAETVLlGVS,
823 1430 1110 1496 GAETVLICVS
1126 1430 1148 1497 ¹.
1164 1468 1206 1478 —
1222 1432 1254 1510 4,
1275 1432 1325 1506 ta.
1350 1430 1388 1516 (T
1391 1430 1529 1514 iberius)

295 1538 469 1627 Aquiliam
498 1537 655 1602 adulterii
682 1536 885 1611 delatam...
914 1560 1120 1627 quamquam
1145 1535 1309 1602 Lentulus
1335 1536 1530 1602 Gaetulicus

295 1646 414 1712 consul
430 1646 627 1732 designatus
647 1644 721 1732 lege
747 1644 829 1709 lulia
850 1644 1058 1724 damnasset,
1077 1644 1178 1710 exilio
1199 1645 1342 1732 punivit.
1360 1682 1404 1695 —
1419 1646 1450 1721 4,
1474 1642 1528 1720 46.

296 1753 439 1819 Lentulo
465 1752 642 1818 Gaetulico
666 1753 705 1817 C.
738 1751 886 1816 Calvisio
914 1751 1123 1819 consulibus.
1155 1790 1197 1801 -
1227 1752 1258 1827 6,
1291 1752 1342 1816 3ο.
1375 1749 1532 1815 Abudius

295 1862 387 1925 lluso
407 1861 543 1925 functus
563 1859 745 1932 aedilitate.
763 1858 844 1923 dum
863 1858 1007 1924 Lentulo
1026 1858 1213 1940 Gaetulico,
1237 1859 1300 1924 suh
1322 1882 1387 1947 quo
1407 1859 1531 1944 legioni

295 1968 497 2056 praefuerat,
529 1966 715 2053 periculum
744 1966 893 2042 lacessit,
924 1966 1016 2054 quod
1042 1968 1070 2031 is
1096 1966 1209 2031 Seiani
1236 1965 1343 2030 tilium
1369 1988 1531 2052 generum

295 2076 511 2148 destinasset,
537 2073 627 2138 ultro
649 2063 829 2138 damnatur
859 2082 959 2163 atque
984 2073 1065 2138 urbe
1089 2074 1247 2159 exigitur.
1273 2072 1469 2139 Gaetulicus
1492 2095 1530 2138 ea

296 2189 496 2269 tempestate
532 2182 715 2268 superioris
749 2183 950 2247 Germaniae
984 2180 1134 2266 legiones
1169 2180 1307 2246 curabat
1341 2182 1558 2268 mirumque·

295 2313 443 2354 amorem
470 2288 650 2354 adsecutus
671 2297 754 2362 erat,
778 2290 903 2356 ellusae
925 2288 1136 2367 elementiae,
1159 2288 1312 2353 modicus
1337 2289 1529 2356 severitate.

295 2405 328 2462 et
356 2397 510 2485 proximo
538 2419 671 2484 quoque
703 2398 865 2461 exercitui
894 2420 953 2483 per
986 2395 1023 2463 L.
1057 2396 1247 2483 Apronium
1279 2420 1430 2462 socerum
1464 2419 1530 2460 non

295 2505 459 2590 ingratus.
501 2503 596 2568 Vnde
632 2504 718 2568 lama
754 2512 913 2569 constans
947 2527 1066 2569 ausum
1105 2504 1238 2569 mittere
1272 2503 1314 2568 ad
1352 2503 1530 2568 Caesarem

295 2610 466 2677 litteras..

257 2718 447 2785 LEPIDAP
466 2721 538 2804 (A).
557 2754 598 2768 -
615 2719 645 2784 3.
670 2742 723 2782 22.
747 2718 794 2783 At
818 2717 944 2782 ltomae
961 2717 1098 2805 Lepida,
1116 2718 1170 2783 cui
1190 2742 1291 2806 super
1306 2717 1531 2783 Aemiliorum

268 2902 271 2908 .
298 2824 400 2890 decus
415 2826 454 2890 L.
469 2824 564 2889 Sulla
580 2833 612 2890 et
626 2824 688 2890 Cn.
708 2824 890 2913 Pompeius
905 2825 1020 2912 proavi
1036 2834 1143 2906 erant,
1154 2825 1303 2891 defertur
1316 2824 1531 2889 simulavisse

295 2942 429 3021 partum
454 2955 495 2996 ex
522 2933 557 2997 P.
588 2930 741 3010 Quirinio
774 2932 879 2996 divite
908 2940 1009 3020 atque
1036 2931 1129 2996 orbo.
1163 2931 1407 2997 Adiciehantur
1436 2931 1531 2996 adul·

296 3041 389 3120 teria,
412 3062 583 3104 venena...
608 3038 791 3125 (Tiberius)
811 3062 927 3104 servos
948 3038 1104 3127 Lepidae,
1127 3062 1203 3105 eum
1226 3038 1362 3104 militari
1378 3037 1530 3104 custodia

296 3147 509 3222 haberentur,
530 3146 702 3211 transtulit
719 3146 761 3211 ad
777 3146 934 3211 consules
950 3169 1058 3235 neque
1074 3170 1133 3234 per
1148 3154 1316 3212 tormenta
1331 3146 1531 3230 interrogari

295 3277 415 3342 passus
439 3261 492 3318 est
518 3252 559 3317 dc
582 3254 635 3327 iis,
663 3276 748 3341 quae
772 3253 813 3318 ad
833 3253 971 3318 domum
994 3277 1089 3318 suam
1114 3254 1331 3341 pertinerent.
1354 3290 1396 3301 -
1417 3252 1449 3329 3,
1473 3250 1527 3318 23.

296 3360 421 3448 Lepida
435 3359 591 3424 ludorum
607 3359 738 3441 diebus,
757 3360 814 3449 qui
834 3361 1061 3446 cognitionem
1078 3360 1342 3437 intervenerant,
1361 3360 1529 3425 theatrum

296 3491 372 3533 eum
401 3467 500 3532 claris
528 3467 661 3531 leminis
691 3468 856 3552 ingressa.
888 3467 1129 3532 lamentatione
1153 3466 1256 3532 ssebili
1285 3467 1428 3531 maiores
1451 3489 1530 3531 suos

297 3576 389 3639 ciens
417 3576 593 3663 ipsumque.
626 3575 835 3661 Pompeium.
868 3576 964 3639 cuius
992 3598 1029 3638 ea
1063 3574 1312 3641 monimenta...
1347 3574 1529 3657 (Damnata

297 3681 437 3770 Lepida)
460 3690 531 3747 tum
554 3682 688 3746 demum
709 3682 841 3769 aperuit
863 3681 1016 3746 Tiberius
1036 3688 1246 3768 compertum
1270 3681 1333 3746 sibi
1359 3681 1459 3746 etiam
1488 3706 1529 3746 ex

297 3790 335 3853 P.
353 3789 496 3866 Quirinii
516 3790 623 3853 servis
643 3810 772 3852 veneno
792 3812 869 3853 eum
890 3813 907 3853 a
925 3788 1049 3875 Lepida
1065 3788 1221 3876 petitum.
1239 3825 1282 3836 -
1297 3787 1329 3856 3,
1348 3791 1401 3864 at.
1421 3789 1531 3853 lnlus-

297 3897 398 3962 trium
422 3895 583 3960 domuum
608 3895 762 3965 adversa.
784 3896 909 3960 etenim
936 3894 1024 3959 haud
1049 3895 1194 3959 multum
1218 3894 1357 3959 distanti
1379 3903 1530 3984 temporo

297 4004 470 4090 Calpurnii
507 4003 675 4080 Pisonem,
712 4001 849 4066 aemilii
883 4002 1042 4089 Lepidam
1075 4002 1297 4068 amiserant...
1330 4039 1372 4051 -
1408 4005 1438 4080 3,
1473 4006 1527 4081 48.

297 4109 396 4174 llaud
425 4109 512 4174 laeta
546 4109 705 4173 rrremoria
738 4109 880 4186 Quirinii
909 4116 981 4174 erat
1013 4109 1056 4173 oh
1090 4110 1231 4188 intenta,
1265 4119 1301 4175 ut
1331 4112 1527 4189 memoravi,

298 4217 442 4304 Lepidae
464 4216 652 4304 pericula...

254 4325 578 4408 1.E}’1DA³(B)-
599 4323 648 4403 16,
673 4324 705 4388 8.
733 4323 863 4388 Inducti
887 4324 1027 4411 posthae
1048 4323 1215 4389 vocabulo
1236 4324 1396 4399 indicum,
1415 4327 1474 4413 qui
1494 4328 1528 4391 in

297 4431 456 4518 Lepidam
468 4430 577 4494 Cassii
592 4453 744 4509 uxorem,
763 4430 869 4494 Silani
884 4431 1034 4504 amitam,
1053 4432 1218 4496 incestum
1238 4454 1315 4495 cum
1332 4432 1445 4495 fratris
1461 4431 1529 4496 lilio

297 4547 330 4604 et
356 4538 447 4602 diros
475 4560 646 4602 sacrorum
678 4538 762 4601 ritus
792 4538 1092 4625 contingerent·
1118 4538 1165 4616 rti,
1200 4563 1231 4626 p.
1261 4538 1353 4602 Tunc
1374 4539 1529 4605 consulto

283 4755 289 4787 ¹
308 4753 355 4799 Gn.
370 4752 511 4799 Cornelius
528 4752 602 4798 Cossi
617 4752 635 4797 l.
650 4750 780 4799 Lentulus
798 4751 967 4801 Gaetulicus.
981 4749 1102 4812 Phasma,
1114 4752 1142 4799 G.
1160 4753 1227 4811 1134.
1242 4753 1336 4801 Prater
1350 4754 1439 4801 rninur
1451 4753 1526 4800 Cossi

251 4833 367 4884 Cornelii
386 4832 490 4880 Lentuli
507 4832 561 4892 (l).
584 4831 661 4892 t'ulg.
677 4834 739 4879 ante
760 4832 812 4880 lar.
829 4832 996 4879 Gronovium
1014 4847 1020 4881 ι
1038 4832 1186 4881 Getuticus.

284 4915 295 4947 ’ἱ
315 4913 452 4977 (Auaritia)
468 4913 576 4974 Lepida.
593 4912 714 4962 Paosor..
734 4913 766 4958 A.
783 4912 838 4972 293.
855 4912 938 4960 Sarrur
955 4913 1036 4960 hlanii
1053 4913 1185 4974 (Aenriliit
1204 4914 1306 4976 Lepidi.

284 4995 295 5028 ³
315 4994 389 5040 lunia
408 4994 516 5055 Lepida.
535 4994 658 5049 Phasma,
676 4992 694 5042 l.
714 4993 767 5052 575.
783 4992 848 5038 l-'ilia
865 4993 901 5039 hl.
921 4993 1013 5054 (lunii)
1031 4993 1123 5048 Silani,
1136 5009 1213 5041 soror
1226 4994 1287 5056 (hl.)
1306 4995 1372 5041 lunii
1389 4993 1482 5041 Silani.

1395 5099 1436 5149 26.
