3709 6234
289 845 343 903 450
868 850 994 904 nonnus

332 993 466 1057 amissis
475 992 596 1080 opibus
608 1015 726 1080 vagus,
744 1001 922 1081 postquam
935 993 1068 1057 Didium
1080 992 1200 1058 ducem
1211 993 1445 1060 Romanum...
1458 993 1572 1060 abisse

331 1107 548 1187 cognoverat,
571 1099 707 1164 relictos
719 1100 753 1164 in
775 1122 862 1165 novo
878 1123 982 1186 regno
1009 1097 1162 1187 Cotyn...
1181 1108 1215 1165 et
1236 1123 1361 1188 paucas
1379 1101 1571 1168 cohortium

331 1230 408 1271 cum
425 1206 510 1272 lulio
524 1206 650 1295 Aquila
671 1257 706 1283 ..,
722 1207 844 1296 spretis
859 1207 1012 1296 utrisque
1030 1206 1161 1272 concire
1191 1208 1384 1274 nationes...
1414 1207 1486 1273 Nec
1508 1208 1572 1274 fuit

331 1315 365 1378 in
381 1314 486 1379 arduo
503 1314 661 1403 (Aquilae
677 1322 709 1379 et
726 1313 838 1400 Cotyi)
855 1315 1000 1378 societas
1017 1313 1196 1402 (Eunonis)
1229 1316 1413 1402 potentiam
1446 1315 1571 1380 Roma-

329 1446 408 1487 nam
428 1422 591 1487 adversus
608 1421 770 1486 rebellem
789 1420 1009 1486 Mithridaten
1025 1421 1288 1487 ostentantibus.
1313 1461 1346 1474 -
1370 1446 1420 1502 ra,
1442 1421 1491 1488 16.
1515 1423 1570 1488 Sic

331 1529 451 1617 pulsus
482 1529 590 1594 hostis
628 1537 834 1616 ventumque
865 1529 996 1606 Sozam,
1026 1528 1188 1616 oppidum
1219 1530 1441 1609 Dandaricae,
1478 1530 1571 1618 quod

328 1638 500 1703 desertum
515 1662 534 1701 a
555 1637 760 1703 Mithridate.
784 1687 790 1701 .
818 1637 962 1702 obtineri
977 1636 1094 1702 relicto
1120 1637 1165 1701 ibi
1181 1638 1348 1726 praesidio
1374 1639 1499 1703 visum.
1526 1678 1571 1688 -

337 1769 387 1825 ra,
409 1771 458 1833 ¹7·
478 1746 647 1820 Zorsines,
665 1745 722 1809 diu
738 1745 918 1831 pensitato,
937 1744 1189 1810 Mithridatisne
1205 1745 1306 1810 rebus
1332 1747 1495 1811 extremis
1526 1770 1570 1811 an

331 1853 439 1940 patrio
454 1876 558 1939 regno
570 1852 771 1918 consuleret.
795 1904 801 1916 .
825 1891 867 1900 -
885 1876 935 1930 ra,
960 1854 996 1917 18
1028 1850 1158 1918 Interea
1175 1852 1390 1918 Mithridates
1405 1853 1501 1917 nullo
1534 1853 1570 1918 in

329 1960 431 2023 armis
455 1959 606 2024 subsidio
622 1958 804 2035 consultat,
817 1960 912 2024 cuius
933 1959 1197 2024 misericordiam
1212 1961 1430 2048 experiretur.
1451 1960 1571 2026 Frater

330 2067 448 2153 Cotys,
467 2067 617 2154 proditor
632 2067 725 2136 olim.
744 2066 865 2131 deinde
888 2067 1006 2134 hostis
1030 2067 1284 2133 metuebatur...
1312 2067 1367 2131 Ad
1401 2065 1569 2133 Eunonen

330 2176 537 2240 convertit...
558 2200 573 2239 a
599 2173 826 2254 Mithridates
849 2174 971 2262 inquit.
990 2183 1075 2239 terra
1093 2175 1243 2263 marique
1256 2174 1420 2239 Romanis
1444 2199 1505 2263 per
1521 2183 1570 2240 tot

331 2305 438 2346 annos
464 2283 638 2371 quaesitus
667 2289 788 2368 sponte
813 2281 945 2346 adsum.
978 2282 1090 2356 Vtere,
1123 2290 1161 2346 ut
1185 2281 1291 2364 voles,
1321 2280 1416 2369 prole
1451 2283 1570 2370 magni

330 2390 596 2454 Achaemenis..
618 2417 633 2448 η
655 2426 696 2437 -
718 2412 767 2458 ra.
790 2412 839 2476 ¹9·
862 2388 1060 2453 Eunones...
1085 2388 1254 2454 litteras..
1275 2388 1318 2453 ad
1343 2388 1568 2455 Caesarem...

330 2497 474 2562 mittit...
497 2523 510 2559 u
530 2498 593 2560 l'ro
611 2495 849 2560 Mithridate...
864 2518 931 2559 non
945 2496 1132 2582 potentiam
1148 2517 1256 2584 neque
1267 2518 1408 2583 regnum
1424 2497 1569 2584 precari,

329 2604 388 2669 scd
409 2628 450 2668 ne
465 2602 728 2691 triumpharetur
746 2626 830 2666 neve
851 2624 976 2689 poenas
997 2603 1106 2689 capite
1122 2603 1327 2690 expenderet
1348 2630 1364 2663 u
1377 2641 1419 2652 -
1439 2627 1490 2668 ια.
1511 2627 1567 2668 ao.

333 2711 536 2776 Claudius...
556 2710 692 2797 scripsit
709 2709 842 2774 llunoni
859 2711 1016 2773 meritum
1037 2710 1174 2796 quidem
1198 2711 1383 2774 novissima
1410 2710 1569 2798 exempla

331 2817 560 2882 Mithridaten.
572 2868 592 2882 ..
607 2857 648 2865 —
671 2842 719 2893 ια,
745 2841 798 2881 21.
817 2816 975 2881 Traditus
989 2816 1128 2903 posthac
1145 2817 1359 2882 Mithridates
1379 2825 1569 2907 vectusque

331 2927 514 2993 Romam...
532 2923 676 2989 ferocius
691 2948 792 3012 quam
808 2947 868 3011 pro
881 2922 1015 2989 fortuna
1037 2923 1236 2989 disseruisse
1266 2924 1355 3012 apud
1385 2924 1569 2990 Caesarem

331 3031 539 3096 terebatur...

286 3143 299 3172 ⁸
325 3137 599 3214 MlTYlAEMlE,
625 3137 963 3206 MlTYLENAEVS.
997 3136 1345 3216 MITYLENENSIS‚
1368 3161 1400 3202 v.
1433 3138 1568 3204 MYTI-

332 3245 576 3320 1.ENAE‚etc.

287 3352 516 3417 ΜΝΕΒἸἘΗ1
538 3352 612 3434 (l).
637 3388 673 3398 -
695 3374 744 3424 rr,
765 3351 794 3425 t.
818 3351 927 3414 Causa
948 3351 1038 3413 necis
1064 3350 1248 3437 (equitibus
1273 3351 1435 3414 llomanis
1459 3352 1566 3417 inlus-

330 3460 447 3534 tribus,
472 3458 595 3546 quibus
626 3458 724 3521 Petra
743 3461 1022 3543 cognomentum)
1037 3480 1076 3519 ex
1100 3482 1151 3532 eo,
1183 3457 1273 3544 quod
1300 3458 1438 3522 domum
1467 3483 1564 3524 suam

330 3567 508 3630 Mnesteris
537 3576 569 3629 ct
607 3565 779 3651 Poppaeae
822 3564 1062 3649 congressibus
1102 3564 1476 3650 praebuissent—11.
1508 3567 1561 3633 36.

330 3674 429 3737 Solus
450 3674 600 3737 Mnester
624 3673 872 3735 cunctationem
899 3670 1024 3738 attulit.
1056 3670 1217 3734 dilaniata
1242 3681 1335 3736 reste
1369 3672 1561 3748 clamitans.

329 3782 492 3866 aspiceret
510 3778 699 3863 rClaudius)
716 3777 891 3841 verberum
909 3787 1018 3854 notas,
1037 3779 1308 3841 reminisceretur
1325 3780 1427 3852 vocis,
1445 3804 1511 3866 qua
1528 3805 1565 3846 se

329 3888 512 3950 obnoxium
547 3886 647 3950 iussis
676 3884 877 3948 Messalinae
911 3885 1101 3950 dedisset...
1123 3884 1172 3948 Ne
1190 3892 1239 3948 tot
1265 3884 1465 3949 inlustribus
1482 3887 1565 3952 viris

329 3993 513 4057 intersectis
529 3993 684 4055 histrioni
695 3993 959 4055 consuleret.ur'·‘.

286 4099 496 4164 MNESTER
532 4101 600 4174 (h).
636 4135 673 4144 -
706 4123 713 4160 ι
748 4151 754 4174 ,
797 4125 828 4185 9.
867 4100 1020 4161 ric-censo
1058 4099 1297 4185 (Agrippinae)
1315 4123 1396 4185 rogo
1421 4099 1565 4166 libertus

330 4208 400 4271 eius
416 4213 639 4291 cognomento
656 4204 805 4268 Mnester
821 4229 853 4268 se
865 4205 935 4292 ipse
947 4206 1031 4268 lerro
1050 4207 1225 4290 transegit,
1236 4206 1401 4269 incertum
1423 4209 1564 4274 caritate

330 4316 362 4377 in
377 4320 553 4399 patronam
570 4335 610 4375 an
631 4321 721 4375 metu
736 4313 841 4376 exitii.

286 4420 480 4485 Mt'tllNVS.
517 4460 530 4466 -
547 4419 963 4504 (1228.lnterllereyuiaur
981 4420 1333 4507 silvarnlthenuurquc
1349 4429 1382 4484 et
1399 4421 1563 4487 Moenum

327 4550 443 4591 amnes
460 4525 617 4604 Heluetii,
638 4525 792 4589 ulteriora
818 4526 930 4590 ltoii...
951 4534 1099 4589 tenuere.

316 4887 322 4919 ¹
340 4885 461 4934 l’nosor..
479 4886 533 4940 Aba.
552 4885 675 4931 Fortasse
688 4884 728 4931 Ti.
749 4884 832 4930 lulius
849 4883 977 4931 Mnester.

314 4966 325 4999 ’ἱ
343 4966 374 5012 V.
390 4966 471 5013 etianr
487 4981 522 5016 rr.
540 4967 578 5012 28.
