3709 6234
329 837 386 890 200
896 837 1053 890 CthllltlS

374 982 473 1068 ticus)
499 980 715 1068 ingressus...
747 978 993 1057 defensionem,
1023 986 1193 1043 commoto
1228 979 1389 1044 maiorem
1413 978 1447 1042 in
1477 976 1618 1041 modum

375 1088 560 1154 Claudio...
587 1086 802 1172 (Messalina)
830 1086 872 1152 ad
899 1086 1081 1174 perniciem
1112 1085 1289 1173 Poppaeae
1316 1085 1454 1150 festinat
1472 1136 1509 1164 ..‚
1535 1083 1619 1149 adeo

376 1197 494 1283 ignaro
521 1194 678 1275 Caesare,
696 1202 735 1259 ut
755 1217 882 1282 paucos
899 1201 977 1281 post
997 1193 1070 1257 dies
1085 1190 1280 1280 epulantem
1305 1191 1394 1280 apud
1409 1215 1445 1256 se
1460 1192 1620 1256 maritum

375 1304 447 1368 eius
483 1302 679 1389 Scipionem
702 1308 970 1388 percontaretur,
1007 1323 1067 1364 cur
1092 1300 1164 1364 sine
1194 1322 1299 1365 uxore
1323 1299 1620 1365 discubuisset.-

379 1434 430 1484 ιι,
449 1409 480 1475 lt.
501 1409 625 1474 Secuta
641 1416 720 1472 sunt
739 1406 872 1472 Claudii
895 1406 998 1471 verba
1015 1407 1049 1470 in
1070 1406 1222 1471 eamdem
1252 1406 1479 1475 clementiam.
1497 1444 1540 1456 -
1567 1431 1615 1486 ιι,

381 1521 412 1594 ri.
429 1517 545 1602 Pergit
559 1514 701 1580 Suillius
714 1514 838 1579 addere
854 1536 930 1578 reos
950 1514 1081 1601 equites
1103 1514 1276 1578 llomanos
1298 1513 1472 1594 inlustres,
1495 1514 1620 1602 quihus

377 1626 474 1690 Petra
505 1628 811 1708 cognomentum...
835 1620 1028 1686 Nocturnae
1054 1622 1178 1710 quietis
1199 1621 1330 1709 species
1354 1621 1451 1687 alteri
1473 1620 1617 1688 obiecta.

377 1740 550 1818 tamquam
583 1728 723 1793 vidisset
757 1727 938 1794 Claudium
979 1729 1091 1815 spicea
1120 1751 1245 1792 corona
1286 1729 1469 1807 evinctum,
1512 1729 1616 1816 spicis

376 1847 466 1904 retro
495 1836 710 1902 conversis...
742 1834 878 1900 Adiecit
921 1834 1080 1900 Vitellius
1124 1837 1318 1901 sestertium
1353 1835 1489 1901 deciens
1518 1837 1619 1901 Sosi—

377 1945 445 2022 bio,
481 1943 573 2032 quod
613 1942 845 2007 Britannicum
884 1942 1086 2029 praeceptis,
1123 1941 1303 2007 Claudium
1334 1942 1486 2008 consiliis
1526 1945 1620 2009 iuva·

378 2060 442 2118 ret.
479 2090 520 2101 -
563 2075 613 2126 ιι,
668 2049 701 2115 6.
749 2048 890 2115 Suillius
938 2056 972 2114 et
1019 2049 1242 2114 Cossutianus
1289 2058 1323 2115 et
1364 2052 1508 2117 ceteri...
1555 2052 1620 2116 eir·
1678 2114 1682 2117 .

379 2159 585 2225 cumsistunt
619 2156 812 2236 Caesarem,
850 2164 927 2221 ante
959 2164 1033 2221 acta
1066 2156 1297 2244 deprecantes.
1329 2198 1372 2207 -
1406 2183 1458 2232 ιι,
1489 2163 1521 2225 8.
1549 2159 1621 2225 Sub

389 2269 478 2333 idem
511 2274 644 2353 tempus
680 2263 911 2345 Mithridates,
950 2287 1052 2352 quem
1082 2264 1296 2351 imperitasse
1333 2266 1505 2331 ⁴lrmeniis
1546 2268 1618 2331 ius-

372 2399 480 2462 suque
503 2373 592 2438 Galil
626 2372 784 2437 Caesaris
808 2372 963 2436 vinetum
1002 2372 1200 2444 memoravi,
1228 2381 1388 2439 monente
1415 2374 1558 2439 Claudio
1587 2376 1620 2438 in

377 2505 518 2569 regnum
543 2480 718 2545 remeavit.
742 2519 784 2527 —
814 2503 863 2559 ιι,
887 2503 921 2567 9.
952 2477 1133 2543 Paululum
1166 2480 1392 2544 cunctationis
1426 2481 1540 2547 attulit
1562 2504 1622 2546 rex

376 2589 516 2655 minoris
538 2587 719 2652 Armeniae
736 2584 856 2672 Cotys,
874 2585 983 2649 versis
999 2584 1080 2650 illuc
1097 2586 1304 2673 quibusdam
1324 2609 1523 2674 procerum;
1542 2589 1621 2653 dein

377 2697 500 2762 litteris
528 2693 682 2760 Caesaris
711 2693 878 2758 coercitus
898 2699 932 2758 et
956 2700 1077 2759 cuneta
1105 2693 1139 2758 in
1163 2692 1383 2760 Mithridaten
1410 2698 1548 2761 fluxere.
1578 2737 1621 2746 -

383 2831 433 2884 ιι,
456 2829 505 2869 ιι.
541 2802 688 2869 Sedente
717 2799 862 2866 Claudio
883 2799 1092 2865 circensibus
1119 2800 1221 2880 ludis,
1253 2824 1329 2868 eum
1359 2804 1453 2890 pueri
1488 2804 1622 2869 nobiles

379 2913 475 3002 equis
499 2910 667 2976 ludicrum
692 2908 809 2974 Troiae
837 2908 1004 2975 inirent...
1027 2948 1070 2957 -
1096 2931 1146 2990 ιι,
1174 2909 1224 2974 ι3.
1247 2910 1295 2973 At
1322 2908 1486 2975 Claudius
1507 2913 1623 2978 matri-

380 3019 486 3086 monii
500 3019 553 3083 sui
575 3018 714 3104 ignarus
732 3024 766 3081 et
786 3016 900 3080 munia
920 3016 1072 3081 censoria
1085 3039 1267 3103 usurpans,
1286 3016 1485 3083 theatralem
1505 3020 1623 3107 populi

379 3125 551 3193 licentiam
579 3124 706 3190 severis
726 3123 846 3189 edictis
876 3123 1086 3209 increpuit...
1119 3164 1162 3172 —
1190 3147 1239 3203 ιι,
1267 3126 1316 3201 ¹l·
1351 3123 1459 3190 Nobis
1487 3150 1622 3216 quoque

381 3257 506 3323 paucae
521 3233 666 3321 primum
687 3230 779 3297 luere
795 3229 954 3318 (litterae)
969 3250 975 3309 ;
1005 3229 1127 3295 deinde
1143 3230 1278 3295 additae
1299 3239 1391 3296 sunt.
1416 3232 1491 3311 Quo
1508 3257 1623 3299 exem-

382 3342 438 3431 plo
464 3339 628 3405 Claudius
650 3346 718 3403 tres
742 3337 874 3403 litteras
895 3337 1030 3402 adiecit.
1050 3378 1092 3386 —
1118 3362 1167 3418 ιι,
1197 3337 1245 3403 ι6.
1272 3339 1396 3404 Caesar
1427 3340 1624 3408 ..hortatur

382 3448 568 3534 (Italicum)
585 3445 712 3533 gentile
727 3444 831 3509 decus
847 3468 970 3530 magno
989 3444 1103 3509 animo
1114 3468 1303 3531 capessere.
1317 3486 1359 3494 —
1381 3471 1430 3524 ιι,
1455 3472 1503 3535 ¹9·
1522 3449 1623 3514 Clau-

381 3556 458 3621 dius
477 3555 562 3620 adeo
583 3576 707 3618 novam
720 3553 753 3617 in
775 3552 976 3617 Germanias
988 3551 1057 3615 vim
1069 3551 1253 3639 prohibuit,
1272 3560 1309 3617 ut
1324 3553 1442 3619 relerri
1456 3557 1623 3642 praesidia

384 3665 433 3729 cis
448 3663 605 3727 Rhenum
633 3660 776 3726 iuberet.
793 3699 835 3708 —
856 3683 905 3738 ιι,
933 3683 986 3724 20.
1011 3660 1149 3746 lnsigne
1170 3667 1284 3725 tamen
1305 3662 1467 3750 triumphi
1482 3663 1625 3730 indulsit

384 3768 599 3859 (Corbuloni)
634 3767 767 3842 Caesar,
809 3767 967 3855 quamvis
1012 3766 1141 3832 bellum
1174 3768 1378 3854 negavisset.
1408 3810 1450 3818 —
1484 3795 1534 3851 rr,
1568 3775 1622 3839 25.

385 3877 495 3942 lsdem
512 3874 632 3939 diebus
649 3874 877 3939 innumerum
907 3874 1125 3961 patriciorum
1156 3873 1300 3940 adscivit
1323 3874 1446 3941 Caesar
1466 3880 1625 3945 vetustis-

384 3985 508 4048 simum
522 4004 690 4069 quemque
712 4004 729 4045 e
750 3989 870 4046 senatu
891 3988 950 4047 aut
967 3981 1091 4069 quibus
1106 3980 1189 4045 clari
1207 3989 1365 4068 parentes
1381 3983 1552 4051 fuerant...
1572 3986 1624 4052 (lb

385 4115 424 4157 ea
446 4089 634 4177 Vipstanus
657 4086 777 4152 consul
806 4087 940 4154 rettulit
968 4096 1099 4175 patrem
1129 4096 1267 4153 senatus
1294 4090 1534 4177 appellandum
1550 4115 1625 4158 esse

387 4196 610 4263 Claudium...
626 4193 693 4259 Sed
708 4195 780 4283 ipse
796 4194 948 4260 cohibuit
963 4194 1149 4261 consulem.
1166 4235 1209 4244 -
1241 4222 1289 4271 ιι,
1314 4196 1367 4262 26.
1388 4197 1624 4284 (Messalinam

387 4303 601 4391 abrumpere)
625 4301 933 4368 dissimulationem
954 4303 1057 4368 etiam
1078 4302 1225 4369 Silius...
1253 4304 1419 4391 urgebat:
1448 4330 1626 4372 ...inensa-

386 4436 458 4478 ram
471 4410 624 4476 eamdem
640 4408 844 4475 Messalinae
858 4411 1057 4498 potentiam,
1072 4410 1185 4476 addita
1202 4413 1395 4493 securitate,
1409 4413 1437 4477 si
1447 4415 1625 4500 praeveni-

387 4528 462 4587 rent
477 4518 670 4588 Claudiurn.
696 4525 734 4582 ut
757 4518 889 4583 insidiis
917 4520 1104 4597 incautum,
1137 4519 1183 4584 ita
1210 4519 1278 4584 irae
1310 4543 1533 4608 properum...
1557 4523 1626 4590 Nec

386 4628 474 4693 ultra
496 4633 703 4713 exspectato,
735 4649 837 4713 quam
863 4626 945 4690 dum
980 4626 1135 4691 sacrificii
1161 4627 1270 4712 gratia
1298 4627 1461 4693 Claudius
1494 4630 1625 4696 tlstiam

388 4734 667 4825 proficisceretur,
685 4740 805 4798 cuncta
822 4734 1017 4820 nuptiarum
1032 4731 1209 4796 sollemnia
1224 4732 1373 4799 celebrat
1400 4736 1623 4824 (Messalina).

377 4970 386 5004 ί
405 4968 500 5031 Suppl.
515 4967 635 5016 t'rlichs.
