3709 6234
811 867 961 921 ROMANVS
1473 864 1527 920 583

292 1009 332 1084 V,
347 1010 399 1073 25.
416 1032 432 1072 a
451 1007 485 1073 Si
498 1008 711 1073 dominorum
733 1009 852 1075 electio
876 1010 920 1076 sit
950 1010 1128 1095 (batavis),
1156 1010 1330 1076 honestius
1358 1012 1527 1100 principes

293 1116 534 1182 llomanorum.
553 1139 654 1205 quam
671 1117 915 1182 Germanorum
927 1118 1071 1182 feminas
1086 1117 1257 1183 tolerari.»
1275 1159 1294 1168 -
1312 1119 1351 1184 F.
1363 1118 1393 1182 6.
1404 1121 1529 1205 (Quan-

291 1231 384 1290 tae...
398 1222 550 1310 (luerint.)
566 1223 796 1289 llomanorum
816 1224 987 1306 clades...
1014 1224 1218 1304 evolverem,
1251 1226 1316 1289 nisi
1351 1226 1527 1290 Gornelius

292 1331 438 1411 Tacitus,
461 1331 518 1419 qui
531 1331 615 1395 hanc
628 1331 802 1397 historiam
828 1333 1089 1418 diligentissime
1105 1334 1305 1399 contexuit..
1315 1335 1337 1420 )
1349 1371 1394 1384 -
1407 1334 1445 1398 G.
1470 1336 1524 1411 li.

294 1438 607 1503 Hermundurorum
646 1439 766 1504 civitas
810 1440 875 1503 lida
929 1440 1102 1504 llomanis.
1140 1479 1184 1489 —
1224 1444 1268 1512 Α,
1304 1440 1353 1505 ι3.
1394 1441 1528 1505 Primus

294 1547 443 1610 omnium
481 1546 710 1611 llomanorum
746 1547 852 1611 Divus
890 1546 995 1612 lulius
1033 1570 1109 1612 cum
1140 1548 1288 1613 exercitu
1318 1548 1527 1613 Britanniam

293 1653 508 1738 ingressus...
526 1693 568 1703 -
585 1654 638 1720 30.
658 1685 671 1714 a
690 1654 874 1720 ltomani...
891 1663 1043 1742 ruptores
1055 1654 1202 1732 orbis...
1213 1677 1298 1742 quos
1310 1667 1376 1719 non
1393 1656 1525 1731 Oriens,

294 1783 361 1825 non
383 1761 548 1826 decidens
564 1762 748 1828 satiaverit.
766 1791 780 1820 »ι
799 1800 844 1813 -
864 1763 917 1829 32.
939 1792 953 1822 a
966 1763 1021 1826 An
1037 1761 1188 1827 eamdem
1205 1763 1367 1826 llomanis
1383 1763 1416 1826 in
1438 1762 1528 1827 bello

293 1869 466 1942 virtutem.
488 1892 588 1957 quam
611 1870 645 1934 in
665 1894 745 1956 paee
766 1870 940 1934 lasciviam
966 1870 1082 1934 adesse
1096 1869 1232 1935 creditis
1250 1872 1298 1934 ‘ln

250 1975 283 2061 3)
313 1976 473 2041 ltonsuvs
493 1976 656 2064 (quidam)
676 1977 802 2062 (subst.
839 1986 872 2042 et
900 1969 1051 2063 adiecti.
1078 2015 1120 2027 —
1152 2000 1179 2056 ι,
1198 1975 1250 2042 50.
1283 1978 1330 2042 At
1356 1977 1529 2043 llomanus

293 2083 453 2166 (Caecina
479 2084 670 2148 Germanici
698 2084 844 2170 legatus)
874 2085 1008 2170 agmine
1039 2108 1180 2171 propero
1196 2083 1315 2148 silvam
1332 2084 1527 2152 Caesiam...

295 2175 459 2256 scindit...
497 2191 777 2279 corisultatque...
802 2232 842 2241 -
865 2216 895 2259 2.
914 2192 968 2256 28.
1001 2191 1157 2256 Flaccum
1185 2190 1416 2256 Vescularium
1438 2192 1530 2279 equi·

295 2306 363 2363 tem
399 2297 602 2362 llomanum.
633 2338 673 2348 -
691 2320 722 2374 2,
741 2297 793 2375 43.
816 2298 927 2384 liques
951 2297 1124 2361 llomanus
1148 2298 1354 2385 Pomponius
1381 2299 1527 2363 Atticus

295 2449 332 2458 -
358 2431 388 2480 a,
407 2404 460 2481 48.
481 2404 661 2478 Pantuleii,
683 2406 799 2469 divitis
823 2406 947 2492 equitis
969 2405 1123 2469 llomani.
1142 2443 1184 2453 -
1200 2430 1230 2482 α,
1250 2406 1303 2492 57.
1324 2434 1339 2464 ιι
1363 2406 1529 2493 Principis

297 2513 453 2588 Romani,
482 2536 549 2576 non
583 2511 697 2576 Parthi
726 2513 816 2599 regis
848 2512 928 2576 tilio.
950 2539 965 2576 n
993 2550 1038 2563 -
1061 2538 1091 2589 2,
1115 2514 1168 2578 85.
1201 2514 1360 2600 (Senatus
1382 2511 1531 2598 decreto)

295 2629 473 2688 cautum...
500 2644 540 2685 ne
568 2628 745 2709 quaestum
769 2643 907 2707 corpore
933 2619 1070 2696 faceret,
1091 2624 1143 2686 cui
1171 2643 1255 2685 avus
1272 2628 1330 2685 aut
1355 2628 1450 2708 pater
1474 2628 1531 2686 aut

296 2729 437 2793 maritus
452 2751 554 2816 eques
572 2729 745 2792 llomanus
759 2728 773 2791 l
775 2729 889 2795 uisset.
906 2767 948 2776 —
965 2729 996 2808 3,
1015 2727 1267 2816 49.Clutorium
1275 2728 1531 2816 Priscumeqni-

297 2847 364 2904 tem
384 2837 585 2901 llomanum.
601 2874 642 2885 -—
664 2837 695 2916 3,
714 2860 767 2923 7⁰·
787 2837 823 2901 L.
844 2836 991 2900 linaium
1008 2837 1155 2924 equitem
1174 2836 1363 2900 llomanum
1381 2874 1439 2900 .-
1460 2839 1528 2914 ,4,ι.

297 2957 301 3004 t
310 2944 466 3028 Seianus)
477 2942 652 3028 genitus..
664 2952 758 3031 patre
778 2942 855 3008 Seio
878 2943 1044 3007 Strabone
1060 2943 1171 3031 equite
1187 2942 1350 3013 Romano,
1367 2982 1410 2992 —
1426 2944 1458 3020 ,4,
1475 2942 1528 3010 3ι.

297 3051 334 3117 C.
347 3050 538 3114 Cominium
561 3051 707 3137 equitem
726 3050 1077 3127 Romanum—Mo.
1096 3079 1110 3106 ι(
1124 3048 1264 3113 Falleris
1285 3049 1528 3126 enim‚Seiane,

297 3159 368 3223 si...
387 3165 527 3244 putas...
540 3158 712 3223 Liviam...
731 3181 769 3221 eu
785 3165 896 3222 mente.
924 3165 1088 3233 acturam,
1107 3165 1144 3223 ut
1159 3180 1235 3221 cum
1251 3158 1363 3244 equite
1378 3156 1530 3220 ltomano

297 3273 491 3330 senescat...
504 3266 548 3330 at
568 3266 657 3328 enim
674 3266 851 3348 Augustus
868 3263 970 3330 liliam
986 3288 1083 3329 suam
1105 3264 1210 3352 cq'uiti
1232 3266 1384 3329 llomano
1401 3264 1530 3329 tradere

297 3373 478 3437 meditatus
493 3381 586 3437 est...
600 3376 740 3460 -l‚.l7.
760 3371 931 3451 Quosdux
948 3371 1122 3436 llornnnus
1139 3371 1207 3437 acie
1224 3394 1427 3457 suggressus
1442 3370 1531 3435 haud

296 3503 394 3565 aegre
412 3478 580 3567 pepulit...
618 3478 769 3544 subsidio
793 3478 1002 3564 Sugambrae
1027 3479 1187 3554 cohortis,
1224 3501 1325 3566 quam
1357 3478 1531 3542 llomanus

296 3595 486 3674 promptam
504 3587 546 3650 ad
561 3587 752 3673 pericula...
769 3588 989 3651 instruxerat.
1006 3624 1051 3636 -
1065 3589 1098 3661 ά.
1112 3586 1166 3651 58.
1185 3585 1298 3673 Eques
1315 3586 1529 3651 llomanus..

294 3719 335 3759 ex
351 3693 555 3759 inlustribus
569 3694 706 3759 Curtius
726 3695 872 3758 Atticus.
901 3733 943 3742 —
963 3697 991 3770 l.
1009 3694 1063 3759 tia.
1079 3692 1218 3757 inlustri
1240 3693 1352 3781 equite
1378 3693 1531 3757 llomano

295 3800 532 3866 'l'itioSabino.
550 3803 636 3877 -4,
657 3801 708 3888 71l.
730 3800 845 3888 Neque
870 3799 940 3865 dux
969 3801 1141 3864 llormmus
1171 3798 1280 3864 ultum
1301 3801 1351 3866 iit.
1381 3839 1422 3849 -
1448 3798 1481 3874 6,
1497 3804 1528 3866 8.

297 3910 410 3998 Eques
432 3909 605 3971 llomanus
620 3908 666 3971 hl.
683 3907 871 3974 'l'erentius
889 3946 932 3958 -
948 3910 980 3984 G,
1000 3913 1048 3974 ι8.
1069 3908 1169 3973 Pater
1191 3907 1387 3996 (Pompeiae
1407 3907 1531 3972 Macri·

296 4019 414 4102 nae)...
434 4014 588 4078 inlustris
605 4038 707 4102 eques
721 4015 906 4080 llomanus.
921 4055 961 4063 —
978 4014 1011 4086 6.
1031 4040 1083 4103 27.
1105 4014 1251 4078 llubellii
1266 4014 1531 4080 lllandi...avum

294 4124 484 4195 Tiburtem,
516 4123 662 4210 equitem
695 4124 896 4188 llomanum.
935 4162 977 4171 —
1006 4121 1039 4193 6.
1062 4126 1114 4199 to.
1154 4122 1342 4186 Vibulenus
1378 4122 1531 4209 Agrippa

298 4254 400 4319 eques
417 4232 602 4294 llomanus.
628 4268 670 4277 -
694 4229 726 4298 6.
757 4232 806 4305 td.
834 4230 935 4294 Aucti
965 4230 1070 4317 copiis
1092 4228 1273 4293 socialibus
1297 4237 1330 4294 et
1358 4251 1443 4316 quas
1463 4228 1530 4293 dux

299 4339 471 4402 llomanus
499 4338 657 4401 misisset.
685 4361 797 4412 -ιι,
821 4339 852 4402 5.
871 4338 1018 4414 Samius,
1045 4337 1189 4423 insignis
1214 4360 1317 4424 eques
1344 4337 1529 4403 llomunuS.

297 4485 341 4496 -
361 4470 410 4515 rr.
430 4469 478 4509 ιο.
498 4445 700 4509 Gotarzes..
719 4444 829 4528 adegit
848 4443 991 4508 Parthos
1012 4444 1144 4509 mittere
1161 4443 1203 4509 ad
1213 4444 1398 4531 principem
1411 4444 1533 4509 lloma-

298 4577 377 4618 num
398 4550 547 4615 occultas
563 4575 780 4638 preces..—
805 4576 854 4619 ιι.
875 4576 927 4617 aa.
958 4550 1021 4616 Cn.
1045 4550 1177 4615 Nonius
1210 4574 1312 4640 eques
1345 4552 1531 4617 llomanus.

298 4698 340 4708 -—
362 4684 411 4732 ιι,
439 4658 491 4723 36.
510 4658 664 4724 Trauli...
684 4657 836 4722 Montani
852 4659 977 4745 equitis
1006 4658 1222 4724 Romani-
1243 4682 1291 4730 ιι,
1312 4684 1342 4746 7.
1375 4658 1533 4723 Alledius

297 4769 443 4831 Severus
463 4789 565 4853 eques
578 4766 762 4830 llomanus.
781 4804 823 4813 -
847 4789 895 4841 ια,
923 4767 970 4841 et.
996 4763 1228 4854 (Meherdaten
1255 4765 1431 4850 Gotarzes)
1463 4790 1530 4830 non

296 4876 521 4963 propinquum
539 4897 646 4961 neque
661 4874 798 4937 Arsacis
813 4873 854 4938 de
870 4863 988 4960 gente.
1017 4873 1076 4937 scd
1100 4872 1325 4958 alienigenam
1349 4882 1382 4938 et
1411 4875 1532 4939 lloma-

300 5005 421 5047 num...
438 4982 658 5068 increpans...
678 5019 719 5032 -
737 5004 786 5048 12.
820 4983 868 5046 15.
901 4980 1037 5044 Didium
1053 4980 1174 5045 ducem
1192 4981 1423 5046 llomanum...
1448 4981 1531 5047 lulio
