3709 6234
858 844 1017 897 auulnlvs

331 985 435 1051 tiliam
471 985 544 1049 eius
568 985 623 1049 alii
643 995 775 1072 pactam
809 994 979 1074 rapuerat.
1011 1025 1051 1034 —
1090 1012 1116 1058 r,
1139 985 1193 1075 57.
1229 986 1345 1074 Legati
1379 1010 1396 1052 a
1429 985 1568 1074 Segeste

332 1101 498 1158 venerunt
513 1092 676 1156 aruxilium
697 1101 834 1158 orantes
848 1093 1013 1157 adversus
1027 1091 1096 1157 vim
1117 1092 1387 1181 popularium...,
1408 1092 1570 1158 validiore

333 1199 422 1288 apud
458 1222 515 1263 eos
550 1199 746 1265 Arminio...
781 1200 926 1287 Ereptus
968 1197 1233 1287 (obsidentibus)
1255 1199 1414 1286 Segestes
1448 1223 1570 1287 magna

331 1331 409 1373 cum
422 1306 690 1395 propinquorum
711 1315 744 1371 ct
767 1307 944 1371 clientium
964 1330 1077 1373 manu.
1104 1307 1241 1372 Inerant
1268 1305 1413 1372 leminae
1426 1306 1569 1384 nobiles,

275 1477 278 1482 .
332 1417 419 1481 inter
433 1437 517 1503 quas
532 1437 618 1479 uxor
639 1415 784 1479 Arminii
801 1414 985 1502 eademque
1002 1414 1070 1479 lilia
1088 1414 1312 1502 Segestis-
1330 1439 1357 1495 r,
1375 1413 1429 1480 58.
1449 1440 1466 1480 «
1485 1416 1571 1504 Rap-

333 1531 440 1589 torem
472 1522 560 1588 tiliae
581 1545 685 1602 mene,
709 1522 910 1587 violatorem
941 1521 1085 1587 foederis
1110 1524 1226 1600 vestri,
1260 1522 1453 1587 Arminium
1485 1524 1573 1610 apud

335 1632 503 1697 Varum...
527 1652 620 1694 reum
636 1630 710 1695 leci.
725 1630 859 1695 llilatus
875 1630 1018 1717 segnitia
1035 1629 1186 1707 ducis...‚
1207 1638 1242 1695 ut
1258 1637 1358 1695 meet
1380 1631 1573 1696 Arminium

334 1745 368 1804 et
382 1738 536 1803 conscios
552 1738 909 1822 vinciretllagitavi...
929 1738 1087 1802 Ceterum
1104 1745 1136 1802 et
1150 1737 1250 1803 inieci
1266 1745 1404 1804 catenas
1420 1738 1574 1803 Arminio

335 1853 401 1911 eta
423 1845 566 1910 factione
582 1844 654 1910 eius
674 1845 815 1910 iniectas
833 1868 1014 1933 perpessus
1030 1868 1144 1911 sum...
1163 1844 1271 1910 Tuum
1288 1845 1351 1909 erit
1366 1845 1573 1924 consultare,

337 1961 451 2018 utrum
471 1952 676 2040 praevaleat,
694 1953 785 2041 quod
804 1952 887 2037 (filia
904 1954 993 2039 mea)
1008 1976 1049 2017 ex
1065 1953 1220 2017 Arminio
1234 1953 1389 2041 concepit
1417 1977 1460 2019 an
1486 1954 1577 2043 quod

336 2086 377 2127 ex
411 2083 463 2125 mo
491 2044 607 2148 ¹genita
631 2067 716 2125 ost»
752 2059 868 2147 (Apud
889 2059 1130 2125 Germanicum
1150 2059 1308 2146 Segestes
1323 2059 1425 2126 verba
1438 2061 1574 2148 lacit)...

337 2168 482 2234 Arminii
503 2190 587 2231 uxor
607 2166 713 2231 virilis
739 2191 840 2233 sexus
870 2169 1010 2255 stirpem
1043 2167 1159 2232 edidit.
1192 2207 1237 2218 -
1260 2169 1359 2255 r.59.
1382 2169 1577 2235 Arminium

338 2300 439 2366 super
464 2276 600 2339 insitam
633 2275 830 2340 violentiam
860 2282 957 2364 rapta
983 2298 1080 2352 uxor,
1099 2273 1272 2340 subiectus
1299 2276 1438 2341 servitio
1464 2278 1579 2342 uxoris

339 2393 455 2451 uterus
487 2382 687 2448 vaecordem
715 2381 902 2470 agebant...
929 2413 943 2440 ι(
975 2383 1010 2447 Si
1040 2382 1200 2470 patriam,
1233 2390 1402 2470 parentes
1438 2385 1580 2474 antiqua

340 2491 483 2556 mallent
511 2513 611 2577 quam
649 2490 805 2555 dominos
838 2499 872 2555 et
903 2489 1053 2554 colonias
1087 2513 1206 2565 novae,
1244 2490 1437 2556 Arminium
1467 2492 1581 2580 potius

343 2598 471 2685 gloriae
489 2620 526 2661 ac
542 2596 710 2662 libertatis
725 2621 826 2685 quam
843 2599 1019 2684 Segestem
1040 2597 1227 2684 llagitiosae
1253 2597 1430 2663 servitutis
1458 2597 1580 2665 ducem

343 2711 565 2793 sequerentur
588 2730 602 2765 a
638 2704 762 2792 (Verba
793 2706 871 2770 lacit
887 2705 975 2794 apud
992 2705 1182 2770 Cheruscos
1198 2703 1398 2785 Arminius).
1421 2744 1464 2754 —
1483 2731 1511 2778 1.
1525 2705 1578 2773 60.

344 2813 529 2876 Tractus..
557 2811 590 2874 iu
620 2820 733 2899 partes
771 2813 1018 2896 Inguiomerus.
1053 2800 1198 2876 Arminii
1233 2819 1449 2900 patruus-
1479 2813 1579 2889 r‚61.

345 2922 389 2987 Et
427 2918 532 2983 cladis
562 2917 758 3003 (Varianae)
785 2920 1027 3007 superstites...
1059 2918 1291 2986 referebant...
1319 2943 1386 3008 quo
1420 2919 1583 2987 tribunali

345 3027 561 3093 contionatus
598 3027 816 3094 Arminius..
844 3065 888 3078 -
913 3052 940 3102 ι,
968 3027 1022 3093 63.
1040 3027 1106 3092 Sed
1119 3027 1342 3093 Germanicus
1357 3027 1534 3094 cedentem
1549 3028 1583 3094 iu

345 3134 419 3201 avia
441 3133 632 3197 Arminium
652 3141 830 3200 secutus...
850 3135 1026 3198 Arminius
1051 3133 1166 3221 colligi
1190 3156 1270 3200 suos
1299 3144 1332 3199 et
1358 3135 1585 3224 propinquare

347 3241 442 3307 silvis
462 3244 609 3307 monitos
639 3242 740 3306 vertit.
760 3251 897 3329 repente
919 3293 940 3305 ..
964 3243 1099 3306 Circum
1125 3241 1230 3306 silvae.
1243 3240 1407 3328 paulatim
1421 3241 1583 3322 adcliveS,

348 3374 431 3439 quas
446 3357 518 3414 tum
536 3350 711 3413 Arminius
741 3348 905 3436 implevit.
930 3348 1088 3420 -1‚65.
1121 3347 1238 3436 Neque
1265 3355 1377 3414 tamen
1407 3348 1586 3414 Arminius

348 3479 555 3545 quamquam
584 3454 690 3520 libero
725 3457 861 3520 incursu
890 3456 1005 3520 statim
1036 3456 1198 3542 prorupit.
1223 3493 1266 3506 -
1285 3479 1312 3533 ι,
1336 3453 1392 3521 68.
1414 3457 1584 3537 Arminio,

349 3565 497 3629 sinerent
509 3562 622 3646 egredi
634 3563 665 3649 (c
678 3563 797 3628 castris
812 3562 998 3649 llomauos)
1013 3585 1275 3649 egressosque...
1289 3563 1585 3646 circumvenirent,

350 3671 555 3737 suadente...
592 3670 769 3734 Arminius
800 3671 939 3756 integer.
973 3669 1206 3754 luguiomerus
1225 3676 1303 3757 post
1328 3693 1431 3756 grave
1462 3670 1588 3736 vulnus

351 3804 499 3868 pugnam
521 3779 709 3843 deseruere.
734 3817 759 3825 -
787 3802 818 3846 2.
836 3803 867 3864 p.
891 3777 925 3840 ln
947 3778 1017 3863 ripa
1033 3775 1215 3864 (Visurgis)
1234 3800 1311 3840 cum
1331 3778 1451 3842 ceteris
1463 3779 1589 3865 primo·

351 3887 444 3950 ribus
469 3885 749 3970 (Cheruscorum)
773 3884 950 3948 Arminius
980 3884 1152 3948 adstitit...
1180 3881 1334 3970 (Flavus)
1363 3883 1589 3952 salutaturab

352 3994 550 4057 Arminio...
571 3993 697 4056 Flavus
710 4001 807 4055 {turta
825 3991 1005 4077 stipendia,
1023 3999 1176 4078 torquem
1192 3998 1225 4055 et
1240 4014 1426 4057 coronam..
1463 4015 1589 4058 memo·

352 4106 415 4180 rat,
439 4099 603 4163 inridente
624 4098 778 4162 Arminio
801 4099 880 4162 vilia
905 4098 1034 4162 servitii
1061 4098 1179 4185 pretia.
1209 4135 1245 4146 -
1267 4121 1297 4174 2,
1317 4121 1366 4162 ιο.
1382 4099 1592 4167 Cernebatur

353 4215 467 4273 contra
490 4205 746 4271 minitabundus
761 4206 936 4270 Arminius
952 4204 1184 4292 praeliumque
1201 4203 1419 4271 denuntians.
1433 4245 1478 4256 -
1490 4231 1521 4280 a.
1540 4233 1588 4274 ra.

354 4315 603 4406 (Germanicus)
630 4311 753 4376 iudicio
780 4312 940 4400 perfugae
972 4312 1146 4398 cognoscit
1171 4310 1338 4375 delectum
1365 4310 1406 4376 ab
1436 4314 1592 4381 Arminio

353 4427 464 4489 locum
481 4443 627 4510 pugnae.
646 4460 687 4468 —
705 4445 736 4494 2,
753 4421 802 4485 13.
828 4421 921 4484 l'nus
935 4419 1125 4484 hostium...
1144 4416 1291 4481 Arminii
1306 4419 1444 4485 nomine
1456 4421 1593 4509 pollice·

355 4540 449 4598 tur...
469 4571 511 4578 -
528 4555 559 4598 a.
590 4530 640 4594 ιδ,
672 4527 740 4592 Nec
768 4527 943 4591 Arminius
960 4535 1017 4593 aut
1045 4525 1147 4590 reteri
1169 4527 1415 4591 Germanorum
1436 4551 1593 4617 proceres

355 4638 556 4705 omittebant
594 4659 673 4700 suos
704 4635 846 4722 quisque
890 4634 1049 4699 testari...
1080 4674 1122 4681 —
1144 4657 1174 4712 a.
1216 4658 1265 4720 ¹7·
1306 4633 1454 4721 Insignis
1492 4638 1595 4722 (inter

356 4745 562 4828 Cheruscos)
588 4743 762 4806 Arminius
793 4765 906 4812 mauu.
930 4766 1024 4816 voce,
1042 4741 1182 4805 vulnere
1199 4741 1412 4807 sustentabat
1427 4765 1591 4830 pugnam.

355 4895 397 4904 —
425 4879 455 4931 a,
495 4877 547 4917 ar.
572 4850 769 4937 luprompto
798 4850 865 4913 iam
886 4848 1065 4913 ,ἱνηιὶηιό1
1083 4847 1125 4912 ob
1153 4849 1312 4913 continua
1334 4849 1497 4936 pericula,
1522 4851 1595 4920 sive

343 4994 349 5026 ¹
366 4987 491 5039 Arminio
509 4982 601 5048 suppl.
616 4983 774 5032 Beroaldus.
