3709 6234
837 908 959 965 AftthA
1500 909 1536 963 29

293 1033 394 1099 Tauri
428 1034 578 1099 Africam
606 1034 746 1123 imperio
771 1034 1004 1123 proconsulari
1024 1033 1187 1122 regentis,
1212 1072 1254 1082 —
1282 1035 1332 1113 13,
1363 1033 1418 1099 52.
1445 1034 1535 1099 lleos

293 1164 335 1207 ex
351 1141 526 1229 provincia
546 1141 673 1222 Africa,
695 1142 754 1232 qui
772 1142 1017 1231 proconsulare
1041 1142 1220 1230 imperium
1242 1140 1312 1206 illic
1332 1141 1532 1224 habuerant,

296 1249 487 1338 Sulpicium
512 1250 732 1318 Camerinum
755 1259 788 1316 et
809 1250 1010 1339 Pompeium
1035 1249 1213 1316 Silvanum
1229 1248 1377 1316 absolvit
1397 1249 1532 1317 Caesar.

294 1393 339 1407 -
368 1356 491 1434 16‚1:t.
520 1355 673 1422 Dilectus
699 1379 759 1444 per
779 1356 928 1421 Galliam
958 1354 1217 1422 Narbonensem
1250 1355 1468 1446 Africamque
1502 1365 1536 1422 et

295 1463 412 1529 Asiam
441 1463 548 1529 habiti
568 1471 649 1529 sunt
668 1463 868 1553 supplendis
884 1463 1013 1551 lllyrici
1049 1462 1256 1551 legionibus.
1274 1503 1316 1512 -
1333 1464 1359 1545 l,
1380 1489 1411 1553 7.
1440 1464 1534 1554 (Clo-

294 1569 402 1654 dium)
437 1570 593 1637 Macrum
631 1572 666 1636 in
703 1571 820 1636 Africa
855 1570 946 1637 haud
984 1569 1086 1636 dubie
1125 1570 1317 1637 turbantem
1348 1571 1535 1638 Trebonius

294 1679 501 1745 Garutianus
519 1687 717 1767 procurator
733 1679 827 1744 iussu
837 1678 967 1744 Galbae
984 1679 1239 1768 (interiecerat).
1252 1719 1293 1731 -
1308 1679 1334 1758 l,
1357 1703 1406 1747 ιι.
1421 1679 1535 1745 Africa

294 1809 333 1851 ac
348 1785 500 1874 legiones
515 1787 550 1851 in
565 1810 616 1867 ea,
632 1784 812 1852 interfecto
835 1784 957 1850 Clodio
974 1785 1102 1866 Macro,
1123 1792 1281 1852 contenta
1297 1786 1537 1875 qualicumque

295 1893 447 1982 principe
462 1900 540 1981 post
560 1893 829 1983 experimentum
847 1893 976 1958 domini
998 1893 1137 1958 minoris
1168 1931 1212 1941 —
1234 1892 1259 1964 l.
1284 1894 1337 1979 37.
1357 1893 1538 1983 (Loquitur

294 2000 419 2088 Otho):
443 2029 458 2060 «
487 2002 596 2080 Quam
628 2000 771 2088 gloriam
806 2000 849 2066 ad
884 2000 1112 2088 principatum
1141 1999 1256 2066 attulit
1288 1999 1439 2090 (Galba),
1473 2001 1536 2065 nisi

294 2108 439 2174 occisi...
470 2107 581 2173 Clodii
600 2106 705 2173 Macri
731 2109 764 2172 in
789 2106 975 2173 .tfrica...·?
997 2135 1012 2166 »
1029 2144 1074 2158 -
1096 2106 1121 2187 l,
1137 2108 1192 2195 dp.
1215 2108 1355 2173 Servius
1384 2107 1535 2175 Galba...

296 2239 356 2304 pro
387 2214 527 2281 consule
551 2214 701 2280 :liricam
740 2214 924 2294 moderate,
962 2215 1028 2280 iam
1057 2215 1169 2280 senior
1197 2215 1387 2281 citeriorem
1416 2215 1537 2304 Hispa·

288 2324 422 2389 niam...
439 2323 618 2389 continuit.
632 2362 675 2372 -
692 2322 718 2402 l,
734 2347 786 2412 70.
802 2323 868 2387 Pro
881 2322 1020 2388 consule
1033 2322 1207 2387 Vitellium
1234 2322 1352 2387 Siliani
1378 2323 1535 2412 (equites)

297 2431 329 2495 in
351 2430 465 2496 Africa
481 2430 680 2502 habuerant.
699 2469 743 2479 -
759 2429 784 2514 l,
804 2430 858 2519 73.
877 2429 997 2496 Calvia
1015 2428 1254 2517 Crispinilla...
1275 2437 1486 2517 transgressa
1503 2430 1535 2495 in

296 2539 448 2604 Africam
467 2538 509 2604 ad
530 2538 763 2627 instigandum
785 2538 818 2601 in
843 2561 935 2602 arma
955 2537 1112 2602 Clodium
1139 2535 1335 2604 Macrum...
1363 2577 1404 2589 -
1428 2538 1453 2619 l,
1480 2538 1533 2628 76.

297 2645 391 2710 ldern
411 2644 543 2711 Africae
558 2648 652 2732 (erga
675 2645 858 2733 Othonem)
880 2644 1093 2734 obsequium.
1111 2683 1154 2693 -
1175 2644 1200 2726 l,
1233 2646 1287 2733 78.
1306 2644 1424 2732 (Otho)
1450 2669 1536 2711 nova

297 2753 368 2818 iura
398 2753 645 2841 Cappadociae,
675 2777 763 2818 nora
791 2752 925 2818 Africae
956 2752 1087 2836 (dedit).
1119 2751 1266 2818 ostentui
1294 2753 1403 2839 magis
1434 2777 1536 2842 quam

298 2883 469 2926 mansura.
490 2897 535 2909 -
570 2860 613 2936 ll,
643 2861 697 2925 58.
725 2861 887 2926 Lucceius
917 2859 1064 2924 Albinus
1091 2859 1281 2949 (utriusque
1307 2860 1537 2926 Mauretaniae

298 2970 674 3056 procurator)...,caeso
684 2967 794 3032 Galba
814 2967 846 3031 in
863 2967 1033 3033 Othonem
1047 2989 1174 3055 pronus
1191 2989 1251 3032 nec
1268 2967 1383 3032 Africa
1399 2977 1537 3035 conten·

298 3083 365 3155 tus,
383 3075 567 3163 Hispaniae
593 3083 738 3163 angusto
764 3075 848 3140 freto
864 3074 1051 3164 diremptae
1067 3074 1277 3142 imminebat.
1300 3113 1345 3126 -
1361 3075 1403 3142 ll.
1419 3100 1473 3165 97.
1500 3076 1535 3141 ln

299 3182 414 3249 Africa
429 3182 517 3271 legio
540 3184 764 3273 cohortesque
788 3181 938 3248 delectae
963 3206 980 3247 a
998 3181 1117 3247 Glodio
1139 3182 1267 3260 Macro,
1293 3207 1371 3248 mox
1390 3208 1409 3248 a
1428 3184 1535 3249 Galba

297 3290 469 3368 dimissae,
497 3314 615 3356 rursus
641 3292 734 3356 iussu
765 3290 891 3355 Vitellii
924 3289 1080 3354 militiam
1112 3312 1254 3377 cepere:
1295 3289 1396 3354 simul
1424 3299 1535 3358 cetera

299 3398 456 3465 iuventus
470 3398 573 3464 dabat
596 3398 739 3486 impigre
755 3399 903 3466 nomina.
926 3398 1058 3485 Quippe
1077 3397 1246 3483 integrum
1266 3397 1334 3463 illio
1350 3423 1387 3463 ao
1404 3399 1537 3464 lavora-

298 3504 400 3571 bilem
412 3505 690 3595 proconsulatum
702 3504 873 3581 Vitellius,
898 3505 1064 3569 famosum
1081 3505 1295 3593 invisumque
1310 3505 1537 3594 Vespasianus

298 3621 456 3700 egerat...
473 3652 516 3663 -
534 3613 594 3692 lll,
613 3613 666 3689 48.
686 3612 941 3700 (Vespasianus.
956 3636 1033 3677 cum
1048 3613 1113 3676 iam
1128 3613 1324 3699 Aegyptum
1341 3613 1534 3701 obtineret),

304 3720 465 3801 Africam,
501 3720 619 3786 eodem
640 3719 744 3786 latero
765 3720 878 3797 sitam,
901 3726 990 3784 terra
1021 3719 1172 3807 marique
1199 3719 1358 3786 invadere
1382 3720 1533 3810 parabat.

300 3828 425 3894 clausis
458 3851 612 3894 annonae
636 3827 797 3893 subsidiis
823 3828 971 3916 inopiam
988 3850 1026 3892 ac
1045 3826 1250 3892 discordiam
1265 3829 1352 3894 hosti
1371 3828 1538 3916 (Vitellio)

300 3937 462 4002 facturus.
473 3973 509 3985 -
520 3935 576 4013 ll',
589 3937 641 4001 38.
657 3936 766 4024 Super
776 3935 936 4000 instantia
951 3934 1038 3998 mala
1052 3935 1199 4020 (civitas)
1211 3934 1314 4000 falsos
1331 3960 1474 4024 pavores
1488 3938 1536 4002 in-

297 4043 427 4119 duerat,
443 4042 628 4107 descivisse
643 4041 793 4106 Africam
805 4065 858 4106 res
868 4065 975 4106 novas
990 4040 1150 4106 moliente
1177 4040 1214 4107 L.
1231 4042 1352 4108 Pisone
1367 4045 1443 4134 (pro
1458 4068 1536 4111 con-

303 4149 401 4238 sule).
419 4188 464 4200 -
485 4148 542 4228 ll’,
560 4151 614 4227 (8.
639 4149 742 4237 Legio
754 4149 786 4213 in
804 4149 919 4214 ,lirica
935 4148 1127 4237 auxiliaque
1141 4148 1295 4214 tutandis
1315 4151 1444 4239 imperii
1461 4153 1535 4217 lini-

302 4256 365 4322 bus
379 4257 444 4322 sub
458 4257 544 4322 Divo
556 4258 714 4343 Augusto
724 4255 924 4344 Tiberioque
936 4255 1145 4344 principibus
1155 4258 1349 4344 proconsuli
1359 4258 1535 4345 parebant.

304 4364 384 4429 llox
397 4365 436 4429 C.
454 4363 590 4440 Caesar,
602 4363 796 4429 ...Marcum
810 4362 964 4429 Silanum
975 4362 1186 4428 obtinentem
1203 4362 1354 4429 Africam
1368 4373 1534 4450 metuens,

302 4470 449 4538 ablatam
460 4471 655 4559 proconsuli
671 4470 838 4557 legionem
860 4470 963 4534 misso
975 4470 1007 4534 in
1024 4493 1099 4536 eam
1112 4493 1185 4535 rem
1197 4470 1309 4557 legato
1325 4472 1475 4539 tradidit.
1493 4514 1537 4525 -

304 4577 361 4659 ll',
378 4580 433 4668 49.
453 4576 606 4643 sedtum
622 4576 790 4665 legionem
810 4576 844 4641 in
860 4576 976 4642 Africa
992 4577 1130 4664 regebat
1146 4575 1299 4642 Valerius
1316 4578 1477 4648 Festus...
1498 4619 1538 4633 -

305 4684 361 4766 lt',
384 4685 438 4751 50.
460 4684 530 4750 Nec
559 4683 667 4751 multo
693 4692 768 4772 post
801 4683 879 4748 Piso
902 4684 1123 4767 interlicitur3
1153 4708 1299 4774 namque
1319 4686 1447 4768 aderat,
1480 4689 1537 4777 qui

305 4800 469 4870 nosceret,
487 4792 632 4859 Baebius
647 4791 790 4857 Massae
805 4793 1082 4880 procuratoribus
1092 4792 1291 4858 Africae-
1304 4795 1342 4861 G.
1360 4819 1391 4860 a.
1410 4797 1535 4876 Quis...

308 4900 387 4965 Asia
403 4906 463 4965 aut
480 4899 597 4965 Africa
617 4906 675 4965 aut
702 4897 798 4965 ltalia
817 4898 935 4964 relicta
956 4899 1172 4966 Germaniam
1199 4907 1341 4987 peteret,
1359 4902 1537 4970 informem

307 5008 578 5097 terris,asperam
589 5006 694 5086 caelo,
707 5006 840 5073 tristem
851 5006 946 5073 cultu
963 5007 1311 5097 adspectuque...?-
1321 5009 1367 5075 A.
1381 5011 1434 5087 (a.
1446 5011 1538 5079 ,lde-
