3709 6234
809 859 969 913 calvatus
1482 857 1536 912 203

300 1003 349 1070 Ne
366 1012 480 1069 tamen
501 1002 661 1068 adnuisse
677 1003 787 1092 (caedi
808 1003 1020 1070 Mithridatis
1040 1002 1223 1067 Armeniae
1251 1003 1354 1091 regis)
1383 1001 1537 1068 videren-

297 1119 353 1177 tur
367 1110 572 1198 (meidius
583 1109 777 1188 Quadratus
787 1111 905 1199 Syriae
921 1111 1056 1198 legatus
1070 1110 1210 1198 eiusque
1223 1110 1335 1198 amici)
1350 1118 1384 1176 et
1400 1109 1534 1175 diversa

300 1219 425 1283 Caesar
438 1218 609 1284 iuberet...
628 1256 672 1266 -
692 1242 743 1299 12,
767 1222 821 1307 (9.
846 1218 928 1284 Erat
943 1217 1177 1305 Cappadociae
1201 1226 1400 1305 procurator
1430 1216 1536 1283 Iulius

301 1324 496 1413 Paelignus,
514 1325 648 1413 ignavia
670 1325 775 1390 animi
796 1335 829 1391 et
851 1325 1037 1390 deridiculo
1062 1325 1212 1413 corporis
1234 1326 1326 1390 iuxta
1351 1325 1537 1413 despicien-

300 1432 376 1513 duS,
394 1433 454 1498 sed
477 1431 621 1497 Claudio
637 1455 800 1520 perquam
817 1433 1006 1516 familiaris,
1024 1456 1101 1498 cum
1117 1432 1271 1519 privatus
1289 1431 1370 1498 olim
1390 1456 1536 1498 conver-

300 1540 432 1605 satione
447 1563 641 1606 scurrarum
657 1540 747 1605 iners
762 1542 868 1606 otium
884 1541 1083 1607 oblectaret.
1101 1581 1144 1589 —
1161 1565 1212 1622 12,
1234 1542 1286 1606 52.
1305 1541 1426 1605 Furius
1440 1541 1536 1605 Scri-

301 1646 468 1713 bonianus
497 1649 531 1712 in
551 1647 692 1712 exilium
711 1650 864 1734 agitur...
892 1648 993 1714 Pater
1018 1647 1232 1713 Scriboniani
1258 1647 1423 1712 Camillus
1445 1671 1537 1712 arma

300 1779 360 1843 per
377 1754 582 1820 Dalmatiam
600 1762 753 1821 moverat
770 1776 777 1834 ;
803 1756 904 1845 idque
919 1756 963 1821 ad
987 1756 1203 1821 clementiam
1224 1755 1379 1821 trahebat
1399 1755 1535 1830 Caesar,

301 1862 392 1951 quod
408 1864 549 1951 stirpem
573 1862 731 1927 hostilem
756 1865 879 1930 iterum
909 1871 1138 1929 conservaret.
1160 1904 1203 1912 —
1223 1886 1272 1941 12,
1299 1862 1353 1928 53.
1377 1861 1535 1940 Pallanti,

301 1993 403 2058 quem
424 1978 631 2059 repertorem
647 1971 721 2036 eius
744 1971 919 2037 relationis
942 1972 1094 2038 ediderat
1114 1972 1280 2037 Caesar...
1311 1970 1539 2036 Adseverarit

302 2076 466 2143 Claudius
481 2089 679 2147 contentum
691 2080 817 2146 honore
829 2079 1020 2145 Pallantem
1041 2080 1130 2145 intra
1145 2080 1290 2167 priorem
1304 2085 1537 2166 paupertatem

302 2184 500 2251 subsistere.
515 2225 558 2237 -
577 2213 629 2266 12,
648 2191 702 2267 bt.
721 2187 886 2253 Claudius
906 2188 1019 2253 causis
1035 2186 1230 2252 rebellionis
1250 2185 1375 2251 auditis
1403 2186 1456 2250 ius
1469 2194 1538 2251 sta-

305 2293 424 2358 tuendi
439 2295 541 2360 etiam
553 2295 595 2360 de
610 2294 888 2384 procuratoribus
911 2294 1084 2384 (Iudaeae)
1101 2292 1432 2379 dederat(meidio
1448 2297 1539 2371 Qua-

302 2399 398 2465 drato
416 2400 534 2487 Syriae
555 2403 694 2491 legato).
725 2444 767 2453 -
792 2427 842 2485 12,
869 2403 921 2469 56.
951 2402 1041 2467 Lacu
1066 2401 1220 2488 (Fucino)
1253 2402 1288 2466 in
1317 2401 1390 2487 ipso
1418 2400 1538 2465 navale

303 2503 511 2591 proelium...
530 2507 665 2595 (edidit)
682 2508 858 2574 Claudius.
881 2562 887 2575 .
906 2548 949 2557 -
969 2532 1019 2584 12,
1040 2507 1095 2573 58.
1114 2507 1202 2572 Nero
1224 2504 1400 2571 Octaviam
1416 2506 1539 2571 Caesa·

304 2612 351 2676 ris
363 2611 466 2677 liliam
478 2614 513 2679 in
529 2616 782 2681 matrimonium
799 2616 939 2704 accepit.
958 2655 1001 2664 -
1023 2639 1072 2694 12,
1083 2616 1136 2703 59.
1153 2613 1316 2679 Claudius
1340 2614 1538 2680 saevissima

304 2741 457 2808 quaeque
482 2745 636 2810 promere
676 2722 878 2810 adigebatur
908 2723 1060 2788 eiusdem
1089 2723 1298 2810 Agrippinae
1331 2721 1473 2791 artibus,
1496 2762 1539 2771 —

308 2851 358 2910 12,
373 2828 427 2893 60.
449 2828 613 2896 Claudius
628 2830 919 2918 (procuratoribus
943 2831 1028 2918 suis)
1044 2852 1144 2894 omne
1160 2830 1213 2894 ius
1237 2830 1387 2908 tradidit,
1410 2830 1451 2895 de
1471 2853 1538 2919 quo

304 2936 429 3001 totiens
443 2936 609 3003 seditione
625 2940 796 3005 autarmis
810 2945 989 3017 certatum,
1001 2961 1078 3002 cum
1092 2937 1538 3025 Semproniisrogationibus

302 3052 458 3132 equester
473 3044 597 3112 ordo...
617 3043 781 3110 Claudius
796 3045 948 3124 libertos,
965 3068 1051 3133 quos
1066 3046 1113 3111 rei
1136 3044 1292 3111 familiari
1318 3046 1536 3133 praefecerat,

303 3151 435 3240 sibique
455 3159 489 3217 et
512 3152 659 3240 (legibus
684 3152 911 3241 adaequavit).
944 3191 988 3204 -
1008 3177 1058 3234 12,
1083 3151 1137 3219 61.
1170 3152 1346 3238 Claudius,
1378 3154 1539 3219 facilitate

301 3259 414 3339 solita,
435 3260 526 3348 quod
540 3261 599 3325 uni
613 3260 846 3348 (Xenophonti
858 3260 988 3326 medico
1008 3284 1069 3325 suo
1085 3261 1334 3326 immunitatem
1352 3260 1422 3325 Coo
1444 3261 1538 3326 insu-

302 3365 369 3452 lae)
381 3376 608 3446 concesserat,
625 3366 728 3432 nullis
744 3369 956 3433 extrinsecus
972 3368 1178 3434 adiumentis
1187 3369 1326 3434 velavit.
1352 3405 1384 3416 -
1413 3391 1462 3448 12,
1481 3366 1536 3446 6).

305 3473 428 3539 vocem
450 3473 596 3546 Claudii.
620 3498 721 3563 quam
742 3475 950 3540 temulentus
975 3476 1110 3555 iecerat,
1137 3475 1238 3541 latale
1254 3475 1329 3552 sibi,
1362 3482 1398 3539 ut
1421 3474 1538 3538 coniu-

303 3603 383 3667 gum
418 3581 545 3668 flagitia
590 3580 702 3658 lerret,
748 3581 826 3646 dein
863 3583 1041 3669 puniret...
1068 3621 1112 3633 -
1150 3606 1200 3665 12,
1236 3581 1290 3647 65.
1327 3581 1537 3668 (Narcissus)

303 3688 511 3776 prompsisse
526 3688 615 3753 inter
629 3689 803 3777 proximos
820 3687 1031 3756 serebatur...
1055 3691 1101 3756 ita
1122 3690 1165 3754 de
1186 3713 1222 3754 se
1241 3689 1398 3753 meritum
1415 3690 1538 3753 Caesa-

303 3815 386 3870 rem,
411 3802 450 3859 ut
463 3795 570 3859 vitam
587 3797 664 3860 usui
688 3796 760 3860 eius
775 3796 996 3883 impenderet.
1018 3835 1062 3846 —
1082 3822 1131 3875 12,
1150 3795 1203 3862 66.
1222 3794 1390 3882 (Timebat
1406 3795 1537 3883 Agrip-

303 3900 408 3987 pina),
426 3902 454 3965 si
478 3901 607 3966 lentum
635 3910 668 3967 et
697 3901 850 3967 tabidum
865 3903 1063 3990 (venenum)
1092 3902 1286 3989 delegisset,
1317 3924 1359 3965 ne
1383 3901 1540 3967 admotus

303 4009 471 4095 supremis
486 4007 651 4074 Claudius
676 4018 709 4076 et
723 4009 802 4074 dolo
823 4010 997 4076 intellecto
1017 4010 1059 4076 ad
1084 4033 1231 4076 amorem
1255 4010 1315 4073 lilii
1343 4008 1477 4073 rediret.
1496 4047 1540 4058 -

308 4138 357 4196 12,
374 4113 431 4203 67.
467 4115 671 4204 Temporum
696 4116 832 4183 illorum
857 4119 1039 4206 scriptores
1067 4118 1316 4207 (prodiderunt)
1344 4117 1535 4183 intusum...

303 4221 416 4287 boleto
431 4246 614 4301 venenum,
631 4247 692 4289 nec
713 4225 781 4289 vim
798 4225 1032 4291 medicaminis
1047 4227 1162 4291 statim
1187 4225 1408 4304 intellectam,
1425 4248 1539 4290 socor-

302 4329 400 4395 diane
424 4354 467 4396 an
494 4331 627 4397 Claudii
651 4332 939 4402 vinolentia...-
968 4358 1018 4408 12,
1039 4334 1093 4423 69.
1125 4334 1365 4421 Caelestesque
1395 4333 1540 4397 honores

305 4437 448 4503 Claudio
464 4439 693 4505 decernuntur
706 4448 739 4505 et
755 4439 1056 4507 lunerissollemne
1072 4442 1209 4531 perinde
1224 4465 1262 4507 ac
1281 4442 1365 4506 llivo
1382 4443 1539 4529 Augusto

303 4544 505 4615 celebratur.
526 4547 632 4626 -13,
659 4571 685 4614 1.
703 4546 885 4613 Narcissus
902 4547 1037 4613 Claudii
1052 4549 1206 4615 libertus
1222 4587 1266 4601 -
1285 4548 1335 4630 13,
1355 4574 1385 4615 2.
1397 4550 1539 4638 (Agrip-

303 4653 397 4740 pina)
407 4652 553 4719 habehat
570 4654 604 4718 in
620 4654 773 4741 partibus
787 4653 989 4732 Pallantem,
1000 4679 1067 4744 quo
1085 4664 1221 4722 auctore
1235 4657 1399 4722 Claudius
1412 4658 1539 4744 nuptiis

302 4759 440 4825 incestis
459 4760 688 4848 etadeptione
720 4762 863 4827 exitiosa
889 4772 998 4829 semet
1025 4771 1273 4852 perverterat...
1302 4764 1435 4830 Decreti
1459 4773 1491 4830 et
1521 4791 1538 4829 a

302 4873 422 4932 senatu
445 4867 685 4956 (Agrippinae)
716 4868 783 4933 duo
812 4869 961 4948 lictoreS,
988 4871 1184 4936 flamonium
1217 4869 1404 4952 Claudiale,
1437 4872 1540 4938 simul

302 4973 444 5039 Claudio
471 4974 661 5040 censorium
681 4976 783 5041 funus
802 4984 835 5042 et
860 5001 939 5043 mox
966 4980 1186 5046 consecratio.
1210 5016 1251 5031 -
1277 4978 1326 5049 13,
1355 4977 1385 5045 3.
1413 4978 1483 5043 Nec
1506 4979 1538 5043 in
