3709 6234
888 859 985 912 l‘lllSII
1530 857 1583 911 283

299 1003 325 1069 1²
327 1002 613 1070 ORTVNATVS.
634 1038 671 1052 ·
693 1000 745 1081 ι6,
770 1024 819 1067 ιο.
839 1000 1041 1066 Interversis
1061 1002 1195 1088 patroni
1210 1002 1264 1088 (L.
1282 1002 1425 1068 Antistii
1436 1002 1581 1092 Veteris)

340 1112 443 1177 rebus
455 1110 498 1176 ad
514 1109 742 1176 accusandum
761 1107 1016 1194 transgrediens
1032 1109 1238 1174 Fortunatus
1250 1109 1392 1174 libertus
1402 1109 1424 1176 ¹.

297 1215 456 1283 FORVM
473 1216 643 1283 ALIENI.
666 1254 709 1265 -
734 1215 796 1296 111,
817 1215 850 1281 6.
881 1217 1008 1302 (Duces
1029 1213 1196 1302 Flaviani)
1219 1216 1395 1281 Patavium
1411 1223 1445 1281 et
1462 1218 1582 1282 Ateste

339 1324 494 1413 partibus
527 1324 722 1390 adinnxere.
760 1323 834 1388 Illic
871 1322 1045 1409 cognitum
1080 1329 1149 1387 tres
1183 1321 1383 1388 Vitellianas
1425 1324 1580 1390 cohortes

340 1432 538 1521 alamque...
556 1430 599 1496 ad
615 1430 740 1496 Forum
756 1430 870 1495 alieni
886 1437 989 1517 ponte
1005 1429 1120 1495 iuncto
1140 1430 1348 1497 consedisse.

296 1538 457 1606 FI'IRVM
504 1538 678 1614 IVleM,
729 1536 935 1602 OPPIDVM
988 1535 1334 1617 FOIIOIVLIIINSII,
1379 1536 1582 1604 COLONIA

342 1644 704 1725 FOROIVLIENSIS,
720 1645 745 1709 F
748 1644 877 1710 IIIII'M
895 1642 1017 1723 IVLII,
1036 1643 1060 1707 F
1063 1642 1424 1710 OlltllVLIIINSIVM
1440 1643 1580 1711 COLO-

339 1753 433 1819 NIA.
461 1792 505 1802 -
528 1777 559 1832 a,
591 1750 647 1817 63.
678 1750 915 1839 (Catualda)...
933 1750 1053 1838 pulsus
1075 1750 1164 1816 haud
1183 1750 1292 1817 multo
1305 1759 1439 1838 post...,
1458 1752 1580 1817 Forum

339 1859 477 1934 Iulium.
499 1858 732 1925 Narbonensis
747 1856 878 1923 Galliae
901 1856 1082 1936 coloniam,
1105 1857 1261 1924 mittitur.
1296 1896 1338 1907 -
1363 1860 1396 1937 I,
1414 1858 1446 1924 5.
1466 1858 1582 1923 Proxi-

337 1991 473 2034 mum...
496 1966 627 2031 Galliae
643 1965 724 2031 litus
739 1972 932 2030 constratae
947 1988 1051 2030 naves
1065 1963 1315 2052 praesidebant,
1343 1987 1428 2053 quas
1442 1965 1581 2031 Actiaca

337 2074 479 2141 victoria
527 2081 645 2161 captas
682 2075 859 2158 Augustus
896 2072 929 2137 in
977 2072 1138 2160 oppidum
1172 2071 1401 2137 Foroiuliense
1443 2072 1581 2139 miserat

338 2181 754 2268 validocumremige.—
770 2180 814 2262 II,
842 2183 891 2258 ιΙ.
921 2179 1084 2264 (Militum
1113 2203 1131 2245 a
1166 2179 1270 2245 Fabio
1297 2179 1439 2245 Valente
1464 2187 1580 2245 contra

336 2289 549 2356 Othonianos
578 2289 775 2375 missorum)
808 2311 887 2375 pars
922 2287 955 2351 in
990 2286 1120 2352 colonia
1152 2286 1376 2351 Foroiuliensi
1404 2295 1577 2353 retenta...

336 2433 383 2448 -
417 2395 478 2476 IIl,
504 2394 560 2473 43.
593 2395 795 2461 Procurator
824 2393 978 2459 Valerius
1008 2394 1230 2473 Paulinus...,
1261 2394 1471 2481 Vespasiano
1501 2402 1580 2460 anto

336 2503 505 2569 fortunam
536 2503 678 2579 amicus,
717 2501 1027 2568 ...Foromliensem
1061 2502 1241 2576 coloniam,
1273 2500 1421 2567 claustra
1461 2501 1575 2579 maris,

335 2609 504 2699 praesidio
548 2608 715 2685 tuebatur,
752 2633 791 2674 eo
826 2611 962 2695 gravior
997 2616 1125 2688 auctor,
1159 2607 1250 2696 quod
1284 2607 1426 2673 Paulino
1469 2610 1576 2697 patria

337 2718 461 2783 Forum
479 2716 566 2783 Iulii.
585 2754 627 2765 —
651 2720 694 2783 A.
713 2719 744 2793 d.
767 2716 905 2781 Gnaeus
926 2716 1033 2782 Iulius
1050 2715 1210 2802 Agricola
1235 2728 1347 2780 vetere
1375 2723 1409 2781 et
1440 2715 1577 2783 inlustri

337 2823 620 2889 Foroiuliensium
637 2823 770 2888 colonia
786 2833 922 2890 ortus...

291 2932 403 2998 FOSI.
422 2932 520 2995 -G.
539 2931 592 2997 36.
620 2931 730 2996 Tracti
757 2930 854 2996 ruina
884 2931 1132 2996 Cheruscorum
1161 2938 1193 2995 et
1223 2930 1300 2993 Fosi
1312 2929 1336 3008 ⁹,
1369 2933 1578 2998 contermina

333 3061 431 3124 gens,
454 3037 672 3103 adversarum
689 3061 800 3103 rerum
821 3062 862 3102 ex
889 3061 996 3127 aequo
1024 3039 1105 3102 socii
1135 3045 1226 3106 suut.
1248 3059 1325 3101 cum
1353 3038 1388 3101 in
1420 3040 1579 3104 secundis

334 3145 483 3210 miuores
503 3145 659 3212 luissent.

289 3251 438 3317 FlllSIl.
469 3290 513 3301 -
547 3277 574 3330 ι,
601 3251 655 3317 6ο.
684 3251 840 3339 liquitem
869 3251 1089 3339 (Germanici)
1120 3255 1211 3322 Pedo
1238 3253 1571 3345 praefectussmibus

332 3359 519 3424 Frisiorum
541 3358 647 3423 ducit.
676 3397 715 3410 -
737 3362 766 3436 t,
790 3384 844 3446 7²·
870 3359 997 3423 llodem
1026 3383 1115 3426 anno
1147 3363 1258 3444 Frisii,
1290 3361 1571 3427 Transrhenanas

330 3466 490 3556 populus,
518 3488 637 3555 pacem
661 3488 783 3530 exuere
815 3474 931 3530 nostra
958 3468 1067 3552 magis
1098 3472 1238 3536 avaritia
1272 3492 1376 3559 quam
1400 3468 1570 3557 obsequii

330 3573 587 3662 impatientes...
600 3571 765 3637 Olennius
776 3596 793 3637 e
805 3572 1072 3660 primipilaribus
1088 3578 1245 3664 regendis
1261 3576 1379 3642 Frisiis
1397 3576 1576 3663 impositus

330 3693 426 3767 terga
449 3704 587 3745 urorum
618 3679 755 3767 delegit.
788 3702 932 3768 quorum
959 3680 1001 3745 ad
1032 3682 1174 3749 sormam
1199 3685 1434 3772 acciperentur
1463 3685 1572 3772 (terga

330 3789 446 3868 boum,
464 3809 549 3875 quae
569 3787 603 3852 in
621 3786 784 3852 tributum
800 3786 1015 3875 penderent).
1036 3829 1076 3841 —
1096 3793 1128 3868 I,
1148 3792 1201 3879 73.
1220 3791 1319 3870 Quod
1332 3790 1389 3856 ubi
1407 3791 1445 3857 L.
1463 3792 1573 3878 Apro-

291 3941 296 3950 ·
328 3898 385 3962 nio
413 3894 580 3959 interioris
615 3893 816 3958 Germaniae
853 3917 912 3979 pro
947 3903 1099 3981 praetore
1124 3900 1357 3986 cognitum...,
1387 3906 1571 3987 utrumque

327 4001 515 4069 exercitum
551 4000 669 4065 Rheno
698 3999 878 4064 devectum
913 4001 1029 4067 Frisiis
1056 4004 1182 4074 intulit.
1219 4044 1263 4057 -
1298 4031 1348 4086 ιι,
1380 4031 1430 4092 ¹9·
1468 4006 1568 4071 Natio

331 4109 528 4188 Frisiorum,
550 4115 628 4194 post
650 4106 869 4172 rebellionem
892 4107 988 4174 clade
1019 4110 1045 4175 L
1084 4114 1226 4199 Apronii
1256 4121 1414 4202 coeptam
1445 4113 1575 4178 infensa

328 4224 387 4283 aut
400 4213 486 4280 male
503 4212 581 4292 fida,
603 4213 692 4279 datis
709 4213 885 4280 obsidibus
905 4217 1059 4283 consedit
1078 4219 1168 4307 apud
1197 4244 1298 4308 agros
1326 4245 1344 4285 a
1376 4220 1568 4286 Corbulone

327 4322 537 4409 descriptos;
570 4319 659 4385 idem
689 4329 856 4398 senatum,
888 4324 1118 4409 magistratus
1147 4326 1240 4414 leges
1267 4328 1440 4415 imposuit,
1472 4351 1509 4393 ac
1535 4352 1576 4394 ne

332 4428 423 4493 iussa
440 4436 615 4504 exuerent,
643 4428 847 4515 praesidium
868 4430 1135 4496 immunivit-
1169 4434 1218 4502 13.
1244 4433 1298 4511 54.
1333 4434 1431 4498 Frisii
1458 4435 1575 4499 iuven·

333 4542 439 4601 tutem
472 4534 616 4600 saltibus
655 4544 713 4599 aut
755 4533 951 4623 paludibus,
991 4538 1162 4604 imbellem
1200 4548 1346 4606 aetatem
1375 4564 1435 4629 per
1482 4542 1575 4607 lacus

331 4641 513 4707 admovere
561 4643 652 4729 ripae
685 4665 852 4729 agrosque
890 4667 1017 4708 racuos
1051 4655 1084 4711 et
1118 4647 1265 4712 militum
1303 4649 1380 4712 usui
1408 4651 1575 4736 sepositos

318 4893 325 4926 ¹
348 4892 379 4938 t'.
396 4892 478 4940 ctiam
496 4892 532 4950 16,
549 4908 585 4941 ιι.

317 4973 383 5024 ²A:
401 4972 473 5035 sarsi:
493 4973 533 5025 B:
550 4973 608 5036 (arsi
626 4975 681 5023 esrrl
699 4990 713 5020 a
729 4991 788 5037 sup
804 4976 984 5041 iscriptuml:
1002 4979 1042 5032 0:
1059 4979 1122 5042 (osi,
