3709 6234
377 828 430 884 544
913 837 947 888 A.
967 836 1126 890 thl'TlVS

420 973 624 1058 crebruit...,
642 974 865 1063 erumpebant
878 984 1021 1066 questus
1106 976 1170 1041 hoc
1186 976 1295 1063 egisse
1317 984 1465 1043 secretos
1485 976 1662 1064 Augustae

422 1104 499 1146 cum
524 1081 685 1147 Plancina
705 1106 891 1151 sermones.
919 1123 963 1133 -
987 1083 1019 1162 3,
1045 1108 1079 1173 9.
1103 1083 1183 1148 Piso
1206 1084 1343 1151 ...auxit
1361 1082 1458 1172 vulgi
1482 1084 1561 1167 iraS,
1584 1084 1663 1175 quia

422 1211 543 1254 navem
574 1189 705 1255 tumulo
735 1190 919 1257 Caesarum
949 1190 1126 1278 adpulerat
1158 1190 1278 1280 dieque
1309 1198 1342 1257 et
1375 1191 1447 1280 ripa
1480 1191 1660 1280 frequenti,

423 1319 545 1384 magno
570 1296 746 1363 clientium
770 1299 905 1386 agmine
924 1298 1009 1387 ipse.
1034 1297 1235 1364 feminarum
1259 1299 1422 1364 comitatu
1447 1298 1609 1365 Plancina
1629 1307 1663 1366 et

422 1403 518 1471 vultu
534 1404 663 1470 alacres
678 1406 858 1471 incessere.
877 1446 915 1457 -
936 1406 967 1473 3.
990 1405 1040 1471 13.
1060 1405 1314 1495 (Accusatores)
1330 1406 1523 1473 obiecere...
1541 1407 1661 1472 immo·

421 1510 566 1578 lationes
591 1511 754 1577 nefandas
777 1513 885 1601 ipsius
906 1512 985 1600 (Cn.
1008 1512 1156 1602 Pisonis)
1177 1521 1277 1603 atque
1298 1513 1480 1580 Plancinae
1500 1514 1549 1600 (in
1574 1513 1660 1579 Ger·

421 1619 619 1706 manieum).
642 1658 686 1670 -
706 1620 738 1700 3,
765 1622 815 1685 15.
838 1618 967 1686 lladem
988 1619 1171 1687 Plancinae
1190 1620 1329 1700 invidia,
1349 1621 1455 1687 maior
1474 1621 1595 1709 gratia.
1617 1660 1661 1670 —

421 1726 453 1806 3,
485 1726 535 1791 16.
557 1726 612 1813 (ln
639 1726 804 1792 codicillis
832 1727 875 1792 ad
904 1726 1078 1792 Tiberium
1106 1727 1194 1794 datis
1219 1728 1281 1794 Cn.
1310 1728 1403 1818 Piso)
1430 1726 1472 1793 de
1498 1727 1660 1793 Plancina

420 1832 504 1898 nihil
524 1834 666 1900 addidit.
687 1873 730 1883 —
751 1835 782 1918 a,
809 1859 859 1923 ¹7·
881 1833 1036 1900 Tiberius
1057 1836 1107 1919 (in
1128 1835 1261 1922 senatu)
1285 1860 1388 1925 ...pro
1401 1835 1567 1900 Plancina
1582 1858 1659 1900 cum

420 1941 548 2030 pudore
577 1949 610 2007 et
637 1942 765 2029 tlagitio
785 1942 958 2021 disseruit,
987 1942 1106 2008 matris
1132 1965 1248 2032 preces
1275 1941 1476 2017 obtendens,
1494 1943 1529 2006 in
1557 1964 1659 2030 quam

419 2048 538 2136 optimi
561 2049 724 2137 cuiusque
744 2049 864 2114 secreti
886 2057 1027 2138 questus
1047 2051 1156 2136 magis
1175 2049 1399 2116 ardescebant
1493 2048 1535 2114 ab
1554 2049 1660 2137 impe·

420 2163 530 2221 ratore
545 2163 579 2221 et
592 2156 750 2243 Augusta
761 2156 935 2222 defensam
948 2156 1187 2223 Plancinam...
1206 2155 1366 2222 Aurelius
1380 2155 1478 2221 Cotta
1495 2154 1656 2223 consul...

417 2263 607 2345 censuit...,
629 2287 790 2329 concessa
814 2263 996 2330 Plancinae
1016 2263 1248 2330 incolumitate
1267 2264 1310 2329 ob
1329 2286 1446 2352 preces
1466 2263 1654 2351 Augustae.

418 2408 463 2421 -
487 2369 518 2448 3,
550 2395 601 2460 ¹9·
629 2370 738 2437 Multa
763 2394 805 2436 ex
831 2370 977 2457 (Aurelii
1002 2371 1138 2458 Cottae)
1160 2371 1328 2437 sententia
1352 2371 1536 2458 (mitigavit
1558 2369 1657 2435 Tibe-

418 2479 645 2564 rius)...,tum
669 2476 798 2566 pudore
823 2477 999 2545 absolutae
1027 2477 1210 2544 Plancinae
1235 2476 1443 2566 placabilior.
1471 2515 1514 2525 -
1539 2475 1572 2558 6,
1601 2474 1653 2542 26.

418 2584 627 2671 Agrippinae
660 2585 837 2672 pernicies,
874 2584 965 2672 quod
1003 2586 1061 2649 vix
1095 2584 1267 2658 credibile,
1305 2583 1502 2650 Plancinam
1538 2584 1654 2648 traxit.

418 2690 530 2780 Nupta
546 2690 627 2757 olim
643 2691 706 2757 Cn.
723 2691 839 2756 Pisoni
852 2699 886 2757 et
899 2691 1011 2780 palam
1022 2691 1111 2758 laeta
1124 2699 1231 2757 morte
1242 2691 1490 2768 Germanici...,
1500 2688 1657 2780 precibus

417 2800 593 2885 Augustae
605 2821 665 2863 nec
677 2799 790 2863 minus
803 2799 989 2863 inimicitiis
1000 2799 1211 2888 Agrippinae
1224 2798 1361 2864 delensa
1371 2806 1483 2865 erat...
1501 2798 1652 2877 Petita...

416 2905 615 2971 criminibus
640 2904 731 2970 haud
757 2905 885 2993 ignotis
911 2929 973 2970 sua
997 2929 1101 2971 manu
1127 2928 1200 2971 sera
1230 2906 1345 2993 magis·
1361 2927 1462 2993 quam
1488 2904 1654 2969 immerita

417 3011 581 3101 supplicia
601 3012 796 3101 persolvit¹.
855 3070 858 3077 .

371 3118 599 3185 PLANCIVS
612 3119 794 3185 VARVS⁴².
814 3158 857 3170 -
873 3119 917 3200 ll,
936 3119 991 3185 63.
1008 3119 1213 3207 (Cornelius)
1230 3118 1406 3185 Dolabella
1423 3118 1471 3203 (in
1487 3116 1655 3183 coloniam

415 3227 622 3316 Aquinatem
646 3226 688 3292 ab
713 3227 846 3292 Othone
873 3228 1059 3314 sepositus)
1085 3226 1199 3293 audita
1227 3235 1335 3292 morte
1362 3226 1507 3292 Othonis
1536 3224 1653 3290 urbem

416 3335 600 3399 introierat.
620 3334 658 3399 ld
673 3334 702 3398 ei
719 3333 877 3400 Plancius
891 3334 1000 3399 Varus
1014 3343 1170 3423 praetura
1187 3334 1334 3411 iunctus,
1353 3355 1394 3398 ex
1410 3333 1538 3397 intimis
1552 3331 1653 3396 Dola·

415 3441 523 3507 bellae
539 3443 667 3521 amicis,
691 3442 780 3529 apud
804 3441 957 3506 Flavium
982 3441 1146 3508 Sabinum
1170 3442 1375 3531 praelectum
1399 3440 1492 3505 urbis
1516 3439 1650 3517 obiecit,

415 3557 587 3638 tamquam
616 3558 714 3636 rupta
741 3549 893 3614 custodia
919 3549 1039 3614 ducem
1065 3572 1100 3613 se
1127 3550 1225 3614 victis
1251 3547 1404 3637 partibus
1432 3555 1648 3613 ostentasset.

414 3657 557 3722 Addidit
591 3664 791 3743 temptatam
822 3657 1006 3730 cohortem,
1044 3679 1129 3744 quae
1160 3656 1275 3721 Ostiae
1309 3662 1436 3742 ageret.
1472 3653 1541 3718 Nec
1574 3654 1653 3719 ullis

413 3773 585 3829 tantorum
608 3764 788 3828 criminum
811 3763 1068 3850 probationibus
1089 3764 1123 3827 in
1146 3744 1388 3850 paenitentiam
1403 3784 1522 3826 versus
1542 3784 1650 3825 seram

411 3873 546 3936 veniam
566 3880 643 3959 post
663 3870 773 3936 scelus
793 3870 988 3959 quaerebat.

369 3981 433 4058 Ὀ.
458 3980 693 4058 PLANTIVS.
715 4004 748 4044 v.
772 3980 812 4058 Q.
837 3978 1071 4043 l'LAVTlVS.

368 4087 557 4152 'PLATlV
561 4088 595 4164 S,
614 4111 646 4152 v.
666 4088 709 4149 A.
730 4086 965 4151 PLAvl'lt's.

370 4195 529 4259 PLATO.
546 4232 590 4243 —
611 4195 648 4256 (l.
676 4197 729 4257 31.
757 4221 772 4256 ιι
798 4193 852 4258 Ad
874 4192 1023 4279 (sensus)
1045 4190 1333 4279 permovendos...
1348 4188 1533 4264 dabunt...,
1552 4188 1649 4253 Plato

412 4301 665 4365 altitudinem...
699 4328 714 4363 ι)
742 4339 777 4348 -
806 4302 858 4364 32.
885 4329 900 4359 ιι
931 4299 1207 4374 Demosthenem,
1234 4320 1335 4385 quem
1360 4295 1646 4360 studiosissimum

413 4408 565 4472 Platonis
585 4408 771 4472 auditorem
793 4408 896 4471 luisse
916 4407 1097 4471 memoriae
1118 4405 1290 4492 proditum
1310 4411 1372 4468 est.
1399 4428 1415 4466 a

367 4514 561 4595 PLAVTll,
586 4539 618 4579 v.
642 4514 864 4579 PLAl'l'lt'S
887 4513 1159 4578 LATEltANl'S
1181 4513 1249 4599 (ιι,
1275 4512 1342 4597 3ο).

366 4622 409 4687 A.
438 4621 692 4687 PLAVT1V53.
717 4661 759 4670 —
787 4624 835 4700 13,
864 4622 916 4686 32.
943 4620 1130 4707 Pomponia
1156 4619 1319 4683 Graecina
1341 4618 1484 4703 insignis
1507 4618 1644 4695 lomina,

398 4804 405 4837 ¹
424 4803 456 4850 V.
475 4804 557 4851 etiam
572 4803 595 4860 3,
614 4803 651 4850 33.

396 4885 407 4918 2
425 4883 461 4931 hl.
481 4883 604 4931 l'laucius
618 4883 714 4931 Varus.
737 4883 857 4934 l'nosor..
875 4883 930 4938 334.
943 4881 1021 4943 Vulg.
1034 4885 1097 4930 aute
1116 4881 1168 4933 lac.
1182 4881 1350 4929 Gronovium
1366 4880 1520 4930 :Plautian

397 4964 408 4997 ³
424 4963 546 5018 l'nasur..
563 4964 616 5021 344.
