3709 6234
788 890 995 943 vutuuacsus
1476 882 1525 938 761

292 1032 448 1119 proprias
463 1031 637 1096 clientelas
652 1054 715 1119 ope
730 1031 928 1119 Vologaesis
944 1032 1057 1098 lratris
1072 1030 1218 1110 adiutus,
1233 1053 1300 1094 non
1316 1029 1431 1094 lurtim
1447 1028 1526 1106 iam,

290 1138 350 1202 sed
382 1138 494 1226 palam
529 1138 619 1204 bello
657 1138 824 1203 infensare
850 1139 1090 1204 Armeniam...
1114 1138 1310 1224 (Tiridates)
1329 1134 1526 1201 mittebat...

292 1244 348 1331 (ad
379 1243 621 1334 Corbulonem)
656 1254 807 1311 oratores
834 1246 975 1312 :...ideo
1000 1245 1150 1310 nondum
1175 1246 1285 1332 ipsum
1314 1243 1524 1329 Vologaesen

291 1361 510 1427 commotum,
526 1354 605 1440 quia
629 1376 730 1418 causa
745 1375 847 1441 quam
869 1354 902 1417 vi
926 1376 1025 1439 agere
1040 1352 1221 1419 mallent...
1238 1351 1292 1415 ,td
1308 1374 1346 1415 ea
1367 1348 1526 1428 Corbulo,

291 1468 375 1532 satis
390 1476 562 1556 comperto
587 1469 797 1556 Vologaesen
818 1468 1006 1534 delectione
1028 1468 1218 1556 Hyrcaniae
1240 1467 1387 1542 attineri,
1410 1464 1530 1529 suadet

292 1575 524 1640 Tiridati...—
540 1578 589 1654 11,
613 1578 665 1641 15.
684 1576 914 1665 Miserantque
931 1577 1078 1664 llyrcani
1090 1575 1132 1641 ad
1142 1575 1327 1663 principem
1340 1575 1530 1638 llomanum

292 1682 487 1747 societatem
505 1692 650 1760 oratum,
667 1684 831 1749 attineria
848 1706 884 1748 se
906 1684 933 1744 V
937 1684 1117 1770 ologaesen
1134 1706 1194 1770 pro
1207 1683 1348 1771 pignore
1363 1679 1529 1744 amicitiae

292 1797 514 1855 ostentantes.
543 1829 586 1838 -
616 1792 665 1866 15,
697 1815 724 1857 1.
750 1791 879 1856 Interea
896 1814 955 1856 rex
975 1790 1177 1856 Parthorum
1194 1788 1399 1875 Vologaeses
1413 1786 1529 1872 cogni-

294 1896 336 1961 tis
360 1896 564 1961 Corbulonis
584 1898 685 1962 rebus
709 1921 889 1986 regemque
914 1897 1140 1986 alienigenam
1160 1897 1328 1983 Tigranen
1350 1893 1530 1958 Armeniae

293 2003 546 2090 iinpositum...,
568 2004 615 2068 ire
637 2004 745 2070 ultum
765 2005 895 2076 volens,
918 2004 1151 2091 magnitudine
1176 2026 1309 2068 rursum
1335 2004 1527 2067 llornana...

292 2110 444 2175 diversas
460 2112 503 2176 ad
518 2135 616 2177 curas
633 2112 838 2186 trahebatur,
856 2121 1034 2177 cunctator
1048 2112 1183 2198 ingenio
1204 2163 1224 2177 ..
1243 2148 1287 2161 -
1307 2109 1357 2188 15,
1375 2133 1406 2174 a.
1425 2109 1531 2194 Igitur

292 2226 483 2283 commotus
499 2219 551 2283 his
568 2218 774 2306 Vologaeses
791 2219 972 2284 concilium
986 2227 1085 2284 vocat
1101 2227 1134 2284 ct
1152 2219 1344 2306 proximum
1367 2215 1431 2280 sibi
1444 2216 1529 2280 Tiri-

292 2325 394 2389 daten
405 2326 582 2392 constituit
592 2335 693 2415 atquc
708 2328 752 2391 ita
763 2327 935 2393 orditur...
949 2365 989 2375 -
1005 2328 1054 2400 15,
1068 2327 1099 2391 3.
1111 2325 1289 2414 (Corbulo)
1304 2325 1526 2411 scripserat...

293 2432 428 2519 Syriam
444 2433 621 2519 ingruente
643 2434 830 2521 Vologaeso
849 2435 978 2499 acriore
998 2434 1030 2497 in
1052 2433 1247 2498 discrimine
1265 2455 1351 2496 esse.
1368 2471 1405 2479 -
1424 2429 1475 2506 15,
1497 2432 1514 2492 5

295 2538 487 2605 Corbulo...
507 2540 599 2604 misit
615 2539 656 2604 ad
671 2540 896 2628 Vologaesen,
913 2541 969 2629 qui
982 2540 1238 2628 expostularent
1254 2540 1323 2603 vim
1337 2536 1530 2625 provinciae

295 2646 477 2713 inlatam...
498 2648 679 2733 Vologaesi
701 2657 799 2713 retus
816 2657 850 2713 et
873 2650 1011 2736 penitus
1027 2648 1168 2712 inllxum
1185 2656 1256 2712 erat
1271 2669 1362 2710 arma
1379 2646 1531 2708 llomana

296 2754 437 2831 vitandi,
455 2777 516 2819 nec
531 2756 721 2842 praesentia
740 2779 898 2844 prospere
913 2755 1104 2822 ssuebant...
1124 2793 1164 2805 —
1190 2756 1238 2821 15.
1261 2753 1293 2821 6.
1316 2753 1386 2818 Alii
1399 2752 1532 2817 occulto

296 2860 737 2948 pepigisse(Corbulonem)
764 2862 1085 2951 interpretabantur,
1114 2870 1152 2928 ut
1176 2862 1321 2927 abeunte
1346 2860 1532 2946 Vologaeso

296 2968 458 3054 Tigranes
472 2991 607 3056 quoquc
626 2971 789 3034 Armenia
801 2969 1039 3036 abscederet...
1063 3002 1076 3029 a
1089 2970 1200 3035 Dilata
1216 2990 1354 3056 prorsus
1372 2990 1477 3045 arma,
1496 2976 1533 3032 ut

297 3075 503 3160 Vologaesus
516 3099 592 3140 cum
609 3077 675 3141 alio
689 3100 790 3165 quam
811 3102 887 3144 cum
905 3077 1097 3143 Corbulone
1117 3084 1335 3142 certaret...»
1357 3114 1399 3124 -
1431 3074 1480 3156 15,
1499 3099 1530 3162 7.

298 3180 368 3246 Sub
384 3182 473 3246 idem
494 3191 627 3270 tempus
653 3184 754 3272 legati
780 3184 990 3272 Vologaesis,
1012 3208 1098 3273 quos
1122 3184 1164 3247 ad
1188 3184 1373 3271 principem
1411 3182 1533 3246 missos

298 3290 493 3368 memoravi,
507 3299 673 3356 revertere
688 3291 780 3356 inriti
795 3291 991 3381 bellumque
1011 3291 1184 3380 propalam
1209 3300 1381 3378 sumptum
1410 3312 1428 3352 a
1453 3289 1533 3353 Par-

297 3395 438 3460 this.—
472 3396 521 3474 15,
557 3421 605 3464 ro.
635 3398 860 3483 (Caesennius
897 3400 1034 3487 l'aetus)
1068 3399 1316 3463 irmninentium
1355 3397 1530 3463 nescius...

299 3504 512 3591 (exercitum)
530 3505 771 3584 infirmaverat,
789 3506 896 3570 donec
912 3506 1095 3571 adventare
1112 3505 1322 3591 Vologaesen
1351 3528 1474 3591 magno
1501 3511 1534 3568 et

298 3610 430 3675 insenso
450 3612 586 3697 agmine
602 3612 796 3680 auditum...
816 3614 902 3691 Quia
919 3613 1033 3678 minus
1057 3614 1178 3678 acriter
1202 3612 1408 3696 Vologaeses
1437 3611 1534 3676 insti-

300 3725 397 3793 terat,
424 3741 511 3782 vana
527 3742 644 3784 rursus
665 3720 786 3785 liducia
803 3721 1000 3807 (Paetus)...
1018 3760 1057 3771 -
1080 3721 1131 3797 15,
1152 3743 1202 3785 11.
1236 3722 1284 3783 nt
1313 3719 1531 3805 VologaeseS,

299 3826 459 3911 quamvis
474 3825 614 3891 obsessa
635 3827 772 3892 aPaeto
792 3828 955 3894 itinera...
978 3829 1177 3915 accepisset,
1195 3827 1278 3891 nihil
1295 3834 1425 3892 mutato
1454 3849 1534 3891 con-

299 3930 463 3999 silio...-
484 3933 533 4012 15,
557 3934 605 3997 13.
624 3934 739 4024 quue
760 3935 924 3999 intentius
942 3936 1146 4022 Vologaeses
1161 3957 1311 4022 premere
1332 3934 1532 4001 obsessos...

299 4039 455 4124 (Paetus)
478 4040 646 4127 primas...
664 4041 794 4107 litteras
813 4042 857 4107 ad
877 4041 1087 4129 Vologaesen
1112 4066 1180 4107 non
1209 4043 1392 4130 supplices,
1416 4042 1476 4106 sed
1500 4043 1535 4106 in

300 4145 440 4211 modum
453 4149 627 4235 querentis
641 4151 874 4237 composuit...
890 4186 935 4199 -
955 4149 1005 4228 15,
1028 4152 1076 4227 11.
1096 4150 1152 4214 ad
1170 4173 1208 4214 ea
1224 4150 1430 4236 Vologaeses
1452 4149 1533 4214 nihil

300 4276 489 4340 procausa,
512 4253 570 4319 sed
590 4256 815 4343 opperiendos
844 4256 907 4321 sibi
947 4257 1067 4322 lratres
1099 4257 1265 4322 Pacorum
1291 4280 1329 4321 ao
1364 4256 1534 4322 Tiridaten

300 4362 515 4448 rescripsit...
535 4362 732 4451 Placuitque
753 4363 888 4429 liberari
903 4364 1035 4429 obsidio
1051 4365 1203 4452 legiones
1226 4372 1259 4429 et
1282 4364 1443 4429 decedere
1463 4388 1535 4428 om-

301 4491 378 4532 nem
403 4468 546 4533 militem
582 4469 706 4536 linibus
734 4472 1033 4548 Armeniorum...,
1057 4471 1182 4559 quibus
1206 4473 1408 4559 perpetratis
1441 4473 1536 4559 copia

302 4574 483 4662 Vologaesi
499 4577 594 4641 lieret
609 4577 765 4642 mittendi
788 4578 829 4642 ad
857 4579 1025 4643 Neronem
1055 4579 1198 4666 legatos,
1217 4616 1257 4629 -
1292 4579 1342 4656 15,
1366 4579 1535 4644 1511010-

301 4704 430 4768 gaeses,
468 4684 571 4747 armis
599 4692 632 4749 et
660 4684 859 4772 corporibus
893 4708 1068 4750 caesorum
1094 4686 1276 4774 aggeratis,
1308 4709 1375 4774 quo
1405 4685 1535 4751 cladem

301 4798 452 4852 nostram
483 4797 675 4870 testaretur,
710 4793 785 4856 visu
816 4793 1019 4879 fugientium
1039 4792 1213 4879 legionum
1234 4791 1410 4860 abstinuit.
1433 4792 1535 4857 Fama

302 4893 543 4960 moderationis
558 4897 862 4984 querebatur...—
893 4901 944 4977 15,
968 4924 1016 4985 ¹7·
1056 4899 1277 4982 (Caesennius
1305 4899 1429 4964 Paetus
1455 4900 1536 4965 Cor-

302 5000 419 5066 buloni
433 5004 679 5089 respondit)...,
702 5006 807 5070 iuncti
827 5005 1027 5071 invaderent
1041 5006 1239 5071 Armeniam
1255 5005 1415 5070 abscessu
1433 5006 1535 5070 Vela·
