3709 6234
366 851 418 906 190
927 858 1087 911 catavsra

365 975 567 1043 CHAVCF.
581 1017 624 1027 —
649 1003 676 1058 r,
700 978 754 1044 38.
778 978 815 1042 ln
830 978 975 1045 Chaucis
999 989 1198 1070 coeptavere
1219 983 1419 1048 seditionem
1440 984 1643 1072 praesidium

408 1084 576 1170 agitantes
597 1085 764 1151 vexillarii
784 1087 992 1152 discordium
1021 1087 1205 1175 legionum.
1225 1127 1265 1139 -
1290 1114 1318 1165 1,
1345 1089 1399 1158 60.
1418 1091 1546 1156 Chauci
1566 1115 1642 1156 cum

409 1192 533 1256 auxilia
554 1192 788 1280 (Germanico)
804 1194 1055 1282 pollicerentur.
1085 1197 1120 1261 in
1144 1196 1381 1262 commilitium
1397 1197 1516 1263 adsciti
1549 1206 1640 1265 sunt.

408 1339 450 1349 -
476 1323 507 1368 2.
535 1324 583 1387 ¹7·
602 1299 748 1378 Quidam
763 1302 989 1388 (rlrrrrinium)
1011 1303 1187 1388 adgnitum
1209 1302 1388 1368 aChaucis
1409 1305 1498 1370 inter
1517 1304 1641 1370 auxilia

410 1407 561 1471 llomana
580 1407 761 1493 agentibus
780 1409 1009 1497 eruissumque
1026 1410 1248 1479 tradiderunt.
1263 1448 1306 1459 -
1324 1435 1354 1485 α,
1378 1415 1431 1489 ad.
1459 1411 1539 1477 Sola
1562 1412 1644 1476 Ger·

408 1514 530 1579 manici
543 1514 689 1579 triremis
713 1515 928 1582 Chaucorum
944 1524 1069 1583 terram
1094 1516 1237 1605 adpulit.
1253 1555 1296 1568 -
1316 1542 1365 1598 rr,
1401 1519 1450 1585 18.
1470 1518 1535 1583 Per
1553 1518 1642 1584 idem

408 1628 540 1708 tempus
567 1622 704 1700 Chauci,
738 1622 830 1687 nulla
876 1623 1088 1689 dissensione
1122 1624 1212 1689 domi
1250 1632 1284 1690 et
1320 1634 1427 1691 morte
1464 1624 1642 1714 Sanquinii

409 1728 577 1816 (Maximi)
593 1729 732 1808 alacreS,
755 1730 837 1794 dum
853 1730 1001 1795 Corbulo
1018 1731 1191 1809 adventat,
1214 1731 1407 1797 interiorem
1427 1733 1642 1798 Germaniam

408 1837 622 1901 incursavere
639 1836 723 1902 duce
740 1837 932 1904 Gannasco,
949 1877 987 1888 -
1013 1863 1061 1908 rr.
1085 1863 1121 1928 ¹9
1152 1839 1280 1919 Missis,
1298 1840 1356 1927 qui
1372 1839 1515 1904 maiores
1532 1840 1642 1905 Chau-

408 1942 521 2008 cosad
537 1943 742 2009 deditionem
770 1944 1008 2031 pellicerent...
1036 1946 1146 2012 Caede
1163 1946 1360 2032 (Gannasci)
1391 1955 1500 2012 motae
1528 1946 1642 2012 Chau-

408 2073 523 2115 corum
544 2060 684 2115 mentes.
700 2089 745 2101 -
767 2053 816 2128 13,
841 2055 894 2116 55.
921 2053 1172 2140 Ampsivarii...
1193 2053 1282 2140 pulsi
1306 2076 1324 2117 a
1342 2053 1487 2120 Chaucis
1506 2061 1540 2119 et
1555 2053 1643 2119 sedis

408 2158 524 2246 inopes
542 2164 652 2222 tutum
673 2158 811 2223 exilium
834 2159 989 2225 orabant.
1002 2199 1045 2208 —
1062 2160 1118 2234 IV,
1149 2186 1202 2249 79.
1224 2160 1502 2248 Flagrantissima
1518 2162 1642 2225 cohor-

409 2266 492 2330 tium
505 2255 593 2352 (lulii
615 2265 791 2351 Civilis)...
809 2290 826 2331 e
848 2266 993 2332 Chaucis
1019 2267 1203 2355 Frisiisque
1224 2269 1451 2355 composita...
1470 2307 1512 2316 —
1526 2269 1568 2349 l',
1591 2293 1639 2353 19.

410 2372 510 2437 Civili
535 2372 900 2438 Chaucorum'auxilia
924 2396 1057 2440 venere.
1076 2413 1119 2422 -
1148 2375 1187 2454 G,
1220 2375 1273 2440 35.
1309 2375 1521 2440 Chaucorum
1544 2397 1640 2461 genS,

410 2502 615 2568 quamquam
632 2479 771 2567 incipiat
787 2503 805 2543 a
827 2479 944 2545 Frisiis
959 2504 997 2545 ac
1022 2488 1150 2570 partem
1173 2481 1281 2545 litoris
1300 2489 1454 2570 occupet.
1473 2482 1639 2560 omnium,

409 2610 494 2676 quas
514 2587 667 2674 exposui,
694 2587 846 2675 gentium
875 2587 1037 2653 lateribus
1070 2587 1276 2668 obtenditur,
1307 2588 1413 2653 donec
1442 2589 1477 2653 in
1501 2588 1643 2653 Chattos

409 2717 514 2782 usque
535 2694 699 2761 sinuetur.
717 2694 799 2759 Tam
827 2695 1030 2760 immensum
1052 2703 1222 2760 terrarum
1256 2696 1400 2782 spatium
1430 2719 1498 2760 non
1526 2701 1643 2761 tenent

409 2809 540 2867 tantum
556 2800 695 2879 Chauci,
717 2801 777 2867 sed
796 2809 830 2867 et
846 2801 1000 2889 implent,
1022 2802 1167 2889 populus
1190 2803 1278 2868 inter
1290 2803 1478 2868 Germanos
1504 2802 1642 2868 nobilis-

409 2908 527 2987 simus,
543 2908 667 2996 quique
683 2908 952 2995 magnitudinem
973 2931 1069 2973 suam
1087 2908 1184 2974 malit
1198 2909 1325 2975 iustitia
1353 2910 1449 2975 tucri.
1470 2947 1506 2958 -
1531 2910 1583 2973 36.
1603 2909 1641 2973 ln

411 3015 514 3081 latere
530 3015 744 3080 Chaucorum
764 3016 1032 3104 Chattorumque
1053 3014 1257 3082 Cherusci...

366 3123 661 3188 CIIERVSCI.-
693 3147 719 3198 1,
747 3122 801 3187 56.
835 3122 959 3188 Fuerat
978 3123 1111 3187 animus
1140 3123 1320 3188 Cheruscis
1348 3124 1461 3188 iuvare
1485 3123 1639 3198 Chattos,

409 3229 468 3295 sed
486 3230 648 3296 exterruit
663 3229 817 3294 Caecina.
834 3267 876 3277 -
897 3254 923 3309 1,
949 3230 1002 3318 59.
1036 3230 1239 3316 (Arminius)
1260 3228 1465 3296 volitabat...
1483 3252 1542 3319 per
1557 3230 1642 3295 Che-

409 3361 536 3420 ruscos,
564 3360 697 3403 arma...
716 3360 870 3424 poscens.
889 3375 932 3384 -
959 3359 987 3416 r,
1020 3337 1072 3401 60.
1096 3336 1227 3402 Conciti
1251 3359 1310 3423 per
1340 3337 1420 3402 haec
1451 3360 1518 3402 non
1542 3335 1642 3401 modo

413 3446 587 3522 Cherusci,
603 3444 660 3509 sed
677 3444 906 3509 conterminae
921 3454 1052 3529 gentes.
1066 3482 1109 3492 -
1133 3468 1160 3522 ι,
1179 3444 1232 3520 aa.
1251 3443 1432 3508 Cheruscis
1445 3451 1539 3509 sueta
1555 3443 1643 3530 apud

409 3553 550 3641 paludes
564 3551 702 3640 proelia.
731 3573 868 3637 procera
898 3550 1060 3622 membra,
1080 3551 1196 3615 hastae
1212 3551 1380 3638 ingentes.
1397 3591 1439 3602 -
1466 3576 1496 3632 a,
1514 3576 1546 3637 p.
1565 3549 1642 3614 Flu·

409 3684 485 3726 men
509 3659 664 3744 Visurgis
703 3659 873 3722 llomaaos
917 3657 1174 3745 Cheruscosque
1204 3657 1431 3724 interfluebat.
1453 3694 1497 3707 -
1524 3683 1555 3733 2,
1590 3678 1639 3723 ιι.

410 3766 685 3851 (Chariovaldam
701 3765 899 3853 equitesque
931 3764 1090 3851 Batavos)
1117 3765 1279 3829 Cherusci
1301 3764 1414 3851 lugam
1442 3764 1642 3830 simulantes

410 3877 442 3939 ia
459 3873 632 3962 planitiem
661 3872 802 3936 saltibus
817 3871 1066 3936 circumiectam
1087 3880 1231 3936 traxere.
1248 3911 1290 3919 —
1316 3896 1347 3951 2,
1385 3872 1434 3938 16.
1460 3870 1531 3936 Soli
1556 3871 1641 3936 Che-

410 3983 497 4045 rusci
518 3982 594 4065 iuga
610 3979 771 4044 insedere.
792 4016 832 4026 -—
854 4003 885 4051 2,
909 4003 956 4064 ¹7·
975 3979 1064 4041 Visis
1088 3978 1337 4044 Cheruscorum
1354 3979 1540 4044 catervis...
1557 3978 1643 4042 vali-
1726 3981 1732 3994 ‘

408 4087 566 4152 dissimos
582 4086 733 4173 equitum
758 4086 927 4150 incurrere
943 4084 1073 4149 latus...
1098 4084 1190 4150 iubet
1218 4085 1512 4173 (Germanicusl...
1540 4085 1642 4150 Medii

408 4197 496 4259 iuter
511 4194 654 4278 (hostes)
684 4192 845 4257 Cherusci
875 4192 1019 4255 collibus
1046 4191 1385 4259 detrudebautur.-
1417 4217 1447 4272 2,
1484 4217 1533 4282 ¹9·
1570 4192 1642 4256 Nisi

409 4302 500 4391 quod
516 4300 604 4365 latus
618 4322 723 4363 unum
748 4299 944 4385 Angrivarii
961 4298 1029 4363 lato
1049 4322 1171 4386 aggere
1193 4299 1398 4379 extulerunt,
1411 4310 1478 4388 quo
1507 4323 1525 4364 a
1553 4299 1641 4364 Che-

408 4410 514 4476 ruscis
538 4408 787 4472 dirimerentur.
808 4443 849 4455 -
874 4430 904 4485 a,
948 4405 1001 4469 nli.
1039 4405 1206 4483 (Tiberius
1234 4415 1349 4472 monet
1389 4406 1642 4494 Germanicum)

409 4541 507 4604 posse
523 4523 555 4580 et
567 4514 755 4578 Cheruscos
770 4520 966 4601 ceterasque
982 4512 1158 4578 rebellium
1181 4522 1341 4601 gentes...
1360 4514 1503 4579 internis
1516 4513 1642 4579 discor-

409 4624 474 4687 diis
490 4621 645 4709 relinqui.
665 4660 707 4668 -
728 4645 759 4698 2,
778 4623 831 4697 dr.
864 4621 1128 4686 Germanicus...
1152 4620 1375 4709 triumphavit
1401 4621 1442 4685 de
1463 4620 1641 4685 Cheruscis

411 4729 608 4815 Chattisque
622 4735 655 4792 et
670 4728 894 4813 Angrivariis,
913 4751 1066 4815 (quaeque
1082 4725 1167 4792 aliae
1182 4728 1335 4792 nationes
1349 4727 1509 4815 usquead
1526 4727 1641 4791 Albim

399 4974 405 5007 ¹
423 4971 571 5018 lter-caldus
588 4987 593 5019 :
610 4968 952 5030 Gan‹·t.quam1ecti0nem
968 4967 1022 5028 (vel
1041 4964 1156 5020 Genetri)
1166 4964 1273 5025 saepius
1288 4962 1399 5010 exhibet
1418 4960 1444 5013 Μ
1461 4962 1537 5010 alter.
