3709 6234
782 857 906 911 nosram
1433 853 1483 911 581

252 998 285 1065 in
307 996 476 1087 plerisque
504 998 637 1064 iudiciis
661 999 812 1065 crederet
839 997 986 1087 populus
1027 1000 1199 1066 llomanus
1226 1021 1286 1065 sua
1311 998 1485 1081 interesse,

252 1106 334 1195 quid
358 1107 573 1175 iudicaretur.
591 1131 607 1172 a

210 1217 243 1293 a)
270 1215 607 1300 ltoussr(unirersi).
634 1252 673 1265 -
700 1238 725 1292 r,
745 1213 799 1279 58.
838 1213 1018 1302 (Loquitur
1051 1214 1225 1300 Segestes)
1277 1240 1293 1277 a
1326 1214 1488 1279 ltonranis

252 1323 497 1410 Germanisque
513 1321 600 1387 idem
615 1321 842 1387 conducere...
859 1320 1055 1409 probabam.
1073 1349 1135 1380 ›r-
1155 1320 1489 1408 r.60.lnguiomerus

311 1436 422 1493 vetere
442 1428 531 1516 apud
548 1429 720 1493 llomanos
735 1427 946 1493 auctoritate.
962 1467 998 1478 -
1014 1452 1044 1504 2,
1069 1429 1121 1494 25.
1140 1427 1289 1494 Invictos
1320 1437 1354 1493 et
1386 1429 1489 1494 nullis

200 1582 207 1599 .
254 1536 387 1601 casibus
407 1535 615 1622 superabiles
634 1534 1055 1623 llomanospraedicabant
1077 1535 1279 1623 (Germani).
1310 1574 1353 1585 -
1383 1562 1414 1618 2,
1433 1539 1487 1615 (l.

256 1644 415 1710 lliseessu
437 1642 707 1710 llonaanorum...
727 1665 819 1707 arma
840 1642 924 1706 inse
942 1650 1113 1709 verterant
1127 1643 1328 1731 (Germani).
1341 1682 1384 1693 —
1398 1647 1487 1724 apia.

258 1752 448 1839 (Arminius
469 1750 666 1816 hortabatur
680 1750 874 1838 populares)
891 1751 1124 1816 meminissent
1147 1750 1247 1816 modo
1278 1759 1327 1817 tot
1346 1751 1489 1839 proelio·

256 1881 342 1932 rum,
361 1880 503 1947 quorum
523 1864 693 1921 errentuet
704 1856 745 1921 ad
761 1864 969 1944 postremum
982 1858 1097 1923 eiectis
1108 1856 1313 1926 Romania...
1331 1897 1373 1907 —
1388 1881 1419 1928 a.
1435 1859 1487 1936 (6.

256 1964 527 2044 Maroboduus..
546 1962 773 2030 testabatur...
793 1965 890 2051 (non)
910 1966 1092 2051 paenitere,
1110 1964 1201 2054 quod
1231 1965 1380 2055 ipsorum
1396 1966 1491 2055 (Ger-

257 2073 446 2161 manorum)
471 2073 506 2136 in
531 2094 632 2136 manu
667 2072 711 2136 sit
737 2072 905 2158 integrum
953 2071 1133 2138 adversum
1162 2073 1332 2138 llomanos
1363 2073 1491 2139 bellurn

257 2205 297 2246 an
313 2205 429 2269 pacem
450 2180 661 2244 incruentam
682 2178 843 2246 malint...
864 2179 1077 2267 Responsum
1093 2189 1145 2246 est
1170 2183 1203 2267 (a
1216 2180 1348 2246 Tiberio
1370 2181 1492 2267 legatis

257 2287 471 2374 Marobodui)
496 2310 562 2351 non
588 2287 658 2351 iure.
696 2310 771 2351 eum
807 2286 969 2351 adversus
998 2286 1187 2353 Cheruscos
1216 2311 1307 2353 arma
1340 2287 1492 2354 llomana

257 2397 424 2472 invocaro,
442 2395 499 2483 qui
514 2402 706 2481 pugnantes
723 2394 756 2457 in
777 2392 934 2458 eumdem
947 2394 1077 2460 hostem
1109 2394 1281 2459 llomanos
1308 2393 1400 2460 nulla
1429 2418 1492 2483 ope

258 2504 410 2569 iuvisset.
425 2542 467 2551 -
485 2526 516 2582 a,
540 2502 592 2569 56.
617 2501 800 2584 (Armenii)
813 2500 982 2566 maximis.
1006 2553 1012 2566 .
1031 2501 1180 2589 imperiis
1193 2502 1358 2568 interiecti
1374 2509 1407 2567 et
1421 2525 1492 2568 sae·

256 2613 333 2701 pius
348 2610 522 2700 discordes
537 2617 629 2688 sunt,
654 2608 816 2673 adversus
833 2609 1004 2673 Romanos
1020 2608 1097 2673 odio
1108 2619 1141 2675 et
1157 2610 1190 2673 in
1206 2610 1368 2675 Parthum
1403 2611 1492 2676 invi-

262 2720 328 2784 dia.
344 2759 387 2767 —
409 2745 440 2796 a,
457 2719 509 2782 58.
537 2716 595 2780 Ad
611 2741 648 2781 ea
666 2717 888 2781 Germanicus
908 2716 949 2782 de
964 2717 1124 2782 societate
1152 2718 1380 2784 llomanorum
1410 2719 1492 2783 Par-

259 2828 458 2914 thorumque
481 2826 698 2910 nragnilice...
722 2824 968 2912 respondit.—
996 2850 1027 2896 a.
1050 2824 1103 2901 84.
1134 2825 1246 2913 (Natis
1280 2827 1390 2891 Druso
1423 2826 1491 2890 lilio

257 2935 387 2999 duobus
401 2933 545 3019 geminis
556 2932 634 2996 liliis
647 2931 800 2996 Tiberius
825 2955 892 2996 non
910 2932 1123 3020 temperavit)
1149 2934 1229 3020 quin
1251 2934 1389 3000 iactaret
1403 2934 1492 3022 apud

257 3052 370 3131 patres
386 3042 469 3106 nulli
491 3049 568 3105 ante.
583 3040 811 3106 llomanorum
828 3040 977 3105 eiusdem
992 3039 1118 3126 fastigii
1133 3041 1205 3105 viro
1225 3042 1394 3128 geminam
1414 3042 1493 3107 stir-

258 3174 332 3238 pem
349 3149 486 3214 editam
509 3188 551 3197 -
574 3173 604 3227 2,
626 3149 681 3214 88.
700 3149 875 3213 Arminius
891 3147 1151 3213 abscedentibus
1167 3148 1329 3213 llomanis
1346 3157 1380 3214 et
1393 3148 1492 3237 pulso

258 3256 465 3325 Maroboduo
487 3278 627 3340 regnum
648 3256 862 3322 adfectans..
892 3255 1097 3320 Graecorum
1113 3256 1292 3321 annalibus
1312 3257 1491 3343 ignotus...

259 3365 420 3431 llornanis
437 3362 524 3427 haud
536 3362 673 3449 perinde
690 3362 842 3428 celebris.
860 3399 901 3412 -
923 3363 955 3441 3,
983 3365 1035 3439 (1.
1063 3363 1241 3450 Spectatus
1267 3372 1299 3429 et
1337 3363 1493 3427 Sacrovir

261 3495 453 3559 ...pugnarn
488 3493 548 3558 pro
592 3470 751 3533 ltornanis
777 3470 944 3536 ciens-
971 3469 1003 3548 3,
1042 3469 1092 3547 (5.
1112 3469 1244 3556 (Florus
1270 3478 1301 3535 ct
1323 3471 1492 3556 Sacrovir)

260 3603 444 3644 memorare
468 3585 598 3643 veteres
618 3576 793 3641 Gallorum
818 3577 943 3663 glorias
977 3600 1130 3665 quaeque
1161 3577 1322 3642 llomanis
1351 3577 1493 3643 adversa

260 3687 465 3751 intulissent.
489 3724 531 3733 -
554 3688 581 3762 (.
604 3684 870 3761 sauromatas
909 3682 1041 3749 Gordus
1074 3683 1320 3771 postulatur...
1358 3684 1490 3773 quod...

261 3795 299 3859 tl.
319 3794 473 3858 tlassiurn
490 3793 720 3855 lloruanorum
739 3789 894 3855 ultimum
911 3790 1064 3856 dixisset.
1083 3830 1125 3839 —
1152 3790 1183 3870 d,
1202 3791 1255 3856 31.
1282 3790 1493 3876 (Artabanus

260 3925 317 3966 rex
336 3899 550 3984 Parthorum)
574 3905 664 3962 metu
679 3898 871 3962 Germanici
891 3897 978 3962 lidus
995 3897 1172 3964 llomanis.
1197 3935 1241 3948 -
1261 3923 1311 3978 rr,
1334 3923 1382 3986 ¹7·
1403 3898 1493 3985 (llex

260 4012 506 4075 tllreruscorum
536 4006 672 4072 Italicus
707 4005 947 4091 testabatur)...
984 4029 1045 4071 nec
1080 4015 1209 4094 patrem
1247 4006 1373 4079 rubori,
1403 4007 1494 4095 quod

261 4119 360 4183 tidem
381 4116 542 4180 adversus
560 4114 730 4178 llomanos
758 4112 950 4179 volentibus
988 4114 1166 4179 Germanis
1197 4121 1367 4201 sumptam
1398 4137 1493 4179 num-

260 4249 359 4313 quam
386 4223 625 4287 omisisset-
653 4247 700 4292 12,
724 4223 771 4284 nt.
792 4251 805 4276 ι·
837 4220 1064 4298 Mithridates,
1080 4220 1201 4309 inquit,
1231 4229 1316 4286 terra
1343 4221 1493 4310 marique

260 4333 495 4418 ltornanisper
525 4339 573 4395 tot
603 4354 709 4394 arnnos
739 4329 913 4417 quaesitus
949 4337 1068 4416 sponte
1097 4329 1228 4395 adsum.
1253 4355 1270 4390 a
1302 4332 1489 4407 -ra,1((.

261 4440 387 4507 liodenr
403 4462 491 4502 anno
506 4436 631 4501 bellam
647 4437 733 4501 inter
749 4436 928 4500 Armenios
961 4435 1169 4524 Hiberosque
1185 4444 1341 4501 exortum
1358 4436 1493 4501 Parthis

261 4571 393 4636 quoque.
410 4572 446 4610 ar
463 4545 624 4608 llomanis
645 4543 922 4630 gravissimorum
940 4543 1027 4607 inter
1047 4566 1082 4607 se
1103 4552 1256 4608 motuum
1295 4567 1395 4608 eausa
1417 4543 1491 4609 luit.

260 4697 302 4705 —
335 4681 381 4726 aa,
401 4654 455 4729 (5.
494 4652 739 4716 Pharasmanes
776 4650 855 4715 belli
883 4674 1002 4715 causas
1027 4651 1202 4737 contingit,
1222 4650 1399 4738 proelianti
1429 4650 1494 4715 sibi

261 4764 424 4827 adversas
439 4783 550 4845 regern
573 4758 783 4823 ,llbanorunr
798 4765 832 4823 ct
857 4758 1027 4821 llomanos
1056 4757 1181 4822 auxilio
1198 4759 1332 4824 vocanti
1357 4757 1493 4822 fratrem

259 4868 509 4955 (Mithridaten)
537 4865 763 4929 atlversatum.
791 4903 830 4914 -
855 4866 977 4941 ra‚:'›8.
1011 4864 1152 4931 Nero...
1184 4888 1283 4929 causa
1320 4864 1492 4930 lliensiurn
1529 4851 1534 4861 ⁸

261 4983 416 5064 suscepta
454 4976 643 5042 ltomanum
664 4972 761 5038 Troia
791 4970 1017 5038 demissum...
1053 4980 1244 5038 exsecutus.
1281 5011 1323 5022 -
1362 4972 1410 5042 13.
1437 4972 1491 5049 ll(
