3709 6234
859 872 948 926 SVEM
1488 868 1543 926 635

304 1015 488 1098 toditus...,
514 1016 578 1081 nisi
594 1014 840 1081 incolumitatis
854 1014 977 1102 cupido
1004 1014 1210 1082 retinuisset.
1228 1052 1271 1064 —
1291 1016 1342 1098 ιε’),
1360 1014 1415 1080 58.
1453 1013 1541 1080 Fae-

304 1124 421 1191 nius...
437 1123 589 1191 Rufus...
621 1123 773 1188 nondum
788 1122 831 1188 ab
859 1121 1028 1189 indicibus
1046 1122 1252 1189 nominatus,
1275 1175 1281 1189 .
1299 1121 1422 1187 Subrio
1437 1121 1542 1187 Flavo

184 1311 188 1316 ῃ
302 1230 480 1297 adsistenti
495 1230 738 1319 adnuentique,
756 1253 798 1295 an
819 1231 907 1296 inter
928 1230 1038 1318 ipsam
1064 1229 1294 1318 cognitionem
1318 1228 1543 1316 destringeret

303 1338 454 1426 gladium
467 1337 672 1427 caedemque
688 1336 862 1427 (Neronis)
876 1344 1037 1426 patraret,
1066 1337 1177 1403 renuit
1205 1335 1408 1426 infregitque
1435 1337 1543 1425 impe·

304 1453 377 1512 tum
389 1447 455 1511 iam
475 1469 613 1512 manum
628 1445 671 1511 ad
683 1444 843 1535 capulum
863 1445 1053 1511 referentis.
1074 1484 1110 1494 -
1140 1445 1189 1522 15,
1208 1442 1262 1510 65.
1282 1444 1384 1510 Fama
1400 1444 1464 1510 luit
1477 1444 1542 1510 Su·

305 1553 416 1619 brium
433 1553 576 1619 Flavum
589 1554 596 1595 ¹
610 1576 687 1619 cum
702 1552 957 1620 centurionibus
976 1552 1108 1618 occulto
1128 1551 1282 1629 consilio,
1299 1574 1408 1640 neque
1428 1560 1542 1617 tamen

302 1661 479 1749 ignorante
494 1660 635 1742 Seneca,
670 1661 894 1727 destinavisse
928 1668 967 1726 ut
996 1667 1075 1748 post
1103 1659 1252 1726 occisum
1280 1681 1381 1748 opera
1407 1660 1541 1724 Pisonis

303 1768 472 1834 Neronem
502 1768 580 1834 Piso
605 1791 738 1858 quoque
781 1768 1027 1834 interficeretur
1074 1766 1330 1855 tradereturque
1362 1768 1542 1855 imperium

302 1877 490 1951 Senecae...
508 1876 597 1955 Quin
613 1885 647 1943 et
661 1876 763 1942 verba
776 1875 896 1953 Flavit
911 1874 1152 1963 vulgabantur,
1164 1897 1232 1940 non
1247 1874 1371 1940 referre
1384 1874 1541 1941 dedecori

302 1984 331 2049 si
350 1984 566 2050 citharoedus
581 1983 817 2050 demoveretur
832 1990 866 2050 et
895 1982 1078 2072 tragoedus
1100 1982 1308 2048 succederet.
1340 2023 1382 2035 -
1413 1984 1461 2062 15,
1484 1981 1540 2072 67.

304 2089 386 2156 Mox
428 2090 624 2157 eorumdem
651 2090 776 2157 indicio
805 2089 948 2156 Subrius
977 2090 1102 2156 Flavus
1141 2073 1299 2155 tribunus
1324 2089 1540 2177 pervertitur,

303 2198 412 2287 primo
424 2197 737 2265 dissimilitudinem
772 2222 904 2263 morum
920 2197 961 2263 ad
982 2197 1214 2263 defensionem
1240 2197 1434 2276 trahens..,
1466 2197 1543 2261 dein

361 2305 741 2395 confessionisgloriam
771 2305 960 2394 amplexus.
994 2305 1292 2393 Interrogatusque
1321 2328 1340 2369 a
1367 2303 1541 2373 Nerone...

304 2412 381 2503 lpsa
396 2413 511 2480 rettuli
526 2413 672 2480 verba...
690 2414 803 2479 Poena
817 2413 912 2478 Flavi
927 2412 1067 2478 Veianio
1080 2412 1184 2498 Nigro
1196 2412 1330 2477 tribuno
1348 2411 1539 2478 mandatur.

305 2522 339 2587 ls
353 2522 508 2611 proximo
517 2522 551 2587 in
565 2544 646 2611 agro
662 2521 816 2587 scrobem
831 2520 932 2586 ellodi
950 2520 1059 2598 iussit,
1078 2543 1179 2609 quam
1197 2519 1336 2599 Flavus,
1360 2527 1399 2586 ut
1431 2520 1542 2585 humi-

304 2628 420 2695 lamet
439 2630 872 2717 angustamincrepans..,
899 2628 1162 2716 admonitusque
1184 2626 1315 2693 fortiter
1343 2626 1545 2715 protendere

305 2737 470 2803 cervicem
486 2759 516 2806 :c
540 2737 689 2815 Vtinam,
708 2736 766 2817 ait,
779 2742 816 2802 tu
840 2744 909 2801 tam
930 2736 1063 2802 fortiter
1078 2735 1189 2801 ferias.
1211 2762 1226 2795 n

260 2844 438 2910 SVEBAE
454 2843 641 2910 GENTES.
657 2883 700 2892 —
721 2868 752 2921 2,
770 2842 826 2922 45.
845 2842 872 2907 E
888 2865 1035 2931 regno...
1048 2841 1249 2909 Marobodui
1264 2841 1395 2908 Suebae
1409 2848 1541 2929 gentas,

305 2953 492 3018 Semnones
507 2975 545 3017 ac
561 2950 787 3039 Langobardi.

258 3058 397 3126 SVEBl.
415 3097 458 3110 -
479 3083 507 3139 r,
527 3062 579 3136 M·
602 3059 760 3124 Veterani
772 3057 862 3124 haud
878 3056 986 3124 multo
1004 3064 1084 3146 post
1102 3057 1136 3122 in
1157 3057 1312 3123 Raetiam
1346 3057 1541 3138 mittuntur,

302 3167 412 3256 specie
431 3165 663 3232 detendendae
673 3166 866 3253 provinciae
883 3164 926 3230 ob
952 3164 1170 3230 imminentes
1200 3163 1341 3232 Suebos
1375 3203 1418 3215 -
1439 3190 1470 3238 α,
1489 3164 1541 3231 26.

304 3273 473 3362 (Tiberius
488 3281 604 3339 monet
624 3273 868 3339 Germanicum
893 3273 1049 3353 consilio,
1066 3295 1134 3337 non
1150 3272 1197 3358 vi)
1219 3271 1349 3338 Suebos
1361 3295 1544 3360 ,regemque

305 3381 551 3449 Maroboduum
565 3403 648 3469 pace
662 3380 876 3447 obstrictum.
902 3418 941 3429 —
972 3404 1004 3461 a,
1022 3382 1077 3458 dt.
1107 3379 1212 3445 Suebi
1238 3379 1545 3468 praetendebantur

304 3490 337 3575 (a
353 3488 499 3569 Tiberio,
517 3495 555 3554 ut
572 3488 720 3554 Drusum
740 3489 775 3553 in
794 3487 967 3575 Illyricum
995 3487 1158 3572 mitteret)
1185 3486 1348 3552 auxilium
1382 3486 1545 3554 adversus

306 3595 496 3663 Cheruscos
531 3604 680 3662 orantes.
722 3632 759 3644 -
794 3621 825 3673 2,
855 3595 909 3660 62.
944 3594 1140 3683 (Catualda)
1172 3595 1285 3661 valida
1317 3618 1421 3661 manu
1460 3596 1545 3661 fines

306 3703 604 3770 Marcomanorum
655 3702 901 3790 ingreditur...,
933 3702 1097 3790 inrumpit
1138 3703 1265 3791 regiam
1315 3701 1546 3792 (Marobodui)

308 3810 555 3899 castellumque
593 3811 687 3876 iuxta
725 3809 839 3875 situm.
869 3812 1011 3876 Veteres
1039 3810 1107 3875 illic
1135 3809 1324 3876 Sueborum
1358 3811 1542 3899 praedae„

304 3957 348 3968 -
388 3944 419 3998 2,
441 3918 497 3985 63.
544 3916 587 3983 Et
622 3915 853 3983 Maroboduus
889 3917 1028 4006 quidem
1086 3918 1268 3984 Ravennae
1313 3917 1462 4001 habitus,
1516 3919 1544 3984 si

302 4024 438 4114 quando
459 4025 704 4091 insolescerent
739 4024 856 4104 Suebi,
887 4025 984 4113 quasi
1000 4024 1170 4091 rediturus
1199 4026 1233 4090 in
1251 4048 1394 4113 regnum
1432 4033 1545 4092 osten-

302 4133 448 4199 tabatur.
468 4170 509 4182 -
529 4157 578 4215 is,
598 4158 652 4219 ²9·
683 4132 836 4197 Vannius
863 4131 1014 4197 Suebis³
1036 4155 1055 4197 a
1083 4133 1194 4198 Druso
1207 4132 1351 4199 Caesare
1365 4134 1545 4222 impositus

302 4239 439 4328 pellitur
456 4263 573 4326 regno.
594 4238 678 4320 -l,
698 4264 728 4305 2.
761 4237 904 4304 Coortae
933 4240 968 4304 in
1003 4263 1065 4305 nos
1085 4241 1318 4306 Sarmatarum
1347 4264 1385 4306 ac
1418 4241 1545 4307 Suebo·

304 4371 378 4413 rum
409 4354 542 4435 gentes.
572 4386 615 4398 —
641 4345 702 4425 ΙΙΙ,
726 4345 974 4413 sumuntur
1006 4346 1040 4412 in
1067 4355 1181 4435 partes
1219 4347 1428 4435 (Flavianas)
1463 4348 1545 4415 Sido

302 4462 402 4542 atque
438 4453 576 4519 Italicus
614 4477 711 4541 reges
737 4453 939 4534 Sueborum,
976 4454 1053 4544 quis
1088 4462 1185 4521 vetus
1219 4455 1421 4544 obsequium
1465 4480 1545 4545 erga

303 4563 474 4626 Romanos
515 4569 547 4626 et
591 4584 675 4647 gens
719 4560 798 4627 fidei
831 4561 1030 4628 commilitio
1069 4562 1261 4652 patientior.
1309 4602 1351 4612 -
1385 4562 1445 4643 ΙΙΙ,
1482 4587 1537 4631 nr.

302 4668 382 4735 Sido
402 4676 503 4757 atque
523 4667 661 4734 Italicus
696 4668 798 4735 Suebi
827 4692 904 4735 cum
929 4668 1069 4736 delectis
1102 4669 1315 4760 popularium
1344 4671 1483 4758 primori
1503 4671 1538 4736 in

292 4845 300 4878 ¹
321 4843 367 4895 M:
385 4844 508 4895 Manium.
524 4844 599 4895 coi-r.
618 4844 733 4893 Bckker.

291 4924 362 4976 NJ:
379 4924 466 4988 fluuii.
487 4925 563 4975 Corr.
582 4924 697 4973 Bekker.

293 5003 346 5057 ΙΙ
363 5021 368 5054 ;
383 5005 487 5057 saeuis.
