3709 6234
776 853 804 904 l..
832 852 998 904 vttsstttvs
1472 847 1526 903 755

291 1000 381 1057 tasse
392 993 546 1056 llomana
570 1015 662 1056 arma
685 993 768 1057 satis
802 1000 895 1058 ratus
915 1000 1031 1057 monet
1049 990 1221 1057 Tiridaten
1249 991 1523 1080 primoresque...

291 1098 390 1165 Exim
405 1122 482 1164 cum
498 1099 690 1186 legionibus
705 1100 739 1163 in
753 1099 889 1187 Syriam
904 1100 1079 1165 remcavit.
1101 1139 1144 1148 -
1160 1099 1192 1178 6,
1214 1102 1269 1177 ἀι.
1301 1098 1352 1163 M.
1388 1097 1526 1163 l'rebel·

289 1205 516 1293 liuslcgatus,
536 1230 554 1271 a
578 1206 717 1271 Vitellio
749 1206 902 1294 praeside
936 1208 1096 1295 Syriae...
1126 1207 1292 1273 missus..
1324 1204 1458 1294 (Clitas)
1484 1204 1526 1270 ad

197 1397 200 1402 θ
292 1311 498 1378 deditionem
519 1304 641 1400 coegit.
669 1352 711 1362 —
745 1338 795 1392 ιι,
819 1340 849 1378 2.
882 1313 1096 1401 (Messalina)
1120 1323 1236 1380 monet
1264 1312 1453 1383 Vitellium.
1484 1334 1526 1378 ne

291 1419 380 1484 elabi
395 1444 489 1485 reum
506 1420 696 1507 (Valerium
721 1422 927 1509 Asiaticum)
955 1422 1091 1487 sineret.
1109 1460 1152 1470 —
1174 1446 1223 1501 rr,
1256 1422 1287 1485 3.
1309 1421 1527 1490 Consultanti

292 1526 466 1616 (Claudio)
497 1528 825 1616 superabsolutione
848 1529 1004 1617 (Valerii)
1026 1529 1169 1595 Asiatici
1199 1531 1283 1594 llens
1308 1529 1524 1612 Vitellius...‚

292 1633 437 1699 liberum
454 1636 572 1701 mortis
587 1635 764 1702 arbitrium
780 1637 811 1702 ei
822 1636 1019 1725 permisit...
1036 1637 1251 1703 Asiaticus...
1263 1661 1339 1702 cum
1356 1661 1391 1703 se
1406 1638 1528 1704 bones·

294 1741 362 1807 tius
378 1742 565 1809 calliditate
576 1743 701 1808 'liberii
717 1743 769 1809 vel
781 1744 911 1832 impetu
928 1745 966 1809 C.
986 1743 1142 1809 Caesaris
1156 1744 1344 1832 periturum
1371 1745 1525 1826 dixisset,

296 1872 399 1937 quam
410 1850 501 1938 quod
513 1849 628 1916 fraude
650 1850 807 1916 muliebri
823 1859 856 1916 et
872 1851 1045 1939 impudico
1066 1850 1194 1916 Vitellii
1208 1875 1265 1916 ore
1286 1851 1461 1919 caderet...
1487 1894 1528 1907 -·

297 1981 348 2032 ιι,
380 1960 410 2034 A.
434 1957 569 2023 Adiecit
594 1958 752 2024 Vitellius
779 1958 974 2024 sestertium
1005 1957 1141 2023 deciens
1170 1959 1316 2036 sosibio,
1339 1959 1429 2048 quod
1448 1960 1527 2024 Bri-

295 2065 466 2129 tannicu'm
483 2066 681 2153 praeceptis,
708 2065 888 2132 Claudium
906 2065 1059 2131 consiliis
1087 2066 1227 2132 iuraret.
1246 2106 1287 2116 -
1309 2091 1359 2144 ιι,
1382 2065 1436 2133 33.
1464 2066 1526 2144 Nc,

293 2171 374 2236 dum
390 2173 424 2236 in
444 2172 560 2238 urbem
578 2174 723 2245 rebitur.
754 2174 795 2237 ad
820 2174 1062 2261 paenitentiam
1087 2197 1106 2237 a
1132 2174 1168 2238 l..
1192 2173 1330 2238 Vitellio
1360 2182 1393 2239 et
1418 2174 1528 2261 Largo
1626 2236 1633 2247 ‚

294 2279 440 2344 Caecina
455 2288 641 2345 mutaretur
655 2280 858 2368 (Claudius),
872 2281 907 2346 in
930 2281 1046 2345 codem
1064 2281 1252 2366 gestamine
1275 2280 1388 2346 sedem
1419 2283 1528 2370 poscit

294 2387 514 2475 (Narcissus).
538 2426 581 2437 -
602 2412 651 2468 ιι,
670 2388 723 2465 :ta
742 2387 867 2454 Crebra
879 2396 958 2476 post
983 2389 1063 2453 baec
1079 2388 1167 2452 lama
1182 2388 1257 2468 luit,
1273 2388 1361 2453 inter
1377 2389 1529 2454 diversas

295 2496 457 2583 principis
480 2519 638 2574 voces...‚
656 2519 723 2561 non
748 2496 840 2561 aliud
865 2495 1079 2584 prolocutum
1096 2495 1283 2573 Vitellium,
1310 2519 1411 2584 quam
1435 2518 1441 2563 :
1466 2496 1528 2563 «Ο

296 2602 442 2668 lacinus!
455 2627 475 2667 o
491 2604 617 2668 scelus!
643 2629 673 2669 n.
690 2641 735 2653 -
754 2628 803 2681 ιι,
822 2603 875 2668 35.
894 2603 1020 2668 Mirum
1032 2604 1120 2669 inter
1135 2603 1216 2668 hacc
1236 2603 1410 2669 silentium
1427 2602 1529 2669 Clau·

294 2709 353 2788 dii,
368 2710 527 2775 t'itettius
542 2712 659 2798 ignaro
670 2711 866 2799 propior-
881 2736 932 2790 ra,
946 2715 978 2789 4.
995 2710 1282 2797 lgiturVitclliuS.
1296 2711 1432 2776 nomine
1444 2734 1527 2776 een·-

295 2818 381 2883 soris
402 2819 544 2884 serviles
566 2818 720 2884 fallacias
746 2818 909 2906 obtegens
930 2820 1227 2907 ingruentiumque
1257 2819 1525 2884 dominationum

295 2927 461 3014 provisor,
484 2950 551 3015 quo
577 2922 722 3014 gratiam
747 2927 959 3015 Agrippinae
991 2934 1184 3015 pararet...
1211 2926 1296 2992 ferre
1328 2926 1467 2991 crimina
1495 2926 1527 2991 in

297 3034 461 3114 Silanum,
481 3034 577 3100 cuius
602 3058 738 3100 soror...
765 3034 858 3099 lunia
885 3034 1028 3099 Calvina
1048 3033 1138 3099 baud
1167 3033 1274 3099 multo
1299 3041 1376 3099 aute
1400 3031 1529 3098 Vitellii

297 3166 403 3207 nurus
427 3142 577 3208 lucrat...
604 3142 783 3208 Silanus...
823 3149 960 3230 repente
994 3165 1053 3229 per
1076 3140 1225 3207 edictum
1254 3139 1381 3206 Vitellii
1412 3140 1529 3205 ordine

297 3252 467 3315 senatorio
498 3258 663 3329 movetur,
695 3273 901 3338 quamquam
926 3248 1014 3314 lecto
1048 3248 1179 3336 pridem
1205 3256 1325 3313 senatu
1354 3246 1529 3337 lustroque

296 3356 445 3423 condito.
468 3397 511 3407 -
529 3382 577 3436 ra,
592 3359 622 3421 Γ).
639 3357 790 3421 Necdum
809 3356 979 3421 celebrare
999 3355 1177 3420 sollemnia
1202 3357 1396 3443 nuptiarum
1426 3355 1528 3421 uude-

297 3464 379 3529 bant
394 3463 616 3548 (Claudiusct
632 3465 847 3552 Agrippina).
871 3463 961 3530 ,Nec
980 3471 1057 3528 ante
1083 3464 1207 3527 omissa
1224 3463 1407 3554 cunctatim
1427 3485 1528 3551 quam

297 3570 454 3636 Vitellius
470 3572 539 3635 suis
557 3571 685 3636 artibus
699 3571 732 3635 id
754 3569 1017 3659 perpetrandum
1033 3570 1189 3657 sumpsit.
1211 3609 1254 3618 -
1278 3593 1328 3650 12,
1346 3593 1378 3657 9.
1407 3568 1530 3655 (Mem-

296 3679 400 3765 mius)
416 3679 524 3743 Pollio
536 3679 626 3744 baud
643 3678 836 3766 disparibus
848 3676 962 3743 verbis
977 3701 1014 3742 ac
1030 3700 1137 3765 nuper
1150 3676 1308 3741 Vitellius
1325 3684 1450 3742 censet.
1487 3714 1530 3724 -

300 3810 349 3860 ιι,
368 3788 421 3862 Aa.
446 3784 537 3849 lnter
557 3807 642 3872 quae
660 3785 860 3873 praecipuus
880 3791 1112 3873 propugnator
1149 3783 1391 3871 (Agrippinae)
1424 3782 1531 3847 Vitel-

297 3892 375 3974 lius,
391 3891 601 3957 validissima
616 3892 736 3979 gratia,
754 3900 863 3957 aetate
878 3899 1087 3962 extrema...
1112 3891 1325 3956 accusatione
1338 3890 1526 3977 corripitur.

296 4000 466 4065 deserente
484 4000 579 4064 lunio
592 3999 687 4088 Lupo
708 4006 875 4065 senatore.
909 4000 942 4063 ls
962 4000 1103 4063 crimina
1123 3999 1310 4063 maiestatis
1340 4005 1373 4062 et
1400 3996 1530 4085 eupidi-

297 4131 374 4173 nem
391 4108 520 4195 imperii
536 4106 742 4188 obiectabat;
772 4107 1049 4195 praebuissetque
1064 4130 1162 4173 aures
1173 4106 1309 4183 Caesar,
1327 4106 1390 4169 nisi
1405 4106 1531 4193 Agrip·

296 4216 394 4302 pinae
410 4216 511 4279 minis
530 4215 637 4302 magis
653 4238 754 4303 quam
782 4214 938 4301 precibus
968 4222 1118 4279 mutatus
1152 4221 1254 4294 esset,
1280 4222 1318 4278 ut
1343 4211 1530 4277 accusatori

296 4347 382 4412 aqua
396 4331 496 4412 atque
512 4324 581 4410 igni
599 4322 825 4389 interdiceret.
841 4323 1015 4389 llactenus
1036 4321 1194 4387 Vitellius
1220 4320 1385 4386 voluerat.
1412 4357 1456 4368 -
1478 4320 1528 4396 ιΙ,

295 4431 348 4497 56.
364 4430 575 4519 (llcspondet
603 4430 876 4518 Senecae-Nero)
908 4459 968 4496 α...
992 4429 1065 4494 Nisi
1081 4429 1168 4494 sorte
1185 4436 1243 4493 aut
1258 4436 1291 4493 te
1317 4426 1456 4493 Vitellio
1482 4434 1531 4491 ter

298 4538 428 4603 consuli
444 4547 502 4604 aut
516 4561 568 4603 me
584 4538 727 4603 Claudio
740 4539 960 4626 postponis...
973 4563 989 4602 ι)
1007 4576 1045 4587 -
1059 4536 1084 4614 Ι,
1098 4563 1131 4624 9.
1144 4536 1315 4602 Inferioris
1329 4532 1531 4600 Germaniae

297 4645 447 4733 legiones
457 4646 584 4711 diutius
599 4646 671 4711 sine
680 4645 847 4711 consulari
863 4644 1082 4726 luere‚donec
1094 4644 1199 4709 missu
1215 4643 1344 4709 Galbae
1365 4643 1408 4707 A.
1427 4639 1532 4706 Vitel-

295 4753 360 4818 lius
376 4753 504 4833 ademt,
523 4755 674 4819 censoris
686 4752 816 4818 Vitellii
835 4777 872 4817 ac
886 4761 936 4818 ter
950 4752 1101 4845 consulis
1116 4752 1225 4831 lilius;
1244 4750 1278 4815 id
1294 4750 1379 4815 satis
1395 4748 1532 4814 videba-

298 4869 363 4927 tur.
381 4899 424 4909 —
444 4861 505 4939 ΙΙΙ,
518 4861 573 4927 66.
602 4861 817 4951 (Loquuntur
829 4862 926 4926 amici
953 4859 1082 4925 Vitellii
1097 4860 1274 4948 principis)
1307 4888 1322 4916 ι(
1345 4858 1417 4922 Nisi
1441 4855 1532 4934 torte

298 4969 526 5057 Vespasianus
546 4968 683 5035 altiores
703 4970 842 5057 spiritus
871 4976 968 5056 gerat
992 4971 1109 5054 (quam
1131 4968 1257 5033 Cacsar
1276 4974 1309 5032 et
1326 4967 1531 5053 Augustus),
