<?xml version="1.0" encoding="UTF-8"?>
<!DOCTYPE html PUBLIC "-//W3C//DTD XHTML 1.0 Transitional//EN"
    "http://www.w3.org/TR/xhtml1/DTD/xhtml1-transitional.dtd">
<html xmlns="http://www.w3.org/1999/xhtml" xml:lang="en" lang="en">
 <head>
  <title>
</title>
<meta http-equiv="Content-Type" content="text/html;charset=utf-8" />
  <meta name='ocr-system' content='tesseract 3.04.00' />
  <meta name='ocr-capabilities' content='ocr_page ocr_carea ocr_par ocr_line ocrx_word'/>
</head>
<body>
  <div class='ocr_page' id='page_1' title='image "./onomasticontaci00fabigoog_0266.png"; bbox 0 0 3709 6234; ppageno 0'>
   <div class='ocr_carea' id='block_1_1' title="bbox 256 843 963 900">
    <p class='ocr_par' dir='ltr' id='par_1_1' title="bbox 256 843 963 900">
     <span class='ocr_line' id='line_1_1' title="bbox 256 843 963 900; baseline 0.004 -10"><span class='ocrx_word' id='word_1_1' title='bbox 256 843 309 900; x_wconf 78' lang='lat'><strong>258</strong></span> <span class='ocrx_word' id='word_1_2' title='bbox 841 843 963 894; x_wconf 79' lang='lat' dir='ltr'><strong>uavst&#39;s</strong></span> 
     </span>
    </p>
   </div>
   <div class='ocr_carea' id='block_1_2' title="bbox 298 979 1542 4404">
    <p class='ocr_par' dir='ltr' id='par_1_2' title="bbox 298 979 1542 4404">
     <span class='ocr_line' id='line_1_2' title="bbox 298 979 1537 1073; baseline -0.005 -23"><span class='ocrx_word' id='word_1_3' title='bbox 298 985 456 1073; x_wconf 85' lang='lat' dir='ltr'><strong>incipere.</strong></span> <span class='ocrx_word' id='word_1_4' title='bbox 488 983 522 1049; x_wconf 92' lang='lat' dir='ltr'><strong>in</strong></span> <span class='ocrx_word' id='word_1_5' title='bbox 556 1007 657 1072; x_wconf 89' lang='lat' dir='ltr'><strong>quem</strong></span> <span class='ocrx_word' id='word_1_6' title='bbox 690 984 817 1048; x_wconf 81' lang='lat' dir='ltr'>recenti</span> <span class='ocrx_word' id='word_1_7' title='bbox 843 984 892 1047; x_wconf 84' lang='lat' dir='ltr'><strong>ira</strong></span> <span class='ocrx_word' id='word_1_8' title='bbox 922 982 1103 1062; x_wconf 80' lang='lat' dir='ltr'><strong>ferebatur.</strong></span> <span class='ocrx_word' id='word_1_9' title='bbox 1135 981 1222 1047; x_wconf 84' lang='lat' dir='ltr'><strong>Nam</strong></span> <span class='ocrx_word' id='word_1_10' title='bbox 1262 982 1407 1062; x_wconf 79' lang='lat' dir='ltr'><strong>DrusuS,</strong></span> <span class='ocrx_word' id='word_1_11' title='bbox 1434 979 1537 1068; x_wconf 86' lang='lat' dir='ltr'><strong>impa-</strong></span> 
     </span>
     <span class='ocr_line' id='line_1_3' title="bbox 298 1087 1536 1176; baseline -0.004 -19"><span class='ocrx_word' id='word_1_12' title='bbox 298 1093 385 1158; x_wconf 82' lang='lat' dir='ltr'><strong>tiens</strong></span> <span class='ocrx_word' id='word_1_13' title='bbox 423 1090 546 1158; x_wconf 81' lang='lat' dir='ltr'>aemuli</span> <span class='ocrx_word' id='word_1_14' title='bbox 583 1099 617 1156; x_wconf 94' lang='lat' dir='ltr'><strong>et</strong></span> <span class='ocrx_word' id='word_1_15' title='bbox 648 1091 760 1155; x_wconf 88' lang='lat' dir='ltr'><strong>animo</strong></span> <span class='ocrx_word' id='word_1_16' title='bbox 790 1090 1003 1166; x_wconf 85' lang='lat' dir='ltr'><strong>commotior,</strong></span> <span class='ocrx_word' id='word_1_17' title='bbox 1049 1096 1122 1154; x_wconf 89' lang='lat' dir='ltr'><strong>orto</strong></span> <span class='ocrx_word' id='word_1_18' title='bbox 1161 1089 1246 1155; x_wconf 84' lang='lat' dir='ltr'><strong>forte</strong></span> <span class='ocrx_word' id='word_1_19' title='bbox 1279 1088 1388 1176; x_wconf 82' lang='lat' dir='ltr'><strong>iurgio</strong></span> <span class='ocrx_word' id='word_1_20' title='bbox 1430 1087 1536 1154; x_wconf 89' lang='lat' dir='ltr'><strong>inten-</strong></span> 
     </span>
     <span class='ocr_line' id='line_1_4' title="bbox 299 1195 1538 1283; baseline -0.005 -17"><span class='ocrx_word' id='word_1_21' title='bbox 299 1199 395 1266; x_wconf 87' lang='lat' dir='ltr'><strong>derat</strong></span> <span class='ocrx_word' id='word_1_22' title='bbox 408 1199 530 1265; x_wconf 87' lang='lat' dir='ltr'><strong>Seiano</strong></span> <span class='ocrx_word' id='word_1_23' title='bbox 552 1221 673 1263; x_wconf 88' lang='lat' dir='ltr'><strong>manus</strong></span> <span class='ocrx_word' id='word_1_24' title='bbox 689 1206 722 1263; x_wconf 93' lang='lat' dir='ltr'><strong>et</strong></span> <span class='ocrx_word' id='word_1_25' title='bbox 737 1206 853 1263; x_wconf 87' lang='lat' dir='ltr'><strong>contra</strong></span> <span class='ocrx_word' id='word_1_26' title='bbox 870 1197 1040 1262; x_wconf 87' lang='lat' dir='ltr'><strong>tendentis</strong></span> <span class='ocrx_word' id='word_1_27' title='bbox 1055 1221 1093 1262; x_wconf 90' lang='lat' dir='ltr'><strong>os</strong></span> <span class='ocrx_word' id='word_1_28' title='bbox 1106 1196 1384 1263; x_wconf 86' lang='lat' dir='ltr'><strong>verberaverat...</strong></span> <span class='ocrx_word' id='word_1_29' title='bbox 1415 1195 1538 1283; x_wconf 80' lang='lat' dir='ltr'><strong>(Livia)</strong></span> 
     </span>
     <span class='ocr_line' id='line_1_5' title="bbox 298 1302 1538 1394; baseline -0.004 -21"><span class='ocrx_word' id='word_1_30' title='bbox 298 1308 351 1374; x_wconf 92' lang='lat' dir='ltr'><strong>cui</strong></span> <span class='ocrx_word' id='word_1_31' title='bbox 364 1308 553 1373; x_wconf 87' lang='lat' dir='ltr'><strong>avunculus</strong></span> <span class='ocrx_word' id='word_1_32' title='bbox 574 1306 764 1394; x_wconf 80' lang='lat' dir='ltr'><strong>Augustus,</strong></span> <span class='ocrx_word' id='word_1_33' title='bbox 793 1329 888 1370; x_wconf 91' lang='lat' dir='ltr'><strong>socer</strong></span> <span class='ocrx_word' id='word_1_34' title='bbox 908 1304 1074 1384; x_wconf 65' lang='lat' dir='ltr'><strong>Tiberius</strong></span> <span class='ocrx_word' id='word_1_35' title='bbox 1097 1328 1139 1370; x_wconf 89' lang='lat' dir='ltr'><strong>ex</strong></span> <span class='ocrx_word' id='word_1_36' title='bbox 1168 1306 1277 1369; x_wconf 82' lang='lat' dir='ltr'>Druso</span> <span class='ocrx_word' id='word_1_37' title='bbox 1310 1302 1419 1384; x_wconf 86' lang='lat' dir='ltr'><strong>liberi,</strong></span> <span class='ocrx_word' id='word_1_38' title='bbox 1438 1325 1538 1391; x_wconf 87' lang='lat' dir='ltr'><strong>seque</strong></span> 
     </span>
     <span class='ocr_line' id='line_1_6' title="bbox 299 1409 1538 1502; baseline -0.005 -21"><span class='ocrx_word' id='word_1_39' title='bbox 299 1440 338 1481; x_wconf 90' lang='lat' dir='ltr'><strong>ac</strong></span> <span class='ocrx_word' id='word_1_40' title='bbox 353 1417 496 1481; x_wconf 87' lang='lat' dir='ltr'><strong>maiores</strong></span> <span class='ocrx_word' id='word_1_41' title='bbox 512 1422 546 1480; x_wconf 91' lang='lat' dir='ltr'><strong>et</strong></span> <span class='ocrx_word' id='word_1_42' title='bbox 559 1421 712 1502; x_wconf 90' lang='lat' dir='ltr'><strong>posteros</strong></span> <span class='ocrx_word' id='word_1_43' title='bbox 734 1413 928 1501; x_wconf 82' lang='lat' dir='ltr'><strong>municipali</strong></span> <span class='ocrx_word' id='word_1_44' title='bbox 941 1412 1095 1478; x_wconf 92' lang='lat' dir='ltr'><strong>adultero</strong></span> <span class='ocrx_word' id='word_1_45' title='bbox 1125 1412 1276 1499; x_wconf 81' lang='lat' dir='ltr'><strong>(Seiano)</strong></span> <span class='ocrx_word' id='word_1_46' title='bbox 1304 1409 1476 1476; x_wconf 81' lang='lat' dir='ltr'><strong>foedabat.</strong></span> <span class='ocrx_word' id='word_1_47' title='bbox 1500 1447 1538 1462; x_wconf 92' lang='lat'>-</span> 
     </span>
     <span class='ocr_line' id='line_1_7' title="bbox 299 1516 1537 1606; baseline -0.003 -20"><span class='ocrx_word' id='word_1_48' title='bbox 299 1528 329 1602; x_wconf 71' lang='lat' dir='ltr'><strong>t,</strong></span> <span class='ocrx_word' id='word_1_49' title='bbox 352 1526 379 1600; x_wconf 78' lang='lat' dir='ltr'><strong>t.</strong></span> <span class='ocrx_word' id='word_1_50' title='bbox 399 1521 543 1586; x_wconf 70' lang='lat' dir='ltr'><strong>addidit</strong></span> <span class='ocrx_word' id='word_1_51' title='bbox 557 1521 746 1586; x_wconf 88' lang='lat' dir='ltr'><strong>orationem</strong></span> <span class='ocrx_word' id='word_1_52' title='bbox 766 1520 903 1594; x_wconf 80' lang='lat' dir='ltr'><strong>Caesar,</strong></span> <span class='ocrx_word' id='word_1_53' title='bbox 931 1520 1038 1586; x_wconf 87' lang='lat' dir='ltr'><strong>multa</strong></span> <span class='ocrx_word' id='word_1_54' title='bbox 1063 1544 1141 1586; x_wconf 90' lang='lat' dir='ltr'><strong>cum</strong></span> <span class='ocrx_word' id='word_1_55' title='bbox 1157 1519 1256 1584; x_wconf 88' lang='lat' dir='ltr'><strong>laude</strong></span> <span class='ocrx_word' id='word_1_56' title='bbox 1283 1519 1342 1583; x_wconf 90' lang='lat' dir='ltr'><strong>lilii</strong></span> <span class='ocrx_word' id='word_1_57' title='bbox 1359 1517 1424 1593; x_wconf 90' lang='lat' dir='ltr'><strong>sui,</strong></span> <span class='ocrx_word' id='word_1_58' title='bbox 1449 1516 1537 1606; x_wconf 91' lang='lat' dir='ltr'><strong>qued</strong></span> 
     </span>
     <span class='ocr_line' id='line_1_8' title="bbox 301 1626 1537 1718; baseline -0.005 -24"><span class='ocrx_word' id='word_1_59' title='bbox 301 1631 407 1718; x_wconf 92' lang='lat' dir='ltr'><strong>patria</strong></span> <span class='ocrx_word' id='word_1_60' title='bbox 423 1629 657 1694; x_wconf 85' lang='lat' dir='ltr'><strong>benevolentia</strong></span> <span class='ocrx_word' id='word_1_61' title='bbox 676 1629 710 1693; x_wconf 92' lang='lat' dir='ltr'><strong>in</strong></span> <span class='ocrx_word' id='word_1_62' title='bbox 727 1628 839 1693; x_wconf 81' lang='lat' dir='ltr'><strong>fratris</strong></span> <span class='ocrx_word' id='word_1_63' title='bbox 853 1627 977 1692; x_wconf 90' lang='lat' dir='ltr'><strong>liberos</strong></span> <span class='ocrx_word' id='word_1_64' title='bbox 989 1627 1085 1694; x_wconf 84' lang='lat' dir='ltr'><strong>leret.</strong></span> <span class='ocrx_word' id='word_1_65' title='bbox 1107 1626 1195 1692; x_wconf 89' lang='lat' dir='ltr'><strong>Nam</strong></span> <span class='ocrx_word' id='word_1_66' title='bbox 1213 1627 1385 1694; x_wconf 83' lang='lat' dir='ltr'><strong>Drusus...</strong></span> <span class='ocrx_word' id='word_1_67' title='bbox 1411 1648 1537 1714; x_wconf 90' lang='lat' dir='ltr'><strong>aequus</strong></span> 
     </span>
     <span class='ocr_line' id='line_1_9' title="bbox 301 1733 1538 1821; baseline -0.003 -19"><span class='ocrx_word' id='word_1_68' title='bbox 301 1735 575 1803; x_wconf 77' lang='lat' dir='ltr'><strong>adulescentibus</strong></span> <span class='ocrx_word' id='word_1_69' title='bbox 591 1744 649 1802; x_wconf 89' lang='lat' dir='ltr'><strong>aut</strong></span> <span class='ocrx_word' id='word_1_70' title='bbox 664 1745 753 1802; x_wconf 90' lang='lat' dir='ltr'><strong>certe</strong></span> <span class='ocrx_word' id='word_1_71' title='bbox 776 1760 842 1801; x_wconf 88' lang='lat' dir='ltr'><strong>non</strong></span> <span class='ocrx_word' id='word_1_72' title='bbox 868 1735 1031 1800; x_wconf 86' lang='lat' dir='ltr'><strong>adversus</strong></span> <span class='ocrx_word' id='word_1_73' title='bbox 1051 1734 1249 1801; x_wconf 80' lang='lat' dir='ltr'><strong>habebatur.</strong></span> <span class='ocrx_word' id='word_1_74' title='bbox 1277 1773 1319 1784; x_wconf 91' lang='lat'>—</span> <span class='ocrx_word' id='word_1_75' title='bbox 1340 1736 1371 1811; x_wconf 72' lang='lat' dir='ltr'><strong>t.</strong></span> <span class='ocrx_word' id='word_1_76' title='bbox 1397 1757 1428 1821; x_wconf 86' lang='lat'><strong>7.</strong></span> <span class='ocrx_word' id='word_1_77' title='bbox 1447 1733 1538 1812; x_wconf 82' lang='lat' dir='ltr'><strong>Quae</strong></span> 
     </span>
     <span class='ocr_line' id='line_1_10' title="bbox 302 1843 1539 1911; baseline -0.004 -1"><span class='ocrx_word' id='word_1_78' title='bbox 302 1843 650 1910; x_wconf 89' lang='lat' dir='ltr'><strong>cuncta...retinebat</strong></span> <span class='ocrx_word' id='word_1_79' title='bbox 670 1852 795 1911; x_wconf 87' lang='lat' dir='ltr'><strong>tamen.</strong></span> <span class='ocrx_word' id='word_1_80' title='bbox 836 1844 944 1908; x_wconf 89' lang='lat' dir='ltr'><strong>donec</strong></span> <span class='ocrx_word' id='word_1_81' title='bbox 977 1852 1084 1909; x_wconf 91' lang='lat' dir='ltr'><strong>morte</strong></span> <span class='ocrx_word' id='word_1_82' title='bbox 1110 1843 1216 1908; x_wconf 87' lang='lat' dir='ltr'><strong>Drusi</strong></span> <span class='ocrx_word' id='word_1_83' title='bbox 1244 1849 1468 1908; x_wconf 77' lang='lat' dir='ltr'><strong>verterentur.</strong></span> <span class='ocrx_word' id='word_1_84' title='bbox 1498 1877 1539 1890; x_wconf 92' lang='lat'>-</span> 
     </span>
     <span class='ocr_line' id='line_1_11' title="bbox 310 1951 1538 2039; baseline -0.005 -22"><span class='ocrx_word' id='word_1_85' title='bbox 310 1957 337 2030; x_wconf 75' lang='lat' dir='ltr'><strong>t,</strong></span> <span class='ocrx_word' id='word_1_86' title='bbox 353 1959 385 2018; x_wconf 77' lang='lat'><strong>8.</strong></span> <span class='ocrx_word' id='word_1_87' title='bbox 409 1951 614 2039; x_wconf 57' lang='lat' dir='ltr'><strong>[Venenum</strong></span> <span class='ocrx_word' id='word_1_88' title='bbox 638 1953 747 2018; x_wconf 90' lang='lat' dir='ltr'><strong>Druso</strong></span> <span class='ocrx_word' id='word_1_89' title='bbox 767 1952 882 2017; x_wconf 91' lang='lat' dir='ltr'><strong>datum</strong></span> <span class='ocrx_word' id='word_1_90' title='bbox 912 1976 972 2039; x_wconf 92' lang='lat' dir='ltr'><strong>per</strong></span> <span class='ocrx_word' id='word_1_91' title='bbox 1000 1952 1157 2039; x_wconf 81' lang='lat' dir='ltr'><strong>Lygdum</strong></span> <span class='ocrx_word' id='word_1_92' title='bbox 1174 1952 1373 2039; x_wconf 83' lang='lat' dir='ltr'><strong>spadonem,</strong></span> <span class='ocrx_word' id='word_1_93' title='bbox 1402 1957 1439 2015; x_wconf 93' lang='lat' dir='ltr'><strong>ut</strong></span> <span class='ocrx_word' id='word_1_94' title='bbox 1465 1955 1538 2014; x_wconf 90' lang='lat' dir='ltr'><strong>octo</strong></span> 
     </span>
     <span class='ocr_line' id='line_1_12' title="bbox 306 2057 1539 2149; baseline -0.002 -25"><span class='ocrx_word' id='word_1_95' title='bbox 306 2069 382 2149; x_wconf 90' lang='lat' dir='ltr'><strong>post</strong></span> <span class='ocrx_word' id='word_1_96' title='bbox 398 2083 504 2124; x_wconf 89' lang='lat' dir='ltr'><strong>annos</strong></span> <span class='ocrx_word' id='word_1_97' title='bbox 530 2060 704 2147; x_wconf 79' lang='lat' dir='ltr'><strong>cognitum</strong></span> <span class='ocrx_word' id='word_1_98' title='bbox 733 2067 785 2124; x_wconf 92' lang='lat' dir='ltr'><strong>est</strong></span> <span class='ocrx_word' id='word_1_99' title='bbox 805 2110 826 2126; x_wconf 92' lang='lat'><strong>..</strong></span> <span class='ocrx_word' id='word_1_100' title='bbox 871 2065 879 2146; x_wconf 72' lang='lat' dir='ltr'><strong>t</strong></span> <span class='ocrx_word' id='word_1_101' title='bbox 886 2060 1050 2148; x_wconf 78' lang='lat' dir='ltr'><strong>loquitur</strong></span> <span class='ocrx_word' id='word_1_102' title='bbox 1078 2059 1168 2147; x_wconf 93' lang='lat' dir='ltr'><strong>apud</strong></span> <span class='ocrx_word' id='word_1_103' title='bbox 1193 2065 1347 2125; x_wconf 88' lang='lat' dir='ltr'><strong>senatum</strong></span> <span class='ocrx_word' id='word_1_104' title='bbox 1373 2057 1539 2145; x_wconf 75' lang='lat' dir='ltr'><strong>Tiberius)</strong></span> 
     </span>
     <span class='ocr_line' id='line_1_13' title="bbox 308 2165 1537 2256; baseline 0.002 -28"><span class='ocrx_word' id='word_1_105' title='bbox 308 2198 322 2228; x_wconf 73' lang='lat' dir='ltr'><strong>a</strong></span> <span class='ocrx_word' id='word_1_106' title='bbox 353 2165 519 2256; x_wconf 84' lang='lat' dir='ltr'><strong>...Erepto</strong></span> <span class='ocrx_word' id='word_1_107' title='bbox 538 2169 648 2232; x_wconf 91' lang='lat' dir='ltr'><strong>Druso</strong></span> <span class='ocrx_word' id='word_1_108' title='bbox 664 2191 780 2256; x_wconf 88' lang='lat' dir='ltr'><strong>preces</strong></span> <span class='ocrx_word' id='word_1_109' title='bbox 794 2166 836 2230; x_wconf 92' lang='lat' dir='ltr'><strong>ad</strong></span> <span class='ocrx_word' id='word_1_110' title='bbox 857 2191 918 2231; x_wconf 80' lang='lat' dir='ltr'><strong>ros</strong></span> <span class='ocrx_word' id='word_1_111' title='bbox 939 2175 1141 2233; x_wconf 83' lang='lat' dir='ltr'><strong>converto...</strong></span> <span class='ocrx_word' id='word_1_112' title='bbox 1160 2166 1309 2255; x_wconf 80' lang='lat' dir='ltr'><strong>Augusti</strong></span> <span class='ocrx_word' id='word_1_113' title='bbox 1323 2172 1537 2254; x_wconf 78' lang='lat' dir='ltr'><strong>pronepotes,</strong></span> 
     </span>
     <span class='ocr_line' id='line_1_14' title="bbox 301 2271 1540 2363; baseline -0.002 -23"><span class='ocrx_word' id='word_1_114' title='bbox 301 2275 498 2340; x_wconf 90' lang='lat' dir='ltr'><strong>clarissimis</strong></span> <span class='ocrx_word' id='word_1_115' title='bbox 513 2274 697 2340; x_wconf 90' lang='lat' dir='ltr'><strong>maioribus</strong></span> <span class='ocrx_word' id='word_1_116' title='bbox 714 2276 859 2360; x_wconf 80' lang='lat' dir='ltr'><strong>genitos,</strong></span> <span class='ocrx_word' id='word_1_117' title='bbox 882 2274 1044 2362; x_wconf 88' lang='lat' dir='ltr'><strong>suscipite</strong></span> <span class='ocrx_word' id='word_1_118' title='bbox 1060 2274 1267 2363; x_wconf 82' lang='lat' dir='ltr'><strong>(Germanici</strong></span> <span class='ocrx_word' id='word_1_119' title='bbox 1281 2271 1423 2360; x_wconf 83' lang='lat' dir='ltr'><strong>liberos)</strong></span> <span class='ocrx_word' id='word_1_120' title='bbox 1440 2299 1471 2338; x_wconf 77' lang='lat' dir='ltr'><strong>a.</strong></span> <span class='ocrx_word' id='word_1_121' title='bbox 1502 2308 1540 2320; x_wconf 91' lang='lat'>-</span> 
     </span>
     <span class='ocr_line' id='line_1_15' title="bbox 310 2381 1542 2471; baseline -0.002 -24"><span class='ocrx_word' id='word_1_122' title='bbox 310 2383 336 2462; x_wconf 71' lang='lat' dir='ltr'><strong>l,</strong></span> <span class='ocrx_word' id='word_1_123' title='bbox 358 2411 391 2471; x_wconf 78' lang='lat' dir='ltr'><strong>p.</strong></span> <span class='ocrx_word' id='word_1_124' title='bbox 409 2383 592 2448; x_wconf 85' lang='lat' dir='ltr'><strong>Memoriae</strong></span> <span class='ocrx_word' id='word_1_125' title='bbox 608 2382 708 2447; x_wconf 90' lang='lat' dir='ltr'><strong>Drusi</strong></span> <span class='ocrx_word' id='word_1_126' title='bbox 723 2383 853 2458; x_wconf 91' lang='lat' dir='ltr'><strong>cadem,</strong></span> <span class='ocrx_word' id='word_1_127' title='bbox 868 2404 954 2470; x_wconf 90' lang='lat' dir='ltr'><strong>quac</strong></span> <span class='ocrx_word' id='word_1_128' title='bbox 983 2381 1015 2445; x_wconf 92' lang='lat' dir='ltr'><strong>in</strong></span> <span class='ocrx_word' id='word_1_129' title='bbox 1044 2383 1296 2462; x_wconf 82' lang='lat' dir='ltr'><strong>Germanicum,</strong></span> <span class='ocrx_word' id='word_1_130' title='bbox 1313 2381 1542 2446; x_wconf 85' lang='lat' dir='ltr'><strong>decernuntur</strong></span> 
     </span>
     <span class='ocr_line' id='line_1_16' title="bbox 307 2486 1540 2579; baseline -0.002 -25"><span class='ocrx_word' id='word_1_131' title='bbox 307 2491 475 2579; x_wconf 84' lang='lat' dir='ltr'><strong>plerisque</strong></span> <span class='ocrx_word' id='word_1_132' title='bbox 490 2490 627 2563; x_wconf 86' lang='lat' dir='ltr'><strong>additis,</strong></span> <span class='ocrx_word' id='word_1_133' title='bbox 644 2498 681 2555; x_wconf 94' lang='lat' dir='ltr'><strong>ut</strong></span> <span class='ocrx_word' id='word_1_134' title='bbox 696 2489 799 2554; x_wconf 87' lang='lat' dir='ltr'><strong>lermc</strong></span> <span class='ocrx_word' id='word_1_135' title='bbox 826 2499 918 2555; x_wconf 91' lang='lat' dir='ltr'><strong>amat</strong></span> <span class='ocrx_word' id='word_1_136' title='bbox 941 2490 1107 2577; x_wconf 87' lang='lat' dir='ltr'><strong>posterior</strong></span> <span class='ocrx_word' id='word_1_137' title='bbox 1128 2489 1286 2554; x_wconf 88' lang='lat' dir='ltr'><strong>adulatio.</strong></span> <span class='ocrx_word' id='word_1_138' title='bbox 1314 2527 1357 2538; x_wconf 91' lang='lat'><strong>-—</strong></span> <span class='ocrx_word' id='word_1_139' title='bbox 1376 2490 1409 2566; x_wconf 68' lang='grc' dir='ltr'><strong>Δ,</strong></span> <span class='ocrx_word' id='word_1_140' title='bbox 1434 2511 1483 2553; x_wconf 92' lang='lat' dir='ltr'><strong>ro.</strong></span> <span class='ocrx_word' id='word_1_141' title='bbox 1503 2486 1540 2552; x_wconf 94' lang='lat' dir='ltr'><strong>ln</strong></span> 
     </span>
     <span class='ocr_line' id='line_1_17' title="bbox 302 2594 1540 2688; baseline -0.002 -25"><span class='ocrx_word' id='word_1_142' title='bbox 302 2598 466 2663; x_wconf 88' lang='lat' dir='ltr'><strong>tradenda</strong></span> <span class='ocrx_word' id='word_1_143' title='bbox 479 2606 585 2664; x_wconf 89' lang='lat' dir='ltr'><strong>morte</strong></span> <span class='ocrx_word' id='word_1_144' title='bbox 602 2598 713 2678; x_wconf 82' lang='lat' dir='ltr'><strong>Drusi,</strong></span> <span class='ocrx_word' id='word_1_145' title='bbox 732 2621 818 2688; x_wconf 88' lang='lat' dir='ltr'><strong>quae</strong></span> <span class='ocrx_word' id='word_1_146' title='bbox 834 2598 990 2685; x_wconf 91' lang='lat' dir='ltr'><strong>plurimis</strong></span> <span class='ocrx_word' id='word_1_147' title='bbox 1006 2598 1240 2686; x_wconf 89' lang='lat' dir='ltr'><strong>maximaeque</strong></span> <span class='ocrx_word' id='word_1_148' title='bbox 1255 2596 1332 2663; x_wconf 89' lang='lat' dir='ltr'><strong>lidei</strong></span> <span class='ocrx_word' id='word_1_149' title='bbox 1347 2594 1540 2662; x_wconf 88' lang='lat' dir='ltr'><strong>auctoribus</strong></span> 
     </span>
     <span class='ocr_line' id='line_1_18' title="bbox 305 2703 1537 2792; baseline 0 -24"><span class='ocrx_word' id='word_1_150' title='bbox 305 2713 487 2770; x_wconf 89' lang='lat' dir='ltr'><strong>memorata</strong></span> <span class='ocrx_word' id='word_1_151' title='bbox 505 2712 595 2786; x_wconf 87' lang='lat' dir='ltr'><strong>sunt,</strong></span> <span class='ocrx_word' id='word_1_152' title='bbox 610 2704 736 2770; x_wconf 90' lang='lat' dir='ltr'><strong>rettuli.</strong></span> <span class='ocrx_word' id='word_1_153' title='bbox 755 2703 822 2769; x_wconf 90' lang='lat' dir='ltr'><strong>Sed</strong></span> <span class='ocrx_word' id='word_1_154' title='bbox 839 2728 906 2769; x_wconf 91' lang='lat' dir='ltr'><strong>non</strong></span> <span class='ocrx_word' id='word_1_155' title='bbox 921 2705 1092 2771; x_wconf 88' lang='lat' dir='ltr'><strong>omiserim</strong></span> <span class='ocrx_word' id='word_1_156' title='bbox 1122 2704 1318 2771; x_wconf 88' lang='lat' dir='ltr'><strong>corumdem</strong></span> <span class='ocrx_word' id='word_1_157' title='bbox 1346 2711 1537 2792; x_wconf 89' lang='lat' dir='ltr'><strong>temporum</strong></span> 
     </span>
     <span class='ocr_line' id='line_1_19' title="bbox 303 2812 1540 2900; baseline -0.001 -24"><span class='ocrx_word' id='word_1_158' title='bbox 303 2836 529 2890; x_wconf 79' lang='lat' dir='ltr'><strong>rumorem...‚</strong></span> <span class='ocrx_word' id='word_1_159' title='bbox 554 2813 755 2878; x_wconf 84' lang='lat' dir='ltr'><strong>Seianum...</strong></span> <span class='ocrx_word' id='word_1_160' title='bbox 776 2836 814 2878; x_wconf 90' lang='lat' dir='ltr'><strong>eo</strong></span> <span class='ocrx_word' id='word_1_161' title='bbox 844 2812 1002 2878; x_wconf 88' lang='lat' dir='ltr'><strong>audaciae</strong></span> <span class='ocrx_word' id='word_1_162' title='bbox 1023 2821 1232 2900; x_wconf 78' lang='lat' dir='ltr'><strong>provectum,</strong></span> <span class='ocrx_word' id='word_1_163' title='bbox 1267 2819 1305 2877; x_wconf 89' lang='lat' dir='ltr'><strong>ut</strong></span> <span class='ocrx_word' id='word_1_164' title='bbox 1332 2818 1481 2878; x_wconf 88' lang='lat' dir='ltr'><strong>verteret</strong></span> <span class='ocrx_word' id='word_1_165' title='bbox 1507 2818 1540 2876; x_wconf 87' lang='lat' dir='ltr'><strong>et</strong></span> 
     </span>
     <span class='ocr_line' id='line_1_20' title="bbox 301 2918 1539 3009; baseline 0 -26"><span class='ocrx_word' id='word_1_166' title='bbox 301 2919 434 2985; x_wconf 90' lang='lat' dir='ltr'><strong>occulto</strong></span> <span class='ocrx_word' id='word_1_167' title='bbox 450 2919 574 2984; x_wconf 91' lang='lat' dir='ltr'><strong>indicio</strong></span> <span class='ocrx_word' id='word_1_168' title='bbox 594 2921 743 2984; x_wconf 92' lang='lat' dir='ltr'><strong>Drusum</strong></span> <span class='ocrx_word' id='word_1_169' title='bbox 758 2920 878 2985; x_wconf 84' lang='lat' dir='ltr'><strong>veneni</strong></span> <span class='ocrx_word' id='word_1_170' title='bbox 894 2920 927 2983; x_wconf 91' lang='lat' dir='ltr'><strong>in</strong></span> <span class='ocrx_word' id='word_1_171' title='bbox 944 2928 1074 3009; x_wconf 88' lang='lat' dir='ltr'><strong>patrem</strong></span> <span class='ocrx_word' id='word_1_172' title='bbox 1094 2943 1240 3007; x_wconf 87' lang='lat' dir='ltr'><strong>arguens</strong></span> <span class='ocrx_word' id='word_1_173' title='bbox 1267 2927 1418 2985; x_wconf 92' lang='lat' dir='ltr'><strong>moneret</strong></span> <span class='ocrx_word' id='word_1_174' title='bbox 1445 2918 1539 2983; x_wconf 82' lang='lat' dir='ltr'><strong>Tibe-</strong></span> 
     </span>
     <span class='ocr_line' id='line_1_21' title="bbox 302 3025 1539 3116; baseline 0 -26"><span class='ocrx_word' id='word_1_175' title='bbox 302 3027 430 3093; x_wconf 89' lang='lat' dir='ltr'><strong>rium...</strong></span> <span class='ocrx_word' id='word_1_176' title='bbox 460 3027 506 3092; x_wconf 85' lang='lat' dir='ltr'><strong>Ea</strong></span> <span class='ocrx_word' id='word_1_177' title='bbox 534 3025 647 3092; x_wconf 88' lang='lat' dir='ltr'><strong>lraude</strong></span> <span class='ocrx_word' id='word_1_178' title='bbox 673 3026 824 3092; x_wconf 92' lang='lat' dir='ltr'><strong>illectum</strong></span> <span class='ocrx_word' id='word_1_179' title='bbox 853 3049 1010 3097; x_wconf 86' lang='lat' dir='ltr'><strong>senem...</strong></span> <span class='ocrx_word' id='word_1_180' title='bbox 1041 3035 1219 3116; x_wconf 80' lang='lat' dir='ltr'><strong>exceptum</strong></span> <span class='ocrx_word' id='word_1_181' title='bbox 1244 3025 1404 3115; x_wconf 91' lang='lat' dir='ltr'><strong>poculum</strong></span> <span class='ocrx_word' id='word_1_182' title='bbox 1430 3025 1539 3092; x_wconf 90' lang='lat' dir='ltr'><strong>Druso</strong></span> 
     </span>
     <span class='ocr_line' id='line_1_22' title="bbox 303 3133 1538 3212; baseline -0.002 -13"><span class='ocrx_word' id='word_1_183' title='bbox 303 3133 520 3199; x_wconf 89' lang='lat' dir='ltr'><strong>tradidisse...</strong></span> <span class='ocrx_word' id='word_1_184' title='bbox 539 3136 629 3212; x_wconf 71' lang='lat' dir='ltr'><strong>-l‚</strong></span> <span class='ocrx_word' id='word_1_185' title='bbox 658 3159 707 3198; x_wconf 82' lang='lat'><strong>12.</strong></span> <span class='ocrx_word' id='word_1_186' title='bbox 730 3134 873 3199; x_wconf 78' lang='lat' dir='ltr'><strong>Seianus</strong></span> <span class='ocrx_word' id='word_1_187' title='bbox 890 3134 946 3198; x_wconf 92' lang='lat' dir='ltr'><strong>ubi</strong></span> <span class='ocrx_word' id='word_1_188' title='bbox 962 3134 1056 3200; x_wconf 84' lang='lat' dir='ltr'><strong>videt</strong></span> <span class='ocrx_word' id='word_1_189' title='bbox 1086 3143 1228 3200; x_wconf 91' lang='lat' dir='ltr'><strong>mortem</strong></span> <span class='ocrx_word' id='word_1_190' title='bbox 1268 3134 1367 3200; x_wconf 83' lang='lat' dir='ltr'><strong>Drusi</strong></span> <span class='ocrx_word' id='word_1_191' title='bbox 1397 3133 1538 3199; x_wconf 89' lang='lat' dir='ltr'><strong>inultam</strong></span> 
     </span>
     <span class='ocr_line' id='line_1_23' title="bbox 301 3241 1538 3331; baseline 0.001 -26"><span class='ocrx_word' id='word_1_192' title='bbox 301 3241 613 3307; x_wconf 83' lang='lat' dir='ltr'><strong>interlectoribus...</strong></span> <span class='ocrx_word' id='word_1_193' title='bbox 632 3281 673 3289; x_wconf 93' lang='lat'>—</span> <span class='ocrx_word' id='word_1_194' title='bbox 689 3243 721 3318; x_wconf 69' lang='lat' dir='ltr'><strong>t.</strong></span> <span class='ocrx_word' id='word_1_195' title='bbox 745 3241 794 3308; x_wconf 80' lang='lat'><strong>15.</strong></span> <span class='ocrx_word' id='word_1_196' title='bbox 829 3241 921 3306; x_wconf 89' lang='lat' dir='ltr'><strong>ldem</strong></span> <span class='ocrx_word' id='word_1_197' title='bbox 950 3265 1058 3307; x_wconf 89' lang='lat' dir='ltr'><strong>annus</strong></span> <span class='ocrx_word' id='word_1_198' title='bbox 1085 3242 1151 3306; x_wconf 92' lang='lat' dir='ltr'><strong>alio</strong></span> <span class='ocrx_word' id='word_1_199' title='bbox 1172 3265 1307 3331; x_wconf 90' lang='lat' dir='ltr'><strong>quoque</strong></span> <span class='ocrx_word' id='word_1_200' title='bbox 1323 3241 1416 3307; x_wconf 89' lang='lat' dir='ltr'><strong>luctu</strong></span> <span class='ocrx_word' id='word_1_201' title='bbox 1450 3241 1538 3306; x_wconf 86' lang='lat' dir='ltr'><strong>Cae-</strong></span> 
     </span>
     <span class='ocr_line' id='line_1_24' title="bbox 300 3348 1541 3436; baseline -0.001 -23"><span class='ocrx_word' id='word_1_202' title='bbox 300 3373 409 3414; x_wconf 91' lang='lat' dir='ltr'><strong>sarem</strong></span> <span class='ocrx_word' id='word_1_203' title='bbox 424 3348 557 3425; x_wconf 82' lang='lat' dir='ltr'><strong>adlee-it,</strong></span> <span class='ocrx_word' id='word_1_204' title='bbox 582 3348 726 3413; x_wconf 91' lang='lat' dir='ltr'><strong>alterum</strong></span> <span class='ocrx_word' id='word_1_205' title='bbox 747 3373 787 3413; x_wconf 87' lang='lat' dir='ltr'><strong>ex</strong></span> <span class='ocrx_word' id='word_1_206' title='bbox 803 3350 949 3436; x_wconf 74' lang='lat' dir='ltr'><strong>gentinis</strong></span> <span class='ocrx_word' id='word_1_207' title='bbox 965 3350 1066 3414; x_wconf 86' lang='lat' dir='ltr'><strong>Drusi</strong></span> <span class='ocrx_word' id='word_1_208' title='bbox 1081 3348 1196 3414; x_wconf 88' lang='lat' dir='ltr'><strong>liberis</strong></span> <span class='ocrx_word' id='word_1_209' title='bbox 1211 3348 1471 3436; x_wconf 79' lang='lat' dir='ltr'><strong>exstinguendo</strong></span> <span class='ocrx_word' id='word_1_210' title='bbox 1498 3385 1541 3398; x_wconf 94' lang='lat'><em>-</em></span> 
     </span>
     <span class='ocr_line' id='line_1_25' title="bbox 301 3455 1540 3544; baseline -0.001 -22"><span class='ocrx_word' id='word_1_211' title='bbox 301 3460 333 3535; x_wconf 70' lang='grc'><strong>,4,</strong></span> <span class='ocrx_word' id='word_1_212' title='bbox 351 3459 405 3535; x_wconf 73' lang='lat' dir='ltr'><strong>do.</strong></span> <span class='ocrx_word' id='word_1_213' title='bbox 425 3456 478 3520; x_wconf 72' lang='lat' dir='ltr'><strong>nd</strong></span> <span class='ocrx_word' id='word_1_214' title='bbox 500 3480 538 3521; x_wconf 90' lang='lat' dir='ltr'><strong>ea</strong></span> <span class='ocrx_word' id='word_1_215' title='bbox 553 3456 706 3521; x_wconf 87' lang='lat' dir='ltr'><strong>Tiberius</strong></span> <span class='ocrx_word' id='word_1_216' title='bbox 722 3455 858 3522; x_wconf 89' lang='lat' dir='ltr'><strong>laudata</strong></span> <span class='ocrx_word' id='word_1_217' title='bbox 879 3457 1004 3544; x_wconf 88' lang='lat' dir='ltr'><strong>pietate</strong></span> <span class='ocrx_word' id='word_1_218' title='bbox 1037 3458 1191 3523; x_wconf 85' lang='lat' dir='ltr'><strong>Seiani...</strong></span> <span class='ocrx_word' id='word_1_219' title='bbox 1214 3456 1393 3522; x_wconf 84' lang='lat' dir='ltr'><strong>adiunxit:</strong></span> <span class='ocrx_word' id='word_1_220' title='bbox 1422 3487 1481 3522; x_wconf 78' lang='lat' dir='ltr'><strong>a...</strong></span> <span class='ocrx_word' id='word_1_221' title='bbox 1498 3456 1540 3521; x_wconf 84' lang='lat' dir='ltr'><strong>Se</strong></span> 
     </span>
     <span class='ocr_line' id='line_1_26' title="bbox 302 3563 1540 3653; baseline -0.001 -25"><span class='ocrx_word' id='word_1_222' title='bbox 302 3587 367 3628; x_wconf 92' lang='lat' dir='ltr'><strong>non</strong></span> <span class='ocrx_word' id='word_1_223' title='bbox 406 3563 484 3628; x_wconf 88' lang='lat' dir='ltr'><strong>illue</strong></span> <span class='ocrx_word' id='word_1_224' title='bbox 523 3564 711 3633; x_wconf 80' lang='lat' dir='ltr'><strong>decurrere.</strong></span> <span class='ocrx_word' id='word_1_225' title='bbox 756 3563 845 3651; x_wconf 80' lang='lat' dir='ltr'><strong>quml</strong></span> <span class='ocrx_word' id='word_1_226' title='bbox 868 3573 1061 3652; x_wconf 90' lang='lat' dir='ltr'><strong>promptum</strong></span> <span class='ocrx_word' id='word_1_227' title='bbox 1091 3565 1268 3652; x_wconf 83' lang='lat' dir='ltr'><strong>rescriptu,</strong></span> <span class='ocrx_word' id='word_1_228' title='bbox 1299 3588 1399 3652; x_wconf 88' lang='lat' dir='ltr'><strong>posse</strong></span> <span class='ocrx_word' id='word_1_229' title='bbox 1433 3564 1540 3653; x_wconf 86' lang='lat' dir='ltr'><strong>ipsam</strong></span> 
     </span>
     <span class='ocr_line' id='line_1_27' title="bbox 303 3669 1540 3759; baseline -0.003 -23"><span class='ocrx_word' id='word_1_230' title='bbox 303 3671 429 3736; x_wconf 82' lang='lat' dir='ltr'><strong>Liviam</strong></span> <span class='ocrx_word' id='word_1_231' title='bbox 452 3679 611 3738; x_wconf 86' lang='lat' dir='ltr'><strong>statuere.</strong></span> <span class='ocrx_word' id='word_1_232' title='bbox 632 3670 827 3736; x_wconf 86' lang='lat' dir='ltr'><strong>mrbendum</strong></span> <span class='ocrx_word' id='word_1_233' title='bbox 844 3681 920 3759; x_wconf 91' lang='lat' dir='ltr'><strong>post</strong></span> <span class='ocrx_word' id='word_1_234' title='bbox 934 3671 1093 3752; x_wconf 77' lang='lat' dir='ltr'><strong>Drusum,</strong></span> <span class='ocrx_word' id='word_1_235' title='bbox 1118 3696 1160 3736; x_wconf 93' lang='lat' dir='ltr'><strong>an</strong></span> <span class='ocrx_word' id='word_1_236' title='bbox 1181 3674 1214 3736; x_wconf 93' lang='lat' dir='ltr'><strong>in</strong></span> <span class='ocrx_word' id='word_1_237' title='bbox 1232 3671 1410 3759; x_wconf 89' lang='lat' dir='ltr'><strong>penatibus</strong></span> <span class='ocrx_word' id='word_1_238' title='bbox 1433 3669 1540 3736; x_wconf 86' lang='lat' dir='ltr'><strong>isdem</strong></span> 
     </span>
     <span class='ocr_line' id='line_1_28' title="bbox 302 3778 1538 3867; baseline -0.002 -24"><span class='ocrx_word' id='word_1_239' title='bbox 302 3778 514 3843; x_wconf 91' lang='lat' dir='ltr'><strong>tolerandum</strong></span> <span class='ocrx_word' id='word_1_240' title='bbox 529 3778 703 3844; x_wconf 87' lang='lat' dir='ltr'><strong>haberet...</strong></span> <span class='ocrx_word' id='word_1_241' title='bbox 720 3778 860 3844; x_wconf 86' lang='lat' dir='ltr'><strong>Falleris</strong></span> <span class='ocrx_word' id='word_1_242' title='bbox 876 3779 979 3846; x_wconf 82' lang='lat' dir='ltr'><strong>eninr.</strong></span> <span class='ocrx_word' id='word_1_243' title='bbox 996 3779 1130 3859; x_wconf 81' lang='lat' dir='ltr'><strong>Seianc,</strong></span> <span class='ocrx_word' id='word_1_244' title='bbox 1148 3779 1216 3845; x_wconf 86' lang='lat' dir='ltr'><strong>si...</strong></span> <span class='ocrx_word' id='word_1_245' title='bbox 1235 3787 1376 3867; x_wconf 88' lang='lat' dir='ltr'><strong>putas...</strong></span> <span class='ocrx_word' id='word_1_246' title='bbox 1395 3779 1538 3848; x_wconf 81' lang='lat' dir='ltr'><strong>Liviam.</strong></span> 
     </span>
     <span class='ocr_line' id='line_1_29' title="bbox 300 3884 1538 3973; baseline -0.001 -24"><span class='ocrx_word' id='word_1_247' title='bbox 300 3909 385 3972; x_wconf 87' lang='lat' dir='ltr'><strong>quae</strong></span> <span class='ocrx_word' id='word_1_248' title='bbox 404 3886 488 3949; x_wconf 84' lang='lat' dir='ltr'><strong>Gaio</strong></span> <span class='ocrx_word' id='word_1_249' title='bbox 506 3884 654 3953; x_wconf 83' lang='lat' dir='ltr'><strong>Caesari.</strong></span> <span class='ocrx_word' id='word_1_250' title='bbox 673 3910 748 3949; x_wconf 88' lang='lat' dir='ltr'><strong>mox</strong></span> <span class='ocrx_word' id='word_1_251' title='bbox 769 3887 878 3950; x_wconf 92' lang='lat' dir='ltr'><strong>Druso</strong></span> <span class='ocrx_word' id='word_1_252' title='bbox 900 3895 1004 3973; x_wconf 93' lang='lat' dir='ltr'><strong>nupta</strong></span> <span class='ocrx_word' id='word_1_253' title='bbox 1022 3887 1133 3958; x_wconf 81' lang='lat' dir='ltr'><strong>fuerit,</strong></span> <span class='ocrx_word' id='word_1_254' title='bbox 1162 3911 1198 3952; x_wconf 91' lang='lat' dir='ltr'><strong>ea</strong></span> <span class='ocrx_word' id='word_1_255' title='bbox 1232 3895 1343 3952; x_wconf 90' lang='lat' dir='ltr'><strong>mente</strong></span> <span class='ocrx_word' id='word_1_256' title='bbox 1371 3895 1538 3964; x_wconf 87' lang='lat' dir='ltr'><strong>acturam,</strong></span> 
     </span>
     <span class='ocr_line' id='line_1_30' title="bbox 302 3992 1534 4082; baseline 0.002 -28"><span class='ocrx_word' id='word_1_257' title='bbox 302 3999 339 4056; x_wconf 90' lang='lat' dir='ltr'><strong>ut</strong></span> <span class='ocrx_word' id='word_1_258' title='bbox 353 4015 428 4055; x_wconf 90' lang='lat' dir='ltr'><strong>cum</strong></span> <span class='ocrx_word' id='word_1_259' title='bbox 445 3992 556 4080; x_wconf 81' lang='lat' dir='ltr'><strong>equite</strong></span> <span class='ocrx_word' id='word_1_260' title='bbox 574 3992 725 4056; x_wconf 87' lang='lat' dir='ltr'><strong>llomano</strong></span> <span class='ocrx_word' id='word_1_261' title='bbox 742 4001 938 4059; x_wconf 85' lang='lat' dir='ltr'><strong>senescat...</strong></span> <span class='ocrx_word' id='word_1_262' title='bbox 961 4019 988 4058; x_wconf 83' lang='lat' dir='ltr'><strong>u.</strong></span> <span class='ocrx_word' id='word_1_263' title='bbox 1010 3994 1096 4072; x_wconf 83' lang='grc'><strong>-6,</strong></span> <span class='ocrx_word' id='word_1_264' title='bbox 1117 4019 1169 4082; x_wconf 83' lang='lat'><strong>27.</strong></span> <span class='ocrx_word' id='word_1_265' title='bbox 1202 3995 1284 4058; x_wconf 90' lang='lat' dir='ltr'><strong>lulia</strong></span> <span class='ocrx_word' id='word_1_266' title='bbox 1316 3993 1415 4060; x_wconf 90' lang='lat' dir='ltr'><strong>Drusi</strong></span> <span class='ocrx_word' id='word_1_267' title='bbox 1455 3992 1534 4071; x_wconf 85' lang='lat' dir='ltr'><strong>lilia,</strong></span> 
     </span>
     <span class='ocr_line' id='line_1_31' title="bbox 302 4097 1540 4188; baseline 0.003 -26"><span class='ocrx_word' id='word_1_268' title='bbox 302 4098 473 4186; x_wconf 85' lang='lat' dir='ltr'><strong>quondam</strong></span> <span class='ocrx_word' id='word_1_269' title='bbox 493 4097 636 4163; x_wconf 78' lang='lat' dir='ltr'><strong>Neronis</strong></span> <span class='ocrx_word' id='word_1_270' title='bbox 656 4123 754 4170; x_wconf 84' lang='lat' dir='ltr'><strong>uxor.</strong></span> <span class='ocrx_word' id='word_1_271' title='bbox 774 4099 978 4188; x_wconf 85' lang='lat' dir='ltr'><strong>demrpsitin</strong></span> <span class='ocrx_word' id='word_1_272' title='bbox 996 4101 1133 4166; x_wconf 93' lang='lat' dir='ltr'><strong>domum</strong></span> <span class='ocrx_word' id='word_1_273' title='bbox 1167 4101 1312 4167; x_wconf 87' lang='lat' dir='ltr'><strong>llubellii</strong></span> <span class='ocrx_word' id='word_1_274' title='bbox 1347 4100 1479 4167; x_wconf 79' lang='lat' dir='ltr'><strong>ltlandi.</strong></span> <span class='ocrx_word' id='word_1_275' title='bbox 1497 4135 1540 4152; x_wconf 91' lang='lat'>-</span> 
     </span>
     <span class='ocr_line' id='line_1_32' title="bbox 302 4204 1539 4298; baseline 0.006 -34"><span class='ocrx_word' id='word_1_276' title='bbox 302 4207 333 4274; x_wconf 77' lang='lat' dir='ltr'><strong>o,</strong></span> <span class='ocrx_word' id='word_1_277' title='bbox 352 4204 405 4281; x_wconf 73' lang='lat' dir='ltr'><strong>ro.</strong></span> <span class='ocrx_word' id='word_1_278' title='bbox 420 4205 602 4296; x_wconf 72' lang='lat' dir='ltr'><strong>(Tiberius)</strong></span> <span class='ocrx_word' id='word_1_279' title='bbox 623 4207 789 4272; x_wconf 80' lang='lat' dir='ltr'><strong>dubitarit</strong></span> <span class='ocrx_word' id='word_1_280' title='bbox 806 4206 846 4272; x_wconf 93' lang='lat' dir='ltr'><strong>de</strong></span> <span class='ocrx_word' id='word_1_281' title='bbox 862 4208 1026 4273; x_wconf 82' lang='lat' dir='ltr'><strong>tradenda</strong></span> <span class='ocrx_word' id='word_1_282' title='bbox 1043 4233 1077 4274; x_wconf 90' lang='lat' dir='ltr'><strong>re</strong></span> <span class='ocrx_word' id='word_1_283' title='bbox 1104 4208 1250 4297; x_wconf 87' lang='lat' dir='ltr'><strong>publiea,</strong></span> <span class='ocrx_word' id='word_1_284' title='bbox 1280 4210 1426 4298; x_wconf 91' lang='lat' dir='ltr'><strong>primum</strong></span> <span class='ocrx_word' id='word_1_285' title='bbox 1453 4209 1539 4275; x_wconf 87' lang='lat' dir='ltr'><strong>inter</strong></span> 
     </span>
     <span class='ocr_line' id='line_1_33' title="bbox 300 4315 1539 4404; baseline 0.003 -28"><span class='ocrx_word' id='word_1_286' title='bbox 300 4320 453 4400; x_wconf 72' lang='lat' dir='ltr'><strong>nepotes,</strong></span> <span class='ocrx_word' id='word_1_287' title='bbox 470 4335 615 4401; x_wconf 82' lang='lat' dir='ltr'><strong>quorum</strong></span> <span class='ocrx_word' id='word_1_288' title='bbox 633 4315 741 4378; x_wconf 87' lang='lat' dir='ltr'><strong>Druso</strong></span> <span class='ocrx_word' id='word_1_289' title='bbox 756 4315 890 4399; x_wconf 75' lang='lat' dir='ltr'><strong>genitus</strong></span> <span class='ocrx_word' id='word_1_290' title='bbox 907 4316 1072 4403; x_wconf 71' lang='lat' dir='ltr'><strong>sanguine</strong></span> <span class='ocrx_word' id='word_1_291' title='bbox 1092 4325 1126 4381; x_wconf 93' lang='lat' dir='ltr'><strong>ct</strong></span> <span class='ocrx_word' id='word_1_292' title='bbox 1141 4318 1280 4382; x_wconf 90' lang='lat' dir='ltr'><strong>caritate</strong></span> <span class='ocrx_word' id='word_1_293' title='bbox 1300 4318 1448 4404; x_wconf 79' lang='lat' dir='ltr'><strong>propior.</strong></span> <span class='ocrx_word' id='word_1_294' title='bbox 1481 4315 1539 4381; x_wconf 92' lang='lat' dir='ltr'><strong>sed</strong></span> 
     </span>
    </p>
   </div>
   <div class='ocr_carea' id='block_1_3' title="bbox 304 4419 1537 4513">
    <p class='ocr_par' dir='ltr' id='par_1_3' title="bbox 304 4419 1537 4513">
     <span class='ocr_line' id='line_1_34' title="bbox 304 4419 1537 4513; baseline 0.003 -29"><span class='ocrx_word' id='word_1_295' title='bbox 304 4419 453 4485; x_wconf 92' lang='lat' dir='ltr'><strong>nondum</strong></span> <span class='ocrx_word' id='word_1_296' title='bbox 468 4420 679 4506; x_wconf 86' lang='lat' dir='ltr'><strong>pubertatem</strong></span> <span class='ocrx_word' id='word_1_297' title='bbox 702 4422 885 4507; x_wconf 73' lang='lat' dir='ltr'><strong>ingressus.</strong></span> <span class='ocrx_word' id='word_1_298' title='bbox 905 4461 947 4472; x_wconf 93' lang='lat'>-</span> <span class='ocrx_word' id='word_1_299' title='bbox 962 4423 993 4496; x_wconf 84' lang='lat'><strong>6,</strong></span> <span class='ocrx_word' id='word_1_300' title='bbox 1009 4423 1062 4488; x_wconf 71' lang='grc' dir='ltr'><strong>δι.</strong></span> <span class='ocrx_word' id='word_1_301' title='bbox 1085 4424 1217 4488; x_wconf 77' lang='grc' dir='ltr'>Μυιιιιιι</span> <span class='ocrx_word' id='word_1_302' title='bbox 1233 4448 1365 4513; x_wconf 77' lang='lat' dir='ltr'><strong>(proque</strong></span> <span class='ocrx_word' id='word_1_303' title='bbox 1387 4432 1537 4513; x_wconf 87' lang='lat' dir='ltr'><strong>tempora</strong></span> 
     </span>
    </p>
   </div>
   <div class='ocr_carea' id='block_1_4' title="bbox 301 4527 1539 5050">
    <p class='ocr_par' dir='ltr' id='par_1_4' title="bbox 301 4527 1539 5050">
     <span class='ocr_line' id='line_1_35' title="bbox 301 4527 1535 4618; baseline 0.006 -28"><span class='ocrx_word' id='word_1_304' title='bbox 301 4528 459 4614; x_wconf 71' lang='lat' dir='ltr'><strong>(Tiberio)</strong></span> <span class='ocrx_word' id='word_1_305' title='bbox 474 4527 664 4597; x_wconf 77' lang='lat' dir='ltr'><strong>diversa...</strong></span> <span class='ocrx_word' id='word_1_306' title='bbox 683 4528 853 4594; x_wconf 89' lang='lat' dir='ltr'><strong>oecultum</strong></span> <span class='ocrx_word' id='word_1_307' title='bbox 883 4556 920 4594; x_wconf 90' lang='lat' dir='ltr'><strong>ac</strong></span> <span class='ocrx_word' id='word_1_308' title='bbox 938 4530 1119 4595; x_wconf 87' lang='lat' dir='ltr'><strong>subdolum</strong></span> <span class='ocrx_word' id='word_1_309' title='bbox 1141 4532 1310 4618; x_wconf 84' lang='lat' dir='ltr'><strong>lingendis</strong></span> <span class='ocrx_word' id='word_1_310' title='bbox 1340 4530 1535 4610; x_wconf 63' lang='lat' dir='ltr'><strong>virtutibus</strong></span> 
     </span>
     <span class='ocr_line' id='line_1_36' title="bbox 302 4635 1539 4728; baseline 0.002 -29"><span class='ocrx_word' id='word_1_311' title='bbox 302 4635 407 4699; x_wconf 85' lang='lat' dir='ltr'><strong>donee</strong></span> <span class='ocrx_word' id='word_1_312' title='bbox 428 4635 649 4700; x_wconf 86' lang='lat' dir='ltr'><strong>Germanicus</strong></span> <span class='ocrx_word' id='word_1_313' title='bbox 687 4661 724 4701; x_wconf 92' lang='lat' dir='ltr'><strong>ac</strong></span> <span class='ocrx_word' id='word_1_314' title='bbox 754 4638 882 4700; x_wconf 83' lang='lat' dir='ltr'><strong>Drusus</strong></span> <span class='ocrx_word' id='word_1_315' title='bbox 921 4639 1125 4726; x_wconf 79' lang='lat' dir='ltr'><strong>superfuere.</strong></span> <span class='ocrx_word' id='word_1_316' title='bbox 1156 4679 1198 4688; x_wconf 94' lang='lat'><em>-</em></span> <span class='ocrx_word' id='word_1_317' title='bbox 1231 4663 1279 4716; x_wconf 78' lang='grc' dir='ltr'><strong>ιι,</strong></span> <span class='ocrx_word' id='word_1_318' title='bbox 1299 4665 1351 4728; x_wconf 80' lang='lat'><strong>29.</strong></span> <span class='ocrx_word' id='word_1_319' title='bbox 1386 4639 1539 4704; x_wconf 75' lang='lat' dir='ltr'><strong>l&#39;annius</strong></span> 
     </span>
     <span class='ocr_line' id='line_1_37' title="bbox 301 4742 1539 4833; baseline 0.004 -27"><span class='ocrx_word' id='word_1_320' title='bbox 301 4742 422 4807; x_wconf 77' lang='lat' dir='ltr'><strong>Suebis</strong></span> <span class='ocrx_word' id='word_1_321' title='bbox 435 4769 452 4806; x_wconf 93' lang='lat' dir='ltr'><strong>a</strong></span> <span class='ocrx_word' id='word_1_322' title='bbox 472 4745 578 4806; x_wconf 86' lang='lat' dir='ltr'><strong>Druso</strong></span> <span class='ocrx_word' id='word_1_323' title='bbox 595 4742 736 4809; x_wconf 71' lang='lat' dir='ltr'><strong>(laesere</strong></span> <span class='ocrx_word' id='word_1_324' title='bbox 756 4744 934 4830; x_wconf 86' lang='lat' dir='ltr'><strong>impositus</strong></span> <span class='ocrx_word' id='word_1_325' title='bbox 949 4745 1085 4833; x_wconf 89' lang='lat' dir='ltr'><strong>pellitur</strong></span> <span class='ocrx_word' id='word_1_326' title='bbox 1100 4771 1215 4832; x_wconf 76' lang='lat' dir='ltr'><strong>reguo,</strong></span> <span class='ocrx_word' id='word_1_327' title='bbox 1233 4785 1278 4797; x_wconf 89' lang='lat'><em>-</em></span> <span class='ocrx_word' id='word_1_328' title='bbox 1303 4749 1351 4821; x_wconf 78' lang='lat'><strong>13,</strong></span> <span class='ocrx_word' id='word_1_329' title='bbox 1371 4747 1424 4813; x_wconf 81' lang='lat'><strong>32.</strong></span> <span class='ocrx_word' id='word_1_330' title='bbox 1457 4747 1539 4812; x_wconf 88' lang='lat' dir='ltr'><strong>Post</strong></span> 
     </span>
     <span class='ocr_line' id='line_1_38' title="bbox 305 4849 1536 4942; baseline 0.004 -29"><span class='ocrx_word' id='word_1_331' title='bbox 305 4849 423 4913; x_wconf 92' lang='lat' dir='ltr'><strong>luliam</strong></span> <span class='ocrx_word' id='word_1_332' title='bbox 445 4851 544 4914; x_wconf 84' lang='lat' dir='ltr'><strong>Drusi</strong></span> <span class='ocrx_word' id='word_1_333' title='bbox 561 4850 664 4915; x_wconf 90' lang='lat' dir='ltr'><strong>liliam</strong></span> <span class='ocrx_word' id='word_1_334' title='bbox 683 4850 760 4915; x_wconf 88' lang='lat' dir='ltr'><strong>dolo</strong></span> <span class='ocrx_word' id='word_1_335' title='bbox 778 4852 982 4918; x_wconf 79' lang='lat' dir='ltr'><strong>Messalinae</strong></span> <span class='ocrx_word' id='word_1_336' title='bbox 998 4854 1221 4919; x_wconf 83' lang='lat' dir='ltr'><strong>interfectam.</strong></span> <span class='ocrx_word' id='word_1_337' title='bbox 1241 4895 1281 4903; x_wconf 93' lang='lat'><em>-</em></span> <span class='ocrx_word' id='word_1_338' title='bbox 1303 4855 1352 4924; x_wconf 78' lang='lat'><strong>13,</strong></span> <span class='ocrx_word' id='word_1_339' title='bbox 1370 4856 1425 4931; x_wconf 63' lang='lat'><strong>43.</strong></span> <span class='ocrx_word' id='word_1_340' title='bbox 1445 4854 1536 4942; x_wconf 84' lang='lat' dir='ltr'><strong>(Tes-</strong></span> 
     </span>
     <span class='ocr_line' id='line_1_39' title="bbox 303 4957 1536 5050; baseline 0.006 -29"><span class='ocrx_word' id='word_1_341' title='bbox 303 4962 354 5021; x_wconf 87' lang='lat' dir='ltr'><strong>tes</strong></span> <span class='ocrx_word' id='word_1_342' title='bbox 390 4957 427 5022; x_wconf 83' lang='lat' dir='ltr'><strong>l&#39;.</strong></span> <span class='ocrx_word' id='word_1_343' title='bbox 459 4957 635 5044; x_wconf 61' lang='lat' dir='ltr'><strong>Suillio)...</strong></span> <span class='ocrx_word' id='word_1_344' title='bbox 667 4958 786 5024; x_wconf 87' lang='lat' dir='ltr'><strong>luliam</strong></span> <span class='ocrx_word' id='word_1_345' title='bbox 815 4961 915 5024; x_wconf 89' lang='lat' dir='ltr'><strong>Drusi</strong></span> <span class='ocrx_word' id='word_1_346' title='bbox 941 4960 1086 5027; x_wconf 88' lang='lat' dir='ltr'><strong>liliam...</strong></span> <span class='ocrx_word' id='word_1_347' title='bbox 1118 4962 1161 5028; x_wconf 91' lang='lat' dir='ltr'><strong>ad</strong></span> <span class='ocrx_word' id='word_1_348' title='bbox 1184 4971 1325 5028; x_wconf 89' lang='lat' dir='ltr'><strong>mortem</strong></span> <span class='ocrx_word' id='word_1_349' title='bbox 1354 4963 1536 5050; x_wconf 88' lang='lat' dir='ltr'><strong>(actam)...</strong></span> 
     </span>
    </p>
   </div>
   <div class='ocr_carea' id='block_1_5' title="bbox 0 0 1860 6228">
    <p class='ocr_par' dir='ltr' id='par_1_5' title="bbox 0 0 1860 6228">
     <span class='ocr_line' id='line_1_40' title="bbox 0 0 1860 6228; baseline 0 0"><span class='ocrx_word' id='word_1_350' title='bbox 0 0 1860 6228; x_wconf 95' lang='lat' dir='ltr'><strong> </strong></span> 
     </span>
    </p>
   </div>
  </div>
 </body>
</html>
