3709 6234
802 906 1018 957 aaraimsous
1515 901 1551 956 93

318 1045 430 1110 Dahas
449 1045 586 1110 adultus
605 1047 736 1111 excitur
761 1055 794 1134 (a
830 1047 975 1125 Parthis,
992 1055 1028 1111 ut
1058 1070 1160 1133 regno
1181 1047 1384 1134 potiatur)...
1407 1086 1449 1094 -
1465 1072 1497 1126 a,
1516 1051 1547 1124 4.

315 1153 382 1218 Sed
403 1152 459 1217 ubi
475 1153 624 1218 minitari
640 1152 836 1218 Artabanus
852 1154 895 1241 (V
898 1154 1056 1243 ononi)...
1068 1194 1111 1202 —
1126 1178 1155 1234 2,
1174 1156 1226 1219 58.
1245 1153 1300 1218 Ab
1316 1177 1393 1241 rege
1410 1154 1550 1219 Partho·

315 1283 389 1324 rum
406 1258 579 1325 Artabano
598 1260 701 1347 legati
714 1284 836 1326 venere
855 1260 912 1348 (ad
938 1261 1234 1348 Germanicum)...
1259 1262 1385 1327 Datum
1416 1261 1449 1325 id
1482 1285 1549 1325 non

315 1367 415 1432 modo
441 1368 596 1456 precibus
629 1369 795 1434 Artabani
823 1378 874 1459 (ut
905 1369 1064 1434 Vonones
1104 1370 1343 1459 amoveretur),
1374 1369 1476 1435 sed...
1505 1408 1549 1418 -

316 1474 349 1554 6,
367 1474 420 1541 31.
436 1475 576 1540 Nobiles
597 1476 713 1542 l’arthi
730 1477 763 1540 in
784 1476 902 1541 urbem
917 1500 1052 1558 venere,
1072 1478 1190 1563 ignaro
1207 1500 1284 1564 rege
1309 1475 1495 1543 Artabano,
1517 1476 1549 1541 Is

317 1591 408 1648 metu
423 1584 615 1649 Germanici
636 1584 723 1648 lidus
740 1584 914 1665 llomanis,
936 1583 1123 1672 aequabilis
1152 1585 1185 1649 in
1213 1608 1306 1664 suos,
1329 1608 1408 1649 mox
1433 1606 1552 1673 super-

316 1688 405 1753 biam
432 1690 465 1754 in
499 1714 574 1772 nos,
595 1691 770 1756 saevitiam
795 1691 829 1755 in
853 1691 1034 1780 populares
1063 1693 1251 1781 sumpsit...
1269 1691 1355 1770 Quia
1379 1691 1549 1756 neminem

315 1800 427 1885 gentis
444 1799 682 1865 Arsacidarum
703 1824 855 1866 summae
870 1801 916 1866 rei
934 1801 1106 1888 imponere
1121 1808 1290 1889 poterant,
1308 1801 1495 1866 interfectis
1510 1800 1552 1865 ab

317 1906 491 1971 Artabano
525 1906 695 1996 plerisque
733 1915 791 1973 aut
829 1907 979 1972 nondum
1017 1907 1184 1974 adultis..
1208 1944 1247 1957 -
1278 1908 1308 1984 6,
1340 1910 1393 1973 32.
1423 1908 1552 1973 lnterea

316 2014 462 2101 cognitis
477 2014 610 2078 insidiis
626 2014 822 2080 Artabanus
840 2016 963 2080 tardari
980 2022 1085 2095 metu,
1098 2015 1198 2080 modo
1215 2014 1371 2103 cupidine
1382 2015 1552 2081 vindictae

316 2120 569 2187 inardescere...
593 2121 787 2187 Tiberius...
821 2122 1004 2188 Tiridatem
1048 2123 1224 2210 sanguinis
1256 2121 1407 2188 eiusdem
1445 2122 1552 2212 (cuius

318 2229 509 2317 Phanotes)
525 2229 696 2294 aemulum
717 2228 935 2298 Artabano...
954 2230 1085 2318 deligit.
1102 2269 1140 2281 -·
1153 2229 1185 2310 6,
1197 2230 1250 2295 33.
1264 2228 1357 2308 Quae
1371 2238 1551 2319 postquam

318 2335 656 2422 Artabanocognita,
677 2336 783 2400 tilium
810 2336 958 2401 Orodem
978 2337 1121 2402 ultorem
1156 2343 1263 2425 parat.
1285 2375 1330 2387 -
1350 2337 1381 2417 6,
1400 2336 1452 2402 36.
1471 2338 1553 2402 Mox

318 2443 514 2508 ,lrtabanus
530 2450 598 2507 tota
621 2442 708 2508 mole
725 2444 819 2531 regni
835 2444 945 2509 ultum
967 2444 1005 2508 iit
1023 2444 1190 2510 ...Tum...
1209 2468 1367 2509 versae...
1386 2443 1553 2509 Artabani

317 2574 381 2630 res,
414 2550 585 2615 inliciente
616 2549 765 2628 Vitellio,
797 2550 992 2616 desererent
1025 2574 1137 2638 regem
1172 2574 1311 2615 saevum
1345 2552 1379 2616 in
1410 2574 1492 2639 pace
1519 2559 1554 2616 et

317 2658 470 2723 adversis
489 2655 694 2745 proeliorum
722 2658 945 2725 exitiosum...
969 2658 1038 2723 Nec
1060 2658 1124 2722 iam
1150 2657 1243 2723 aliud
1270 2656 1444 2723 Artabano
1469 2658 1553 2723 reli·

317 2789 434 2854 quum.
450 2788 550 2853 quam
568 2765 595 2828 si
611 2764 670 2851 qui
681 2774 897 2830 externorum
913 2766 1044 2853 corpori
1060 2766 1217 2830 custodes
1233 2766 1384 2831 aderant.
1400 2804 1436 2815 -
1449 2765 1480 2844 6,
1496 2766 1551 2855 37.

318 2876 364 2938 ,it
404 2872 561 2936 l'itellius
589 2873 733 2960 prologo
768 2872 988 2939 Artabano...
1032 2872 1186 2938 hortatus
1219 2873 1389 2938 Tiridaten
1436 2880 1551 2961 parata

315 3003 533 3068 capessere...
566 3019 609 3028 -
652 2981 685 3060 6,
711 2982 765 3056 ἀι.
797 2979 1004 3045 Tiridates...
1031 2980 1153 3067 oppida
1178 2980 1315 3067 recepit,
1345 2978 1553 3044 certantibus

317 3088 452 3172 gaudio,
483 3088 540 3175 qui
578 3086 790 3152 Artabanum
820 3087 965 3173 Scythas
993 3087 1081 3151 inter
1109 3086 1269 3151 eductum
1301 3086 1344 3151 ob
1377 3086 1553 3151 saevitiam

316 3194 523 3275 exsecrati..
548 3193 640 3272 -6,
662 3197 712 3271 42.
750 3194 916 3273 Quotiens
945 3194 1129 3259 concordes
1162 3203 1268 3281 agunt
1285 3193 1551 3282 (Seleucenses),

317 3303 487 3390 spernitur
503 3302 690 3367 Parthus...
707 3323 714 3382 ;
733 3302 790 3366 abi
815 3301 1044 3367 dissensere...
1074 3301 1111 3365 ld
1131 3325 1237 3389 nuper
1261 3301 1429 3365 acciderat
1453 3302 1553 3366 Arta-

316 3410 405 3474 bano
419 3417 595 3496 regnante,
609 3410 666 3498 qui
688 3408 819 3496 plebem
836 3408 1041 3496 primoribus
1059 3408 1236 3474 tradidit...
1251 3407 1377 3473 Probra
1394 3408 1428 3472 in
1452 3409 1555 3474 Arta-

318 3517 442 3582 banum
472 3516 658 3581 tundebant
689 3516 949 3604 (Seleucenses),
996 3524 1146 3581 materna
1186 3516 1316 3604 origine
1350 3516 1551 3594 Arsaciden,

317 3634 428 3691 cotem
443 3627 658 3710 degenerem.
677 3663 720 3672 -
735 3624 766 3701 6,
789 3624 843 3701 43.
876 3624 1067 3712 (Tiridates)
1087 3622 1273 3688 adsidendo
1293 3623 1483 3699 castellum,
1520 3625 1553 3689 in

317 3733 408 3821 quod
429 3732 606 3820 pecuniam
622 3738 656 3796 et
671 3732 817 3820 paelices
833 3731 1029 3796 Artabanus
1062 3730 1264 3811 contulerat,
1287 3730 1380 3794 dedit
1406 3731 1553 3818 spatium

317 3840 462 3906 exuendi
477 3847 586 3928 pacta.
602 3838 688 3903 Nam
724 3838 887 3902 Phraates
906 3845 940 3903 et
968 3838 1069 3901 lliero
1089 3846 1122 3902 et
1138 3838 1238 3925 siqui
1255 3837 1368 3912 alii...,
1390 3836 1433 3901 ad
1453 3839 1555 3904 Arta-

316 3946 442 4012 banum
463 3954 593 4011 vertere
609 3966 616 4024 ;
634 3946 730 4033 isque
747 3946 779 4008 io
795 3945 964 4031 llyrcanis
985 3951 1138 4031 repertus
1149 3952 1240 4011 est...
1253 3944 1338 4024 --6,
1350 3947 1404 4021 dl.
1416 3944 1553 4033 Iamque

318 4052 423 4117 multa
459 4076 558 4116 manu
598 4051 786 4139 propinqua
820 4050 993 4115 Seleuciae
1025 4049 1242 4127 adventabat,
1281 4074 1357 4115 cum
1389 4052 1554 4119 Tiridates

318 4159 418 4226 simul
448 4159 535 4223 lama
565 4167 667 4246 atque
701 4158 774 4245 ipso
800 4156 975 4222 Artabano
1012 4157 1188 4244 perculsus
1204 4156 1345 4222 distrahi
1361 4159 1553 4226 consiliis..

319 4267 488 4355 Principio
504 4290 522 4332 a
539 4275 640 4354 gente
656 4264 808 4330 Arabum
825 4264 912 4330 laicto
928 4266 1030 4329 ceteri
1047 4264 1166 4329 domos
1182 4265 1306 4330 abeunt
1318 4265 1373 4330 vel
1393 4266 1426 4331 in
1446 4275 1556 4332 castra

321 4375 526 4440 Artabani...

285 4481 584 4547 .iltT.iti.-int's¹.
608 4507 718 4561 -ιι,
754 4481 785 4545 8.
813 4482 975 4546 Gotarzes
1005 4481 1092 4545 inter
1125 4480 1284 4568 pleraque
1318 4504 1417 4546 saera
1439 4505 1555 4548 necem

321 4589 414 4655 fratri
434 4587 610 4654 Artabano
628 4589 831 4677 coniugique
851 4611 888 4653 ac
908 4587 978 4652 filio
999 4588 1071 4652 eius
1084 4596 1272 4675 puniverat.

290 4695 588 4761 attTit'nSDtts.
603 4734 647 4746 -
659 4722 690 4777 2,
702 4697 731 4760 3.
743 4696 945 4783 (Antonius)
962 4694 1177 4761 Artavasden
1188 4718 1300 4781 regem
1315 4697 1555 4764 Armeniorum

316 5066 322 5097 ¹
338 5066 524 5131 Pncm·1·.,952.
538 5068 620 5116 Filius
634 5068 692 5116 eius
709 5067 755 5130 qui
770 5069 918 5130 praecedit.
