3709 6234
711 843 823 899 nosivs
842 845 990 898 REGVLVS
1439 840 1495 895 595

259 1011 443 1076 omnesque
458 986 669 1052 Albanorum
689 1010 785 1075 reges
806 995 837 1053 et
859 986 1013 1053 conditor
1029 985 1122 1051 urbis
1138 986 1344 1052 Romulus...
1361 993 1495 1074 specta-

259 1104 386 1160 rentur.
404 1134 447 1144 -
467 1094 499 1177 6,
522 1118 571 1160 ri.
592 1095 718 1160 Ferunt
737 1146 758 1161 ..
776 1094 818 1159 ab
841 1093 985 1159 llomulo
1007 1095 1167 1160 Dentrem
1188 1093 1384 1159 Romulium
1403 1091 1493 1177 (urbi

258 1203 479 1290 impositum).
501 1240 545 1250 —
569 1225 619 1272 ri,
643 1204 696 1278 af.
735 1202 915 1290 (Loquitur
935 1201 1098 1267 Claudius
1123 1201 1262 1287 Caesar)
1293 1228 1307 1260 «
1332 1199 1495 1266 Conditor

260 1311 366 1376 nostri
396 1309 561 1374 Romulus
590 1316 722 1374 tantum
747 1309 910 1397 sapientia
937 1309 1057 1390 valuit,
1085 1316 1121 1374 ut
1146 1308 1325 1399 plerosque
1351 1307 1494 1395 populos

160 1458 163 1464 -
259 1417 378 1482 eodcm
404 1417 457 1482 die
482 1418 609 1498 hostes,
634 1417 711 1481 dein
732 1422 823 1482 cives
848 1416 1012 1483 habuerit.
1041 1441 1056 1478 a
1078 1418 1263 1496 -11,25.
1288 1415 1408 1481 Paucis
1428 1416 1495 1478 iam

259 1524 397 1612 reliquis
422 1524 624 1589 familiarum
638 1525 896 1612 (patriciarum),
914 1548 998 1614 quas
1022 1524 1376 1599 llomulusanaiorum
1399 1531 1432 1588 ct
1455 1522 1493 1587 L.

260 1632 385 1697 Brutus
406 1627 572 1697 rriinorum
587 1631 740 1718 gentium
755 1631 1021 1720 appellaverant.
1038 1671 1081 1680 -
1101 1656 1151 1712 12,
1168 1634 1220 1708 al.
1239 1631 1338 1710 Quod
1353 1654 1496 1719 pomoe-

259 1739 345 1803 rium
358 1738 523 1806 Romulus
538 1740 699 1828 posuerit,
715 1761 853 1805 noscere
865 1740 956 1805 haud
966 1738 1151 1805 absurdum
1164 1762 1248 1804 reor,
1258 1788 1279 1805 ..
1305 1738 1331 1802 F
1333 1762 1496 1827 oramque

260 1854 292 1911 ct
306 1846 510 1934 Capitolium
526 1871 592 1911 non
608 1871 626 1911 a
644 1847 801 1924 ltomulo,
817 1847 876 1912 sed
891 1870 909 1911 a
924 1847 999 1912 Tito
1014 1846 1109 1912 Tatio
1127 1846 1280 1912 additum
1299 1845 1374 1911 urbi
1391 1845 1496 1912 credi·

260 1941 350 2020 dere.
368 1991 412 2004 -
430 1954 478 2033 13,
498 1954 550 2018 58.
574 1954 787 2019 lluminalcm
804 1953 1014 2034 arborem...,
1032 1979 1159 2044 quae...
1177 1955 1273 2019 ltemi
1294 1954 1497 2043 Romulique

260 2060 435 2127 infantiam
452 2069 593 2127 texerat.
616 2100 658 2109 -
676 2063 726 2132 15,
745 2065 799 2138 tr.
818 2062 972 2128 Aedes...
989 2063 1133 2127 Statoris
1150 2061 1238 2126 lovis
1258 2071 1336 2128 vota
1353 2061 1497 2127 ltomulo

262 2168 432 2254 (incendio
458 2169 602 2233 Neronis
628 2169 751 2233 amissa
772 2171 850 2252 cst).
878 2207 920 2219 -
946 2169 989 2250 ll,
1014 2170 1098 2258 95...
1123 2169 1372 2254 Augustales...
1400 2169 1498 2249 Quod

262 2276 502 2350 sacerdotium,
525 2285 562 2341 ut
589 2274 756 2340 llomulus
780 2276 876 2340 'latio
903 2276 986 2364 regi,
1008 2276 1054 2341 ita
1077 2277 1200 2342 Caesar
1219 2276 1372 2342 Tiberius
1395 2275 1497 2341 luliae

261 2385 354 2470 genti
370 2383 526 2448 sacravit.

222 2489 402 2556 llllSClA¹
422 2492 522 2556 LEX.
537 2530 579 2539 —
602 2493 651 2570 15,
669 2491 722 2555 132.
741 2490 855 2579 (Nero)
869 2491 1022 2579 equitum
1044 2491 1273 2557 Romanorum
1296 2491 1389 2557 locos
1407 2492 1498 2557 sedi·
1597 2487 1601 2495 '

262 2597 351 2663 libus
366 2599 680 2686 plebisanteposuit
699 2597 788 2687 apud
811 2599 955 2678 circum;
974 2621 1120 2687 namque
1138 2600 1179 2664 ad
1200 2623 1273 2664 cam
1290 2599 1380 2664 diem
1395 2599 1499 2664 indis.

262 2707 345 2771 creti
365 2705 507 2786 inibant,
531 2706 608 2795 quia
632 2705 685 2771 lex
707 2706 829 2771 Roscia
849 2705 933 2770 nihil
961 2705 1026 2770 nisi
1044 2706 1085 2771 de
1106 2705 1374 2795 quattuordecim
1410 2708 1499 2772 ordi-

264 2814 363 2879 nibus
379 2814 503 2879 sanxit.

219 2921 501 2987 ROS‹.11VS··‘.-
521 2923 559 2986 0.
579 2944 630 2985 20.
652 2919 829 3008 (Loquitur
862 2921 969 3007 Aper)
999 2946 1016 2981 a
1035 2919 1104 2986 Nec
1125 2922 1234 3010 magis
1253 2921 1379 3009 perfert
1395 2924 1498 3008 (nunc

264 3030 386 3117 vulgus
402 3028 653 3114 adsistentium)
670 3027 703 3091 in
721 3027 853 3091 iudiciis
868 3027 999 3092 tristem
1015 3034 1049 3093 et
1063 3027 1232 3117 impexam
1249 3029 1498 3118 antiquitatem,

263 3159 364 3225 quam
383 3136 412 3198 si
431 3136 507 3224 quis
527 3136 561 3199 in
581 3159 701 3200 scaena
722 3133 859 3210 ltoscii³
873 3142 932 3199 aut
944 3135 1123 3224 Turpionis
1144 3135 1294 3201 Ambivii
1313 3137 1500 3224 exprimere

263 3251 380 3331 gestus
401 3242 494 3308 velit.
516 3271 531 3301 »

220 3350 409 3417 llOSClVS
432 3349 637 3426 CAELIVS,
659 3349 853 3415 CAELIVS
864 3349 889 3416 ⁴.
906 3386 950 3400 -
973 3350 999 3424 l,
1022 3350 1075 3414 60.
1102 3349 1260 3416 Praeerat
1280 3351 1501 3436 (Britanniae)

263 3458 451 3523 Trebellius
475 3459 687 3522 Maximus...
706 3465 919 3546 contemptus
948 3458 1111 3523 exercitui
1137 3459 1346 3546 invisusque.
1368 3460 1501 3524 Accen-

264 3565 364 3631 debat
386 3565 500 3629 odium
523 3569 594 3630 eius
619 3565 761 3629 lloscius
783 3564 917 3631 Caelius
940 3565 1073 3650 legatus
1092 3566 1297 3631 vicensimae
1313 3566 1498 3653 legionis..

263 3673 451 3738 Trebellius
476 3673 677 3738 seditionem
706 3680 740 3738 ct
764 3673 942 3737 confusum
969 3673 1121 3738 ordinem
1146 3673 1344 3763 disciplinae
1372 3675 1498 3746 Caelio,

264 3781 426 3869 spoliatas
440 3788 474 3846 et
489 3781 606 3868 inopes
623 3779 774 3867 legiones
794 3780 929 3846 Caelius
949 3777 1115 3845 Trebellio
1135 3780 1366 3848 obiectabat...
1387 3782 1502 3870 quue

264 3888 452 3954 discordiae
476 3896 629 3969 ventum,
645 3895 682 3953 ut
697 3887 910 3953 auxiliarium
931 3911 1065 3978 quoque
1087 3888 1231 3954 militum
1247 3889 1409 3954 conviciis
1425 3913 1500 3977 pro·

266 3997 420 4062 turbatus
440 4006 473 4063 et
494 3996 761 4084 adgregantibus
784 4019 820 4061 sc
842 3995 957 4061 Caelio
978 3996 1172 4062 cohortibus
1197 3996 1326 4085 alisque
1347 3996 1501 4062 desertus

265 4104 455 4169 Trebellius
476 4106 517 4169 ad
542 4104 718 4169 Vitellium
738 4103 966 4192 profugerit...
990 4104 1120 4169 flexere
1141 4104 1379 4192 (provinciam)
1399 4103 1501 4190 legati

266 4211 451 4298 legionum,
469 4236 566 4299 pares
581 4213 665 4289 iure,
684 4210 819 4277 Caelius
835 4211 990 4276 audendo
1005 4210 1209 4300 potentior?

223 4318 383 4384 lansius
404 4320 586 4384 ltECVLV
589 4319 624 4384 S.
646 4359 690 4369 —
706 4318 765 4399 lll,
790 4320 843 4407 37.
868 4318 936 4383 Nec
961 4318 1068 4384 defuit
1090 4320 1150 4408 qui
1176 4342 1279 4384 unum
1305 4319 1502 4385 consulatus

267 4427 368 4507 diem,
393 4427 422 4490 is
444 4427 534 4492 enim
556 4427 722 4492 inlocum
746 4427 910 4492 Caecinae
938 4433 1124 4514 supererat,
1146 4449 1269 4514 magno
1294 4450 1370 4492 cum
1396 4428 1503 4492 inrisu

255 4676 262 4709 ¹
284 4671 484 4732 lntcllegendus
502 4676 541 4718 est
561 4669 587 4717 L.
609 4669 723 4718 lloseius
739 4670 819 4722 Ollio.
839 4671 965 4719 tribunus
982 4671 1071 4733 plebis
1088 4687 1112 4721 a.
1127 4672 1174 4734 6⁸7
1190 4691 1220 4716 =
1234 4673 1273 4735 67.

254 4756 265 4790 ²
283 4757 315 4808 Q.
334 4754 446 4801 ltoscius
463 4752 565 4798 Callus.

254 4837 266 4866 ²⁴
285 4834 440 4882 Boettieber
458 4848 463 4880 :
481 4836 509 4890 t).
522 4831 620 4882 Roscii.
641 4836 753 4894 propter
767 4833 989 4883 concinnitatem.

254 4921 265 4949 ⁴
284 4916 320 4962 bl.
340 4915 454 4962 lloseius
472 4913 578 4960 Caelius
591 4913 758 4963 oelCoelius.
776 4914 888 4963 l‘uosor.
910 4913 949 4976 67.

254 4996 313 5045 ὃν.
332 4997 413 5044 etiam
433 4997 464 5042 .l.
481 5012 504 5055 7.
