3709 6234
806 850 917 903 FABIVS
938 848 1059 901 valeus
1520 846 1572 901 ‘269

335 989 490 1067 inlciunt,
510 990 652 1056 Fabium
673 989 865 1072 Fabullum,
888 990 1025 1077 quintae
1042 987 1186 1075 legionis
1206 986 1354 1073 legatum
1367 995 1402 1052 et
1416 988 1571 1055 Cassium

336 1098 504 1185 Longum,
526 1098 731 1187 praelectum
746 1105 946 1166 castrorum.
964 1096 1067 1160 duces
1082 1094 1248 1182 deligunt.

291 1204 471 1290 (FABIVS
487 1204 668 1293 IVSTVS)
687 1204 843 1271 IVSTVS
859 1202 1051 1269 FABIVS¹.
1062 1204 1149 1267 -0,
1170 1226 1197 1267 1.
1215 1202 1321 1291 Saepe
1336 1226 1376 1268 ex
1395 1226 1448 1268 me
1463 1204 1572 1291 requi·

333 1311 394 1394 ris,
425 1312 515 1377 Iuste
537 1313 562 1377 F
566 1312 632 1385 abi,
649 1335 748 1378 cur...
776 1320 892 1377 nostra
918 1310 1133 1399 potissimum
1151 1317 1244 1374 aetas
1263 1309 1395 1375 deserta
1423 1318 1456 1375 et
1471 1309 1571 1376 laude

335 1417 549 1509 eloquentiae
569 1418 687 1485 orbata
707 1420 766 1484 vix
781 1441 904 1484 nomen
920 1418 1032 1505 ipsum
1047 1417 1191 1482 oratoris
1214 1416 1367 1482 retineat.

294 1524 457 1593 FABIVS
489 1526 736 1604 MAXIMVSl,
771 1525 997 1601 MAXIMVS,
1032 1523 1207 1590 FABIVS.
1234 1562 1277 1573 —
1321 1548 1349 1591 1.
1375 1526 1406 1590 5.
1443 1526 1572 1591 Ilumor

336 1633 534 1712 incesserat,
563 1657 688 1722 paucos
716 1641 793 1698 ante
822 1655 956 1697 menses
989 1632 1197 1719 Augustum,
1231 1630 1348 1697 electis
1372 1634 1516 1698 consciis
1538 1640 1572 1699 et

335 1741 459 1806 comite
487 1763 555 1807 uno
579 1740 682 1806 Fabio
710 1740 872 1819 Maximo,
909 1738 1103 1804 Planasiam
1143 1747 1277 1804 vectum
1319 1738 1363 1804 ad
1391 1740 1570 1807 visendum

334 1848 568 1937 Agrippam...
600 1847 700 1927 Quod
723 1846 911 1912 Maximum
945 1846 1040 1910 uxori
1075 1846 1222 1911 Marciae
1248 1846 1446 1933 aperuisse;
1477 1846 1571 1913 illam

335 1954 461 2021 Liviae.
480 1956 631 2021 Gnarum
660 1954 696 2020 id
708 1954 854 2022 Caesari.
878 1950 994 2041 Neque
1021 1951 1126 2017 multo
1153 1960 1231 2040 post
1263 1954 1431 2018 exstincto
1452 1954 1568 2035 Fabia,

335 2061 478 2128 dubium
492 2086 535 2129 an
551 2064 705 2152 quaesita
731 2073 881 2129 morte...

290 2170 469 2258 (FABIVS
494 2171 700 2258 PAVLVS),
734 2170 911 2236 PAVLVS
932 2168 1095 2236 FABIVS
1115 2169 1138 2232 ³³.
1154 2168 1240 2240 -6,
1258 2173 1310 2239 28.
1331 2168 1436 2235 Paulo
1466 2170 1569 2235 Fabio

335 2278 374 2344 L.
399 2278 535 2343 Vitellio
551 2277 760 2345 consulibus.

291 2384 456 2451 FABIVS
469 2385 790 2464 PIlISCVS.-IV‚
810 2409 862 2473 79.
879 2386 1057 2472 (Quartam
1073 2382 1253 2470 decimam)
1264 2382 1429 2470 legionem
1443 2391 1566 2450 terres-

335 2493 379 2558 tri
394 2492 512 2558 itinere
535 2492 660 2558 Fabius
681 2493 817 2558 Priscus
832 2491 964 2579 legatus
990 2491 1024 2555 in
1044 2490 1186 2555 Nervios
1209 2490 1430 2579 Tungrosque
1457 2491 1566 2569 duxit,

334 2622 459 2689 eaeque
478 2601 633 2666 civitates
647 2601 680 2665 in
696 2599 901 2665 deditionem
919 2605 1086 2685 acceptae.

291 2703 454 2774 FABIVS
475 2707 709 2774 BOMANVS.
726 2745 770 2757 -
798 2706 848 2784 ιθ,
877 2705 1084 2795 17.(Lucani
1108 2706 1217 2793 pater)
1239 2707 1403 2771 Annaeus
1420 2706 1565 2778 Mela...

335 2813 415 2879 dum
430 2838 501 2880 rem
522 2814 721 2880 familiarem
740 2815 813 2879 eius
838 2814 959 2879 acrIter
987 2813 1144 2901 requirIt‚
1164 2820 1395 2879 accusatorem
1422 2814 1569 2880 concivit

336 2920 477 2988 Fabium
498 2922 702 3003 Romanum,
720 2945 761 2987 ex
772 2921 902 2987 intimis
919 2921 1046 2985 Lucani
1059 2920 1217 2985 amicis...

290 3028 454 3096 FABIVS
495 3030 725 3111 BI'STICI'S,
759 3029 921 3096 FABIVS
937 3028 958 3093 ¹¹.
988 3066 1027 3078 -
1064 3027 1113 3110 13,
1147 3052 1199 3094 ao.
1241 3029 1366 3094 Fabius
1406 3030 1569 3097 Ilusticus

334 3145 451 3203 auctor
466 3145 518 3204 est
535 3138 679 3226 scriptos
687 3161 760 3203 esse
776 3136 819 3203 ad
834 3135 1015 3202 Caecinam
1037 3136 1183 3201 Tuscum
1199 3135 1387 3215 codicillos,
1410 3138 1569 3205 mandata

336 3244 365 3310 ei
385 3246 628 3334 praetoriarum
655 3246 845 3311 cohortium
876 3267 969 3324 cura,
992 3243 1052 3308 sed
1076 3266 1139 3331 ope
1167 3244 1315 3311 Senecae
1337 3244 1567 3332 dignationem

337 3352 443 3418 Burro
468 3361 675 3420 retentam...
694 3355 783 3418 Sane
799 3351 925 3417 Fabius
947 3350 1086 3416 inclinat
1104 3350 1146 3416 ad
1161 3349 1280 3416 laudes
1297 3353 1456 3430 Senecae,
1473 3354 1569 3418 cuius

335 3460 483 3526 amicitia
506 3461 633 3526 Iloruit.
650 3499 693 3509 —
713 3462 762 3539 ιά,
785 3483 815 3526 a.
839 3458 965 3526 Fabius
982 3458 1143 3523 Rusticus
1169 3481 1237 3522 non
1261 3459 1482 3547 Agrippinae.
1507 3460 1567 3525 sed

334 3566 459 3634 Neroni
474 3568 627 3656 cupitum
644 3568 840 3654 (incestum)
863 3572 1028 3633 memorat
1038 3565 1255 3653 eiusdemque
1281 3566 1415 3652 (Actes)
1428 3565 1568 3633 libertae

335 3682 410 3740 astu
437 3675 628 3741 disiectum.
644 3713 687 3723 —
708 3674 758 3754 15,
783 3674 837 3739 61.
861 3674 979 3739 Tradit
1004 3673 1129 3738 Fabius
1158 3673 1361 3738 Ilusticus...
1394 3673 1568 3739 tribunum

335 3781 490 3870 (missum
506 3806 525 3849 a
541 3782 672 3848 Nerone
687 3781 729 3847 ad
743 3781 919 3862 Senecam,
941 3788 980 3846 ut
999 3782 1027 3845 ei
1044 3788 1187 3846 mortem
1202 3779 1420 3868 indiceret)...
1434 3781 1568 3847 llexisse

335 3889 378 3955 ad
400 3889 563 3956 FaenIum
589 3890 796 3978 praelectum
822 3898 897 3955 et...
927 3911 971 3954 an
1002 3887 1252 3977 obtemperaret
1290 3888 1566 3976 interrogavisse.

334 3998 567 4087 monitumque
598 3997 640 4062 ab
660 4019 698 4063 eo
718 4006 756 4063 ut
771 4004 1052 4087 exsequeretur...
1068 3996 1166 4061 -Α,
1189 4019 1239 4062 ιο.
1276 3995 1433 4062 Formam
1463 3997 1568 4064 lotias

334 4106 528 4172 Britanniae
544 4104 661 4170 Livius
672 4113 838 4182 veterum,
848 4103 972 4169 Fabius
988 4104 1149 4169 Rusticus
1161 4104 1346 4170 recentium
1362 4103 1568 4193 eloquentis-

334 4214 412 4279 simi
426 4221 581 4279 auctores
593 4211 760 4299 oblongae
781 4211 934 4278 scutulae
950 4210 1003 4276 vel
1018 4210 1154 4299 bipenni
1171 4210 1429 4278 adsimulavere.

289 4320 453 4387 FABIVS
470 4319 659 4401 I'ALENS,
674 4319 864 4398 VALENS,
877 4318 1041 4384 FABIVS
1051 4317 1075 4396 ⁵,
1086 4317 1297 4398 FABII.-I,
1316 4343 1347 4406 7.
1360 4318 1570 4408 (Fonteium)

335 4429 534 4518 Capitonem
549 4428 584 4493 in
591 4428 783 4508 Germania,
797 4424 1400 4513 cum(turbas)coeptaret‚CorneIius
1411 4427 1569 4516 Aquiuus

323 4669 332 4702 ¹
352 4665 380 4716 1..
400 4667 500 4715 Faqus
520 4666 620 4713 Iustus.
638 4664 812 4713 Paosor..1la.

320 4748 332 4783 ²
349 4746 458 4796 Paullus
475 4746 576 4794 Fabius
594 4746 739 4794 Maximus.
758 4744 881 4801 Proser„
895 4743 932 4792 38.

319 4825 332 4867 ³
350 4827 459 4877 Paullus
476 4827 575 4875 Fabius
592 4826 726 4875 Persicus.
740 4824 861 4874 I‘uosor..
877 4831 916 4881 42.
936 4822 1029 4874 Filius.
1045 4826 1073 4871 ut
1090 4822 1206 4874 ridetur,
1224 4820 1282 4868 eius
1299 4820 1344 4881 qui
1359 4819 1510 4881 praecedit.

320 4907 332 4944 ⁴
349 4908 473 4968 Peneon,
489 4908 529 4956 5².

320 4989 332 5025 ⁵
350 4990 473 5050 Psoron,
490 4990 530 5052 57.
