3709 6234
287 838 342 891 5492>
792 841 903 894 lt'ruvs
924 842 1061 894 ullesvs

288 982 356 1049 Ἰ).
380 981 542 1064 lVNll'S,
562 1007 594 1049 v.
616 982 797 1071 IVNIVS(
830 985 854 1070 ).

286 1091 350 1157 ”Τ.
370 1088 534 1170 IVNIVS,
553 1114 586 1157 v.
608 1092 646 1158 Τ.
669 1090 833 1157 VlNlVS.

286 1194 438 1263 IVNIVS
454 1198 670 1278 BLAESVS‚
701 1197 931 1265 BLAESVSt
949 1197 1027 1284 (A).
1047 1236 1091 1249 -
1108 1223 1136 1278 r,
1158 1198 1208 1267 16.
1229 1197 1444 1263 Pannonicas
1456 1197 1571 1287 legio·

329 1329 430 1372 nes..
453 1305 583 1372 Castris
596 1307 735 1372 aestivis
755 1314 824 1371 tres
839 1306 940 1371 simul
962 1305 1113 1392 legiones
1130 1305 1342 1371 habebantur
1356 1305 1572 1394 praesidente

329 1412 425 1478 lunio
450 1414 582 1480 Blaeso.
600 1453 643 1463 -
671 1440 697 1489 r,
721 1413 770 1479 18.
791 1412 1056 1502 l‘roperantibus
1076 1413 1219 1479 Blaesus
1239 1413 1387 1494 advenit,
1410 1412 1572 1501 inerepa-

328 1521 494 1611 batque...
513 1560 552 1573 -
576 1547 603 1599 r,
627 1547 675 1612 ¹9·
690 1521 831 1587 Blaesus
847 1522 953 1587 multa
969 1521 1103 1586 dieendi
1120 1529 1190 1588 arte
1206 1545 1273 1586 non
1295 1544 1355 1608 per
1367 1520 1571 1591 seditionem

329 1638 362 1695 et
376 1629 492 1695 turbas
512 1629 678 1695 desideria
694 1629 841 1696 militum
857 1630 900 1695 ad
920 1629 1100 1695 Caesarem
1120 1629 1257 1695 ferenda
1273 1629 1362 1696 ait...
1379 1627 1571 1697 Adclama-

328 1761 406 1802 vere
422 1747 459 1804 ut
475 1738 565 1803 tilius
594 1737 705 1803 Blaesi
727 1736 883 1802 tribunus
917 1738 1085 1826 legatione
1098 1780 1102 1788 -
1114 1761 1153 1804 ea
1178 1737 1386 1825 fungeretur.
1404 1776 1448 1789 -
1466 1760 1493 1812 ι,
1513 1760 1568 1804 ar.

332 1846 474 1912 Blaesus
495 1869 632 1935 paucos,
648 1846 795 1910 maxime
811 1845 934 1933 praeda
963 1853 1116 1925 onustos
1139 1846 1182 1911 ad
1202 1853 1363 1911 terrorem
1381 1851 1570 1912 ceterorum

330 1953 427 2020 adlici
443 1953 681 2020 verberibus...
699 1953 803 2020 iubet.
822 1994 865 2004 -
895 1978 922 2032 r,
942 1978 996 2019 aa.
1012 1954 1200 2019 Vibulenus
1220 1953 1400 2043 quidam...
1414 1959 1491 2018 ante
1506 1952 1567 2019 tri-

329 2062 432 2128 bunal
450 2062 561 2129 Blaesi
591 2061 769 2127 adlevatus
798 2062 1091 2127 circumstantium
1116 2062 1242 2126 umeris
1260 2079 1267 2127 ἱ
1288 2089 1303 2122 u
1326 2060 1566 2149 ...llesponde,

329 2170 460 2247 Blaese,
482 2170 539 2235 ubi
554 2170 699 2236 cadaver
719 2170 881 2235 abieceris
901 2198 947 2236 ..a
986 2211 1001 2219 -
1033 2195 1060 2251 r,
1085 2170 1137 2236 23.
1157 2170 1241 2236 Pars
1265 2169 1410 2235 militum
1431 2168 1568 2256 gladia·

328 2287 430 2360 tores,
453 2279 510 2368 qui
533 2303 551 2343 e
576 2279 716 2345 seruitio
743 2277 854 2344 Blaesi
883 2286 991 2354 erant,
1010 2277 1205 2366 (vinciunt).
1233 2276 1319 2358 -3,
1335 2277 1388 2342 35.
1415 2275 1571 2342 Tiberius

327 2410 387 2476 per
401 2386 531 2454 litteras
542 2387 599 2472 (ad
608 2394 764 2452 senatum
776 2386 925 2471 missas).
948 2386 1026 2451 .M’.
1040 2384 1204 2473 Lepidum
1217 2393 1250 2450 et
1261 2383 1395 2451 lunium
1410 2383 1569 2451 Blaesum

327 2496 528 2574 nominavit,
551 2518 592 2559 ex
612 2496 688 2584 quis
717 2518 778 2582 pro
805 2493 944 2560 consule
970 2492 1105 2559 Africae
1140 2493 1321 2582 legeretur.
1348 2494 1434 2559 Tum
1454 2492 1570 2557 audita

327 2603 503 2670 amborum
519 2602 634 2680 rerba,
652 2602 815 2667 intentius
831 2609 1014 2666 excusante
1030 2625 1065 2666 se
1087 2601 1225 2690 Lepido,
1241 2624 1376 2681 cunr...‚
1394 2599 1570 2688 intellege·

327 2719 485 2799 returque
506 2711 608 2775 etiam
642 2710 732 2798 quod
762 2708 896 2785 silebat,
928 2707 1134 2773 avunculum
1165 2732 1239 2774 esse
1266 2708 1380 2774 Seiani
1406 2708 1569 2774 Blaesum

327 2827 428 2906 atque
443 2841 482 2883 eo
503 2816 748 2905 praevalidum.
772 2816 961 2904 Respondit
981 2815 1122 2881 Blaesus
1144 2817 1257 2905 speeie
1278 2817 1478 2894 recusantis,
1508 2814 1568 2880 sed

327 2949 435 3015 neque
449 2924 566 2989 eadem
581 2924 846 2990 adseveratione.
865 2932 899 2989 et
921 2948 1090 2989 consensu
1112 2924 1323 2989 adulantium
1339 2924 1476 2989 adiutus
1497 2931 1562 2989 est.

328 3072 369 3087 -
391 3033 422 3108 3,
443 3031 496 3096 58.
517 3032 884 3120 lnterquaeprovineia
899 3032 1016 3097 Africa
1033 3032 1128 3097 lunio
1148 3033 1267 3097 Blaeso
1283 3039 1504 3119 prorogata..
1524 3069 1568 3080 -

328 3141 426 3228 3,72.
457 3139 573 3228 Neque
603 3139 709 3204 multo
737 3147 813 3227 post
834 3139 1018 3227 (Tiberius)
1047 3139 1183 3214 Caesar,
1215 3164 1291 3205 curn
1314 3138 1445 3205 lunium
1468 3138 1566 3203 Blae-

329 3273 403 3313 sum
419 3271 479 3335 pro
500 3245 638 3311 consule
654 3247 788 3312 :llrioae
810 3247 971 3335 triumphi
982 3247 1173 3334 insignibus
1189 3246 1371 3322 attolleret,
1388 3245 1467 3312 dare
1483 3246 1518 3311 id
1530 3270 1566 3311 se

329 3355 413 3420 (linit
425 3355 544 3419 honori
556 3355 681 3431 Seiani,
700 3356 796 3419 cuius
811 3354 868 3420 ille
882 3354 1072 3420 avunculus
1089 3364 1170 3420 erat.
1186 3358 1236 3420 Ac
1257 3364 1368 3420 tamen
1392 3378 1443 3418 res
1459 3354 1571 3419 Blaesi

328 3464 449 3549 dignae
465 3463 584 3526 decore
598 3461 657 3526 tali
671 3461 775 3528 luere.
792 3502 834 3512 -
851 3464 882 3540 3,
902 3463 955 3551 713.
973 3463 1154 3549 (Tiberius)
1172 3462 1229 3527 dat
1250 3463 1422 3548 negotium
1435 3462 1567 3537 Blaeso,

329 3579 458 3636 eeteros
488 3570 625 3658 quidem
657 3571 698 3634 ad
728 3594 822 3658 spem
849 3570 1027 3658 proliceret
1064 3594 1156 3635 arma
1196 3572 1267 3634 sine
1299 3593 1386 3634 noxa
1406 3570 1567 3657 ponendi,

328 3679 434 3769 ipsius
456 3685 567 3742 autem
584 3676 679 3741 ducis
695 3677 945 3765 (laetarinatis)
961 3703 1097 3766 quoquo
1112 3678 1211 3743 morlo
1224 3686 1406 3764 poteretur.
1425 3716 1460 3725 —
1475 3678 1566 3765 354.

329 3786 483 3849 Tiberius
502 3785 658 3873 (bellurn)
686 3809 745 3872 pro
766 3784 919 3850 conlecto
947 3787 1200 3873 interpretatus,
1230 3785 1262 3848 id
1285 3808 1419 3873 quoque
1450 3785 1570 3849 Blaeso

330 3892 457 3969 tribuit,
490 3901 527 3957 ut
564 3893 746 3979 imperatur
761 3917 778 3957 a
795 3892 986 3978 legionibus
1010 3892 1225 3972 salutaretur,
1246 3893 1356 3979 priseo
1372 3916 1449 3978 erga
1466 3891 1571 3957 duces

329 4003 495 4066 honore...
527 4000 704 4064 (loncessit
733 4000 936 4089 quibusdam
975 4010 1008 4066 et
1043 4003 1219 4087 Augustus
1247 4001 1280 4063 irl
1303 4000 1507 4064 vocabulum
1533 4024 1572 4066 ac

329 4117 409 4175 tune
419 4106 571 4172 'liherius
585 4108 703 4171 Blaeso
715 4115 935 4195 postremum.
948 4147 992 4158 -
1003 4112 1034 4188 ά,
1055 4108 1107 4172 al.
1122 4109 1246 4172 Caesar
1257 4116 1334 4194 post
1349 4131 1401 4172 res
1415 4132 1431 4171 a
1450 4108 1570 4173 Blaeso

328 4225 453 4305 gestas,
492 4216 587 4305 quasi
617 4215 723 4280 nullis
750 4216 815 4281 ianr
845 4217 878 4281 in
913 4218 1027 4283 Africa
1060 4218 1227 4290 hostibus,
1259 4217 1422 4303 reportari
1444 4240 1569 4281 nonam

328 4325 496 4412 legionem
512 4325 665 4388 iusserat.
682 4363 725 4371 —
742 4327 774 4404 ά,
794 4324 847 4389 26.
863 4324 1060 4390 Dolabellae
1076 4326 1204 4413 petenti
1220 4324 1336 4390 abnuit
1354 4323 1569 4412 triumphalia

328 4431 494 4508 Tiberius,
515 4430 637 4495 Seiano
666 4430 830 4511 tribuens,
857 4455 897 4496 ne
919 4432 1030 4497 Blaesi
1052 4431 1211 4496 avunculi
1236 4432 1308 4496 eius
1328 4432 1402 4495 laus
1418 4430 1570 4495 obsoles-

327 4547 429 4605 ceret.
447 4538 513 4603 Sed
527 4562 633 4626 neque
650 4537 789 4603 Blaesus
806 4538 880 4603 ideo
898 4540 1084 4605 inlustrior.
1108 4592 1114 4605 .
1138 4579 1180 4587 -
1202 4541 1233 4616 5,
1253 4565 1283 4627 7.
1312 4539 1427 4626 Neque
1445 4541 1570 4604 Caesar

327 4646 407 4712 ullis
439 4646 637 4711 eriminilnrs
666 4655 722 4711 aut
751 4646 883 4734 probris
910 4649 1108 4713 ‹leluueturn
1139 4648 1323 4711 insectatus
1358 4656 1420 4715 est.
1443 4647 1567 4712 cumin

331 4754 488 4819 Blaesum
511 4754 616 4818 inulta
635 4754 798 4843 taedaque
814 4755 1070 4820 incusarent-¹.

318 4911 372 4966 [Ο.
389 4910 481 4958 lunius
500 4912 622 4961 Blaesus.
637 4913 760 4971 lutosum,
778 4921 833 4979 479.

317 4983 372 5031 ²l'.
391 4984 483 5032 etiuru.
500 5000 520 5034 r.
537 5001 577 5048 aa).
