3709 6234
899 887 986 938 llVlA
1532 885 1583 938 417

344 1027 408 1092 sibi
431 1026 601 1092 Tiberium
629 1026 782 1093 adscivit.
819 1027 924 1116 ldque
961 1026 1121 1115 (Tiberio)
1157 1029 1313 1114 Augusta
1347 1027 1584 1114 exprobrabat,

342 1135 553 1221 reposcebat.
583 1170 626 1183 -
652 1138 684 1211 f,
713 1160 768 1224 7¹·
796 1133 895 1222 (Iulia
916 1135 1064 1220 Augusti
1080 1135 1191 1222 neptis
1219 1136 1254 1199 in
1285 1134 1396 1199 insula
1422 1135 1585 1222 Trimero)

341 1242 463 1328 viginti
488 1242 586 1306 annis
610 1240 749 1306 exilium
779 1241 937 1307 toleravit
967 1242 1142 1328 Augustae
1171 1265 1233 1329 ope
1267 1250 1468 1318 sustentata,
1500 1265 1586 1331 quae

342 1350 502 1414 florentes
517 1350 692 1437 privignos
711 1372 788 1414 cum
809 1372 868 1437 per
882 1349 1053 1414 occultum
1067 1348 1302 1430 subvertisset,
1320 1349 1586 1414 misericordiam

342 1480 422 1544 erga
437 1456 593 1522 adflictos
608 1457 718 1544 palam
740 1455 945 1521 ostentabat.
973 1495 1010 1506 -
1028 1458 1059 1534 5,
1083 1480 1109 1522 ι.
1126 1455 1283 1520 Rubellio
1308 1463 1341 1520 et
1354 1455 1449 1521 Fufio
1464 1480 1586 1522 consu-

341 1563 473 1631 libus...
494 1563 576 1628 lulia
593 1565 750 1651 Augusta
761 1572 904 1628 mortem
921 1563 1005 1628 obiit
1018 1571 1127 1628 aetate
1143 1571 1306 1638 extrema,
1325 1563 1511 1629 nobilitatis
1527 1587 1586 1652 per

342 1670 519 1735 Claudiam
541 1670 703 1736 familiam
723 1678 757 1736 et
783 1671 965 1759 adoptione
989 1671 1160 1735 Liviorum
1186 1671 1416 1759 Iuliorumque
1440 1671 1586 1736 clarissi-

340 1800 426 1844 mae.
452 1778 603 1843 Primum
636 1778 666 1842 ei
692 1778 974 1844 matrimonium..
1013 1801 1089 1843 cum
1120 1777 1252 1842 Tiberio
1283 1777 1458 1844 Nerone..
1486 1778 1584 1842 Exim

341 1884 466 1951 Caesar
482 1885 688 1973 (Augustus)
718 1885 876 1973 cupidine
895 1884 1020 1950 formae
1040 1884 1149 1950 aufert
1166 1887 1288 1949 marito
1306 1937 1324 1951 ..
1342 1922 1387 1936 -
1403 1887 1434 1964 5,
1454 1911 1483 1949 a.
1508 1887 1586 1972 (Fu-

339 1993 405 2057 fius
420 1993 552 2080 consul)
573 1992 681 2080 gratia
702 1993 877 2079 Augustae
894 1993 1065 2058 floruerat.
1088 2030 1130 2041 —
1146 1992 1178 2070 5,
1197 1992 1228 2056 3.
1248 1993 1413 2058 lncolumi
1429 1994 1584 2080 Augusta

339 2109 410 2166 crat
430 2100 540 2165 adbuc
561 2100 764 2187 perfugium,
796 2100 873 2188 quia
905 2099 1037 2164 Tiberio
1070 2100 1297 2164 inveteratum
1326 2123 1406 2186 erga
1440 2107 1584 2164 matrem

339 2206 582 2295 obsequium...
601 2207 767 2273 Missae...
792 2211 839 2293 (a
861 2206 1008 2291 Tiberio)
1039 2207 1073 2270 in
1094 2207 1319 2294 Agrippinam
1344 2230 1382 2271 ac
1415 2207 1583 2276 Neronem

337 2314 482 2394 litterae,
500 2338 584 2403 quas
599 2314 729 2401 pridem
745 2313 876 2380 adlatas
890 2322 923 2379 et
935 2314 1101 2379 cohibitas
1116 2314 1158 2378 ab
1172 2316 1328 2400 Augusta
1344 2316 1489 2382 credidit
1508 2317 1580 2382 vul-

337 2444 419 2508 gus;
442 2422 531 2488 haud
558 2422 649 2487 enim
665 2421 810 2487 multum
834 2430 909 2508 post
931 2429 1074 2487 mortem
1097 2422 1169 2487 eius
1191 2421 1349 2487 recitatae
1375 2431 1455 2488 sunt
1479 2425 1583 2513 (apud

337 2531 518 2618 senatum).
536 2567 579 2578 -
602 2529 633 2607 6,
657 2529 688 2593 5.
707 2529 808 2596 Cotta
824 2528 1041 2593 Messalinus.
1064 2529 1295 2616 .arguitur...,
1314 2552 1390 2593 cum
1406 2530 1460 2595 dic
1476 2531 1581 2597 natali

337 2639 513 2724 Augustae
538 2638 626 2702 inter
646 2637 839 2702 sacerdotes
867 2635 1072 2723 epularetur,
1101 2637 1337 2701 novendialem
1361 2660 1435 2702 cam
1465 2662 1583 2705 cenam

338 2745 478 2811 dixisse.
496 2781 539 2795 -
554 2743 585 2824 6,
606 2744 658 2809 26.
682 2744 917 2831 (Plancina)...
934 2743 1046 2831 palam
1060 2742 1146 2808 laeta
1160 2753 1267 2809 morte
1285 2746 1489 2826 Germanici,
1505 2770 1582 2811 cum

338 2851 417 2917 l’iso
442 2852 590 2929 caderet,
608 2851 764 2939 precibus
779 2854 956 2937 Augustae
971 2874 1032 2915 nec
1045 2851 1158 2916 minus
1173 2851 1358 2916 inimicitiis
1373 2854 1582 2941 Agrippinae

336 2960 475 3025 defensa
498 2958 770 3047 erat.—12,69
815 2958 998 3025 Claudio...
1034 2959 1162 3024 funeris
1193 2958 1357 3025 sollemne
1385 2962 1523 3048 perinde
1543 2986 1581 3028 ac

338 3068 422 3131 Divo
448 3069 606 3154 Augusto
635 3066 837 3146 celebratur,
870 3067 1062 3132 aemulante
1087 3067 1276 3154 Agrippina
1287 3070 1443 3155 proaviae
1466 3068 1580 3136 liviae

336 3174 651 3262 magnificentiam¹.

290 3281 435 3347 th'ln2
455 3320 493 3330 --
513 3306 545 3358 α,
560 3283 613 3358 43.
629 3281 787 3347 Coniunx
808 3281 1000 3346 Germanici
1011 3282 1202 3367 Agrippina
1213 3281 1420 3347 fecunditate
1436 3307 1473 3347 ac
1490 3284 1578 3349 fama

336 3390 465 3454 liviam
489 3412 629 3453 uxorem
660 3389 762 3453 Drusi
796 3387 1033 3475 praecellebat.
1072 3426 1115 3438 —
1148 3413 1178 3468 2,
1209 3389 1262 3466 84.
1297 3390 1436 3455 liecenti
1469 3391 1578 3457 adhuc

333 3497 500 3561 maestitia
524 3497 581 3584 (ex
609 3504 716 3561 morte
747 3496 954 3581 Germanici)
981 3518 1076 3559 soror
1112 3495 1303 3561 Germanici
1334 3497 1441 3565 Livia.
1473 3507 1576 3586 nupta

334 3605 457 3683 Druso,
485 3604 569 3668 duos
589 3603 696 3667 virilis
734 3626 835 3668 sexus
868 3601 970 3667 simul
1004 3603 1102 3666 enixa
1136 3610 1199 3667 est.
1231 3642 1272 3651 -
1307 3606 1340 3681 4,
1369 3604 1399 3668 3.
1424 3604 1575 3692 (Seiano)

332 3719 453 3777 cuncta
487 3711 666 3798 temptanti
692 3710 984 3798 promptissimum
1005 3709 1115 3773 visum
1141 3708 1183 3773 ad
1203 3732 1344 3774 uxorem
1364 3710 1494 3799 (Drusi)
1521 3712 1576 3776 Li·

332 3820 422 3884 viam
451 3828 660 3898 convertere,
689 3841 774 3905 quae
805 3841 900 3882 soror
934 3817 1139 3898 Germanici,
1171 3815 1297 3881 formae
1326 3817 1422 3883 initio
1455 3821 1575 3885 aetatis

328 3927 517 4005 indecorae,
534 3949 613 3990 mox
627 3926 877 4013 pulchritudine
892 3923 1160 4013 praecellebat...
1179 3924 1293 4014 Atque
1307 3924 1378 4005 illa,
1396 3925 1449 3991 cui
1469 3951 1574 3992 avun-

331 4034 428 4099 culus
443 4034 633 4120 Augustus,
648 4056 742 4098 socer
757 4032 921 4112 Tiberius,
940 4056 982 4096 ex
997 4033 1106 4097 Druso
1121 4031 1230 4106 liberi,
1248 4056 1352 4122 seque
1372 4057 1410 4099 ac
1430 4034 1574 4100 maiores

330 4150 364 4207 et
378 4149 532 4229 posteros
546 4140 743 4227 municipali
762 4139 916 4204 adultero
942 4139 1100 4204 foedabat
1120 4191 1140 4205 ..
1159 4140 1311 4205 Sumitur
1338 4142 1370 4204 in
1400 4143 1572 4208 conscien-

329 4250 410 4314 tiam
424 4248 606 4330 Eudemus,
628 4248 756 4312 amicus
783 4271 820 4312 ac
840 4246 990 4312 medicus
1010 4246 1167 4311 Liviae...
1194 4285 1237 4298 -
1264 4251 1296 4328 rt,
1319 4272 1368 4314 ιο.
1392 4248 1466 4312 Non
1487 4251 1571 4314 omi-

328 4357 429 4420 serim
462 4354 656 4421 eorumdem
693 4363 882 4441 temporum
916 4377 1125 4420 rumorem...
1159 4375 1166 4421 :
1203 4363 1359 4442 corrupta
1387 4355 1429 4420 ad
1458 4358 1570 4422 scelus

329 4464 422 4529 Livia
439 4463 599 4528 Seianum
622 4462 731 4550 Lygdi
745 4485 878 4550 quoquc
894 4462 1056 4549 spadonis
1075 4463 1225 4526 animum
1242 4471 1359 4550 stupro
1374 4464 1566 4532 vinxisse...

327 4610 371 4625 -
404 4573 436 4654 Δ,
460 4595 510 4637 12.
541 4570 711 4658 (Seianus)
736 4569 984 4635 contumaciam
1012 4569 1249 4657 (Agrippinae)
1275 4570 1444 4649 insectari,
1472 4580 1569 4638 vetus

327 4681 504 4765 Augustae
529 4679 656 4758 odium,
687 4685 857 4742 recentem
888 4676 1002 4740 Liviae
1030 4677 1270 4742 conscientiam
1291 4678 1503 4764 exagitare...
1525 4717 1568 4730 -

314 4972 322 5007 ¹
338 4974 370 5024 V.
389 4975 480 5032 etiam,
499 4992 518 5030 ι,
532 4984 587 5039 Μ,
603 4993 641 5039 72,
654 4975 697 5038 73;
710 4993 734 5035 2,
751 4985 788 5034 ta,
807 4976 940 5039 50,71;a.
962 4993 998 5036 ro,
1018 4972 1202 5038 ra,1634,37,
1221 4984 1260 5034 to,
1274 4976 1314 5034 54.

315 5048 326 5082 ²
339 5047 414 5095 Livia
427 5047 503 5095 lolia.
524 5047 647 5106 Pnoscr.‚
662 5064 688 5095 ar
697 5063 716 5094 r.

376 5154 453 5203 Urnv.
473 5170 505 5202 oa
523 5154 604 5203 Lvon.
623 5180 653 5191 -
672 5155 755 5203 Fiam
