3709 6234
844 876 1023 928 volsunvu
1513 866 1575 921 -759

337 1017 498 1082 Armenia
530 1016 627 1081 foret.
649 1054 694 1066 -
721 1039 772 1093 ra,
800 1017 854 1093 48.
884 1018 932 1081 At
951 1015 1144 1094 Quadratus
1172 1037 1380 1102 cognoscens
1403 1016 1573 1103 proditum

337 1122 558 1189 Mithridaten
581 1131 614 1188 et
633 1145 776 1209 regnum
802 1122 844 1187 ab
870 1121 1141 1188 interlectoribus
1160 1121 1316 1199 obtineri,
1339 1130 1437 1188 vocat
1456 1126 1574 1190 consi-

338 1229 463 1297 lium...
499 1267 544 1280 -
582 1255 631 1310 ια,
667 1231 720 1307 54.
761 1230 979 1318 Arsissetquo
1012 1228 1102 1294 bello
1132 1229 1305 1317 provincia
1343 1228 1501 1316 (Iudaea),
1539 1233 1573 1296 ni

338 1337 530 1416 Quadratus
544 1337 662 1424 Syriae
683 1344 793 1403 rector
809 1336 1064 1403 subvenisset...
1083 1336 1276 1415 Quadratus
1301 1336 1446 1402 Felicem
1476 1337 1573 1427 (pro-

337 1452 527 1509 curatorem
554 1444 740 1530 Galilaeae)
766 1446 854 1509 inter
878 1443 1006 1509 iudices
1042 1444 1290 1524 ostentarit...;
1326 1443 1573 1535 damnatusque

338 1552 555 1638 flagitiorum,
572 1574 659 1639 quae
674 1550 741 1616 duo
756 1551 981 1640 deliquerant,
999 1552 1205 1640 (Ventidius)
1221 1550 1406 1631 Cumanus,
1429 1559 1463 1618 et
1478 1554 1573 1643 quies

338 1659 530 1745 provinciae
554 1658 696 1724 reddita.
725 1698 765 1708 -
791 1659 841 1738 13,
868 1659 900 1724 8.
922 1658 1047 1746 Copiae
1075 1657 1225 1724 Orientis
1240 1659 1286 1723 ita
1306 1658 1517 1744 dividuntur,
1536 1669 1574 1726 ut

336 1789 414 1855 pars
433 1765 648 1831 auxiliarium
668 1789 745 1830 cum
760 1765 892 1831 duabus
907 1764 1099 1852 legionibus
1112 1765 1201 1854 apud
1214 1766 1422 1854 provinciam
1439 1767 1573 1835 Suriam

337 1881 371 1938 et
394 1873 543 1960 legatum
559 1874 631 1938 eius
648 1872 858 1952 Quadratum
879 1873 1107 1938 meidium¹
1132 1882 1331 1944 remaneret.
1362 1897 1421 1961 par
1447 1876 1572 1942 civium

336 1981 571 2068 sociorumque
596 2003 757 2045 numerus
791 1979 975 2045 Corbuloni
1004 1988 1134 2047 esset...
1170 1981 1276 2058 Qui...
1320 1980 1409 2069 apud
1440 1983 1573 2071 Aegeas

336 2088 507 2154 civitatem
531 2088 667 2153 Ciliciae
689 2088 827 2152 obvium
850 2087 1061 2166 Quadratum
1091 2086 1219 2161 babuit,
1243 2087 1323 2152 illuc
1340 2112 1569 2175 progressum,

337 2218 391 2276 ne,
409 2196 437 2259 si
456 2195 497 2260 ad
514 2194 725 2282 accipiendas
740 2196 855 2283 copias
874 2195 1005 2282 Syriam
1027 2195 1223 2260 intravisset
1238 2194 1398 2269 Corbulo,
1421 2198 1571 2263 omnium

338 2326 394 2367 ora
415 2304 449 2367 in
472 2326 508 2367 sc
531 2309 718 2369 verteret...
743 2341 786 2350 —
818 2301 866 2379 13,
897 2327 931 2389 9.
964 2302 1148 2389 Accepit...
1179 2300 1393 2389 (Vologaesis
1422 2303 1571 2387 obsides)

338 2410 488 2475 centurio
525 2410 672 2475 lnsteius
707 2409 749 2474 ab
782 2408 971 2473 meidio⁹
1010 2409 1176 2474 missus...
1217 2408 1311 2478 Illi...
1345 2408 1572 2476 Corbulonem

337 2516 537 2606 praetulere.
567 2516 663 2581 Vnde
697 2516 862 2581 discordia
895 2517 985 2581 inter
1027 2515 1141 2591 duces,
1184 2523 1344 2604 querente
1381 2516 1573 2583 meidio³

337 2632 524 2713 praerepta,
551 2647 636 2712 quae
656 2625 726 2690 suis
748 2624 898 2688 consiliis
926 2624 1171 2712 patravisset...
1198 2623 1299 2702 Nero,
1339 2647 1405 2712 quo
1434 2647 1571 2714 compo-

336 2741 430 2797 neret
449 2732 615 2812 diversos,
631 2732 678 2796 sic
700 2731 852 2817 evulgari
875 2730 985 2809 iussit,
1012 2728 1056 2794 ob
1076 2753 1128 2795 res
1149 2754 1165 2795 a
1192 2729 1363 2808 Quadrato
1383 2738 1418 2796 et
1439 2730 1569 2797 Corbu-

337 2837 413 2903 lone
440 2861 598 2927 prosperc
621 2845 736 2925 gestas
759 2837 890 2902 laurum
914 2836 1061 2902 fascibus
1081 2837 1307 2925 imperatoriis
1331 2836 1422 2902 addi.
1444 2875 1490 2889 —
1519 2840 1568 2917 rt,

337 2947 390 3012 26.
413 2944 560 3012 Corbulo
583 2947 616 3010 in
641 2947 774 3011 Suriam
795 2945 960 3010 abscessit
978 2952 1085 3010 morte
1105 2944 1286 3009 meidii‘·
1309 2945 1410 3031 legati
1430 2968 1570 3010 vacuam

337 3078 375 3119 ac
400 3055 463 3119 sibi
477 3035 688 3142 permissam.

292 3160 567 3240 *voanlcct
586 3159 820 3238 VOADVCA,
838 3184 872 3225 v.
894 3159 1136 3227 BOVDICCA.

291 3268 525 3335 VOCETIVS.
543 3306 586 3318 -
615 3269 641 3347 1,
659 3267 711 3334 68.
725 3266 888 3354 (Helvetii
902 3268 943 3332 ab
958 3266 1080 3331 Alieno
1092 3267 1235 3333 Caecina
1250 3268 1354 3353 caesi)
1370 3268 1404 3331 in
1419 3275 1570 3332 montem

335 3377 513 3442 Vocetium
530 3375 719 3463 perfugere.

291 3483 518 3552 VOCONTll.
541 3483 630 3558 -Ι,
653 3481 707 3547 66.
726 3482 832 3547 Lento
856 3480 976 3546 deinde
997 3481 1132 3567 agmine
1157 3503 1216 3569 per
1239 3482 1323 3546 lines
1343 3480 1569 3576 Allobrogum

335 3615 373 3656 ac
398 3592 639 3656 Vocontiorum
662 3590 784 3654 ductus
801 3590 968 3653 exercitus
988 3587 1095 3676 (Fabii
1113 3588 1293 3676 Valentis),
1315 3589 1387 3677 ipsa
1407 3589 1568 3654 itinerum

336 3700 443 3786 spatia
466 3707 499 3763 et
514 3698 714 3763 stativorum
733 3696 939 3762 mutationes
956 3695 1150 3760 venditante
1167 3695 1263 3773 duce,
1283 3695 1389 3760 foedis
1404 3695 1569 3783 pactioni-

335 3806 452 3881 bus...,
488 3804 572 3869 adeo
606 3804 792 3885 minaciter,
824 3811 862 3867 ut
886 3803 989 3885 Luco,
1017 3803 1238 3891 municipium
1265 3802 1299 3867 id
1326 3802 1568 3868 Vocontiorum

334 3921 397 3989 est,
420 3913 509 3977 laces
528 3912 757 3977 admoverit...

291 4020 486 4091 VOCVLA,
503 4043 536 4084 v.
556 4018 734 4084 DlLLlVS
751 4017 948 4084 VOCVLA.

290 4127 642 4195 v0L1tG1Nlt's.-
663 4125 775 4214 ll,75.
804 4150 819 4189 u
852 4125 907 4189 Sic
927 4123 1186 4189 Scribonianum
1206 4123 1269 4189 sub
1294 4124 1437 4189 Claudio
1461 4126 1567 4190 inter·

334 4236 470 4311 lectum,
491 4235 538 4299 sic
553 4256 785 4322 percussorem
811 4234 883 4298 eius
912 4231 1127 4317 Volaginium
1157 4254 1174 4296 e
1195 4232 1350 4318 gregario
1372 4232 1415 4297 ad
1436 4255 1569 4297 summa

336 4342 475 4407 militiae
492 4348 701 4430 provectum.
719 4369 735 4400 »

289 4449 558 4515 VQLANDVM.
576 4486 619 4497 -
640 4447 992 4537 13,39.Corbu10....‚
1016 4458 1094 4515 ut...
1118 4447 1298 4512 Armenios
1315 4446 1356 4512 ad
1372 4470 1432 4512 sua
1448 4446 1567 4512 ddcln·

321 4750 330 4783 ¹
346 4748 392 4800 U:
411 4746 545 4796 umidium

323 4829 373 4881 ‘M
391 4843 398 4877 ε
418 4826 530 4876 amidio.

320 4910 332 4945 ³
348 4909 393 4961 ld:
411 4907 522 4956 amidio.

321 4989 373 5041 *Μ
391 5005 398 5036 .·
416 4987 522 5037 umidii.
