3709 6234
292 853 344 908 462
893 855 977 908 NERO

336 998 398 1063 dae
418 999 587 1083 potentiae
607 999 770 1086 properis,
788 998 1037 1063 exstimulatur.
1054 1000 1138 1073 -ά,
1161 996 1215 1062 60.
1243 997 1334 1062 Haec
1359 1004 1462 1086 atque
1498 996 1573 1062 talia

335 1106 525 1171 audienti„
550 1106 719 1170 interdum
730 1130 830 1170 voces
848 1106 1076 1194 procedebant
1100 1113 1316 1169 contumaces
1344 1113 1379 1170 et
1403 1104 1574 1170 inconsul-

338 1223 402 1294 tae,
425 1237 509 1303 quas
524 1214 669 1300 adpositi
697 1213 854 1278 custodes
888 1221 1047 1299 exceptas
1083 1220 1267 1300 auctasque
1296 1235 1374 1277 cum
1405 1212 1575 1278 deterrent

335 1346 442 1410 neque
465 1322 589 1386 Neroni
608 1320 788 1386 delentlere
808 1320 956 1398 daretur,
974 1320 1128 1385 diversae
1144 1320 1281 1407 insuper
1306 1318 1573 1385 sollicitudinum

336 1431 461 1494 lormae
481 1427 782 1494 oriebantur...Ne
798 1451 865 1492 nox
885 1427 1022 1516 quidem
1038 1451 1167 1504 secura,
1195 1451 1272 1492 cum
1310 1451 1396 1492 uxor
1426 1428 1570 1516 vigilias.

335 1561 483 1612 somnos,
505 1537 648 1623 suspiria
669 1536 767 1600 matri
782 1536 897 1599 Liviae
917 1543 1018 1623 atque
1037 1534 1094 1600 illa
1128 1535 1250 1600 Seiano
1271 1533 1489 1623 patefaceret,
1518 1535 1572 1623 qui

336 1644 622 1731 fratremquoque
643 1641 787 1707 Neronis
813 1642 961 1706 Drusum
994 1642 1098 1706 traxit
1124 1643 1157 1707 in
1196 1651 1321 1729 partes,
1344 1665 1404 1729 spe
1442 1641 1571 1707 obiecta

335 1751 495 1838 principis
509 1750 585 1823 loci,
604 1750 632 1812 si
647 1751 792 1837 priorem
813 1757 963 1814 aetate...
983 1749 1230 1828 demovisset‚..
1251 1749 1361 1814 Mater
1383 1750 1572 1837 Agrippina

336 1859 522 1945 promptior
537 1857 659 1921 Neroni
681 1865 762 1923 crat.
781 1896 824 1903 —
838 1860 868 1932 l,
889 1856 942 1943 ti7.
971 1857 1155 1922 Seianus..
1187 1855 1346 1922 turbabat
1374 1856 1571 1944 (Tiberium)

334 1966 480 2028 nonium
501 1964 643 2029 occultis
660 1965 839 2029 adversum
863 1965 1088 2052 Agrippinam
1114 1973 1147 2029 et
1174 1963 1343 2029 Neronem
1369 1964 1502 2028 insidiis
1531 2003 1571 2013 -

336 2074 368 2148 l,
387 2096 439 2160 70.
463 2072 605 2137 Secutae
621 2072 815 2159 (Tiberiil...
841 2072 971 2137 litterae
987 2081 1100 2158 grates
1112 2072 1244 2158 agentis
1256 2071 1402 2159 (senatui
1418 2071 1462 2135 ob
1479 2072 1570 2136 dum-

334 2188 451 2243 natum
464 2180 697 2265 Sabinum)....
715 2180 845 2244 adiecto
863 2178 1029 2266 trepidam
1043 2177 1107 2242 sibi
1123 2179 1285 2255 vitam...‚
1299 2177 1393 2243 nullo
1420 2180 1569 2244 nomina-

336 2287 395 2351 tim
412 2286 636 2375 compellato;
653 2309 761 2376 neque
777 2295 891 2351 tamen
902 2284 1120 2350 dubitabatur
1136 2286 1169 2348 in
1186 2284 1357 2350 Neronem
1377 2293 1412 2350 et
1442 2286 1572 2375 Agrip-

335 2394 448 2482 pinam
466 2395 657 2459 intendi.—
677 2393 708 2467 5,
728 2394 758 2457 3.
778 2392 960 2480 (Defuncto
975 2393 1085 2477 Livia)
1108 2393 1270 2459 missae...
1289 2395 1321 2478 (a
1353 2392 1487 2458 Tiberio
1513 2417 1570 2481 pa·

337 2502 455 2584 tribus]
482 2502 515 2564 in
537 2502 760 2588 Agrippinam
787 2523 824 2564 ac
852 2499 1021 2564 Neronem
1055 2499 1229 2565 litterae...
1247 2540 1289 2548 —
1305 2498 1337 2580 5,
1362 2503 1392 2576 ά.
1421 2501 1570 2588 Populus

335 2609 463 2695 efligies
488 2608 696 2696 Agrippinae
710 2631 747 2671 ac
761 2606 906 2671 Neronis
930 2629 1050 2694 gerens
1075 2606 1293 2672 circumsistit
1326 2607 1452 2672 curiam
1482 2607 1567 2672 laus-

335 2715 444 2803 tisque
463 2716 496 2778 in
513 2715 692 2779 Cacsarem
713 2714 883 2778 ominibus
901 2713 1003 2778 lalsas
1022 2712 1194 2780 litteras...
1209 2714 1372 2779 clamitat.
1394 2753 1436 2764 -
1464 2714 1497 2784 6,
1517 2741 1566 2804 ²7·

336 2821 418 2885 lulia
446 2823 547 2885 Drusi
581 2822 660 2888 lilia.
688 2822 857 2909 quondam
887 2820 1031 2885 Neronis
1053 2845 1149 2894 uxor,
1177 2820 1336 2909 denupsit
1365 2823 1399 2886 in
1432 2821 1569 2887 domum

336 2928 483 2992 Rubellii
499 2928 619 2992 Blandi
634 2929 654 2994 ¹.

290 3035 498 3122 unitum),
519 3037 554 3100 1..
580 3035 807 3112 oomnis,
843 3035 1071 3115 alumnus,
1111 3036 1304 3116 causan,
1342 3035 1570 3102 ‹ruavmvs

335 3142 456 3207 NERO
477 3143 501 3207 ⁹.
524 3183 566 3191 -
584 3167 610 3219 1,
638 3168 665 3208 1.
684 3142 808 3206 Tiberii
830 3143 973 3231 Gaiique
988 3153 1021 3208 et
1041 3143 1174 3208 Claudii
1185 3167 1223 3209 ac
1244 3143 1386 3207 Neronis
1417 3167 1473 3209 res
1512 3145 1570 3208 llo-

333 3252 484 3315 rentibus
501 3252 582 3338 ipsis
594 3250 636 3314 ob
667 3259 793 3316 metum
822 3251 937 3315 salsae.
962 3303 967 3314 .
988 3256 1079 3327 -4,
1104 3251 1156 3316 53,
1187 3252 1404 3338 (Agrippina)
1425 3251 1571 3316 Neronis

332 3359 491 3445 principis
513 3366 619 3421 mater
641 3359 742 3421 vitam
760 3383 854 3423 suam
873 3366 906 3421 ct
921 3381 1019 3421 casus
1035 3381 1173 3421 suorum
1186 3360 1330 3446 postoris
1352 3360 1566 3423 memoravit.

333 3505 370 3514 —
391 3465 421 3537 6,
443 3490 494 3529 22.
509 3467 539 3527 N
556 3465 625 3527 tilio
642 3466 791 3528 eiusdem
807 3465 976 3528 Thrasulli
999 3465 1207 3550 praedictum
1229 3464 1374 3529 Neronis
1389 3466 1570 3553 imperium

333 3574 364 3635 in
384 3581 531 3659 tempore
554 3573 805 3636 memorabitur.
834 3612 874 3619 —
905 3597 954 3648 rr,
977 3597 1024 3634 ιι.
1044 3571 1188 3636 Sedentc
1205 3573 1346 3636 Claudio
1362 3572 1569 3638 circensibus

332 3679 433 3746 ludis.
460 3704 535 3743 cum
548 3680 642 3766 pueri
658 3679 789 3743 nobiles
805 3680 900 3766 equis
917 3679 1084 3743 ludicrum
1116 3680 1233 3743 Troiae
1263 3681 1386 3744 inirent
1415 3680 1568 3767 interque

331 3812 387 3851 eos
406 3788 618 3851 Britannicus
634 3788 833 3874 imperatore
849 3788 985 3872 genitus
1002 3798 1034 3851 et
1051 3788 1088 3850 lh
1111 3786 1278 3851 Domitius
1292 3788 1473 3874 adoptione
1490 3811 1568 3850 mox

331 3895 363 3957 in
378 3896 556 3979 imperium
574 3902 606 3957 ct
618 3902 881 3980 cognomentum
897 3894 1041 3957 Neronis
1057 3894 1217 3962 adscitus.
1234 3893 1329 3957 lavor
1341 3893 1449 3981 plebis
1460 3894 1570 3958 aerior

328 4002 360 4063 in
391 4002 574 4064 llomitium
591 4002 662 4063 loco
678 4002 841 4086 praesagii
859 4012 1015 4088 acceptus
1041 4011 1103 4066 est.
1137 4041 1171 4049 —
1203 4003 1299 4074 12,3.
1336 4001 1566 4088 (Agrippina),

332 4109 385 4171 ubi
402 4109 452 4170 sui
470 4108 674 4171 matrimonii
690 4117 780 4171 certa
796 4109 868 4174 luit.
888 4117 1017 4172 struere
1034 4109 1156 4172 maiora
1173 4109 1376 4196 nuptiasque
1413 4108 1565 4184 Domitii,

330 4214 564 4304 quemean.
584 4213 810 4278 Ahenobarbo
835 4224 1009 4301 genuerat.
1042 4224 1075 4279 et
1107 4217 1267 4279 Octaviae
1293 4215 1448 4280 Caesaris
1479 4216 1568 4280 filiae

330 4323 451 4387 moliri.
474 4363 513 4372 -
540 4346 588 4386 ro.
613 4327 642 4385 8.
662 4322 891 4407 Agrippina...
917 4324 1050 4385 veniam
1065 4323 1155 4386 exilii
1173 4346 1232 4409 pro
1251 4326 1392 4387 Annaeo
1407 4322 1564 4391 Seneca..

331 4432 643 4516 impetrat...,ut...
665 4428 963 4514 llomitiipueritia
984 4430 1041 4493 tali
1078 4431 1239 4514 magistro
1270 4430 1488 4496 adolesceret.
1524 4469 1568 4478 -

334 4562 384 4608 12.
402 4562 433 4623 9.
454 4535 653 4605 Memmium
675 4535 906 4600 Pollionem...
930 4538 1136 4623 (Agrippina
1157 4538 1296 4625 eiusque
1324 4537 1437 4622 amici)
1467 4537 1566 4601 indu·

318 4739 324 4772 t
346 4737 377 4783 V.
395 4736 484 4790 etiam,
508 4752 528 4793 r,
550 4736 573 4786 8,
590 4735 633 4792 33ς
658 4751 680 4782 a.
701 4743 740 4791 tr,
763 4751 801 4796 7¹·
818 4749 861 4796 72:
880 4736 903 4786 3,
921 4751 943 4788 2,
968 4751 1003 4788 12,
1027 4750 1071 4796 ¹73
1087 4742 1109 4791 a.
1126 4736 1150 4788 3.
1169 4752 1204 4790 ra,
1222 4743 1259 4792 ao,
1282 4736 1319 4790 53,
1340 4737 1378 4797 59,
1394 4736 1473 4796 6835,
1496 4737 1564 4786 1:6.

287 4826 377 4875 amat.

317 4898 373 4945 ²1..
398 4896 533 4943 Domitius
558 4896 763 4943 abenobarbus.
795 4896 865 4942 Nero
890 4895 1020 4943 Claudius
1036 4897 1141 4944 Drusus
1163 4896 1340 4944 Germanicus
1361 4895 1467 4946 Caesar.
1492 4896 1564 4946 Nero

285 4976 521 5028 Claudiustlaesar
536 4979 675 5034 rtrrgustus
694 4976 880 5023 Gcrmnnicus.
900 4977 1022 5030 Piniana,
1039 4978 1067 5027 (t.
1086 4979 1139 5039 690.
