<?xml version="1.0" encoding="UTF-8"?>
<!DOCTYPE html PUBLIC "-//W3C//DTD XHTML 1.0 Transitional//EN"
    "http://www.w3.org/TR/xhtml1/DTD/xhtml1-transitional.dtd">
<html xmlns="http://www.w3.org/1999/xhtml" xml:lang="en" lang="en">
 <head>
  <title>
</title>
<meta http-equiv="Content-Type" content="text/html;charset=utf-8" />
  <meta name='ocr-system' content='tesseract 3.04.00' />
  <meta name='ocr-capabilities' content='ocr_page ocr_carea ocr_par ocr_line ocrx_word'/>
</head>
<body>
  <div class='ocr_page' id='page_1' title='image "./onomasticontaci00fabigoog_0217.png"; bbox 0 0 3709 6234; ppageno 0'>
   <div class='ocr_carea' id='block_1_1' title="bbox 816 882 1531 939">
    <p class='ocr_par' dir='ltr' id='par_1_1' title="bbox 816 882 1531 939">
     <span class='ocr_line' id='line_1_1' title="bbox 816 882 1531 939; baseline -0.003 0"><span class='ocrx_word' id='word_1_1' title='bbox 816 885 961 939; x_wconf 75' lang='lat' dir='ltr'><strong>ctuuens</strong></span> <span class='ocrx_word' id='word_1_2' title='bbox 1478 882 1531 937; x_wconf 74' lang='lat'><strong>209</strong></span> 
     </span>
    </p>
   </div>
   <div class='ocr_carea' id='block_1_2' title="bbox 290 1024 1531 1222">
    <p class='ocr_par' dir='ltr' id='par_1_2' title="bbox 290 1024 1531 1222">
     <span class='ocr_line' id='line_1_2' title="bbox 294 1024 1531 1114; baseline 0.001 -25"><span class='ocrx_word' id='word_1_3' title='bbox 294 1045 438 1090; x_wconf 90' lang='lat' dir='ltr'><strong>...unam</strong></span> <span class='ocrx_word' id='word_1_4' title='bbox 453 1024 487 1088; x_wconf 91' lang='lat' dir='ltr'><strong>in</strong></span> <span class='ocrx_word' id='word_1_5' title='bbox 503 1025 643 1091; x_wconf 88' lang='lat' dir='ltr'><strong>audacia</strong></span> <span class='ocrx_word' id='word_1_6' title='bbox 659 1048 754 1114; x_wconf 90' lang='lat' dir='ltr'><strong>spem</strong></span> <span class='ocrx_word' id='word_1_7' title='bbox 774 1025 937 1092; x_wconf 90' lang='lat' dir='ltr'><strong>salutis...</strong></span> <span class='ocrx_word' id='word_1_8' title='bbox 954 1025 1032 1090; x_wconf 89' lang='lat' dir='ltr'><strong>Piso</strong></span> <span class='ocrx_word' id='word_1_9' title='bbox 1048 1025 1173 1090; x_wconf 89' lang='lat' dir='ltr'><strong>indicio</strong></span> <span class='ocrx_word' id='word_1_10' title='bbox 1189 1026 1341 1113; x_wconf 79' lang='lat' dir='ltr'>Sagittae</span> <span class='ocrx_word' id='word_1_11' title='bbox 1355 1026 1410 1092; x_wconf 88' lang='lat' dir='ltr'><strong>vel</strong></span> <span class='ocrx_word' id='word_1_12' title='bbox 1430 1026 1531 1097; x_wconf 86' lang='lat' dir='ltr'><strong>insita</strong></span> 
     </span>
     <span class='ocr_line' id='line_1_3' title="bbox 290 1131 972 1222; baseline 0.004 -27"><span class='ocrx_word' id='word_1_13' title='bbox 290 1131 456 1197; x_wconf 91' lang='lat' dir='ltr'><strong>modestia</strong></span> <span class='ocrx_word' id='word_1_14' title='bbox 476 1155 545 1198; x_wconf 92' lang='lat' dir='ltr'><strong>non</strong></span> <span class='ocrx_word' id='word_1_15' title='bbox 561 1134 595 1198; x_wconf 91' lang='lat' dir='ltr'><strong>in</strong></span> <span class='ocrx_word' id='word_1_16' title='bbox 612 1133 785 1221; x_wconf 93' lang='lat' dir='ltr'><strong>publicum</strong></span> <span class='ocrx_word' id='word_1_17' title='bbox 800 1157 972 1222; x_wconf 91' lang='lat' dir='ltr'><strong>egressus.</strong></span> 
     </span>
    </p>
   </div>
   <div class='ocr_carea' id='block_1_3' title="bbox 130 1239 1529 1332">
    <p class='ocr_par' dir='ltr' id='par_1_3' title="bbox 130 1239 1529 1332">
     <span class='ocr_line' id='line_1_4' title="bbox 130 1239 1529 1332; baseline 0.003 -27"><span class='ocrx_word' id='word_1_18' title='bbox 130 1243 135 1252; x_wconf 88' lang='lat'>&#39;</span> <span class='ocrx_word' id='word_1_19' title='bbox 245 1239 475 1307; x_wconf 77' lang='lat' dir='ltr'><strong>CLAVDIVS</strong></span> <span class='ocrx_word' id='word_1_20' title='bbox 505 1241 720 1325; x_wconf 72' lang='lat' dir='ltr'><strong>SANCTVS,</strong></span> <span class='ocrx_word' id='word_1_21' title='bbox 759 1240 976 1309; x_wconf 84' lang='lat' dir='ltr'><strong>SANCTVS.</strong></span> <span class='ocrx_word' id='word_1_22' title='bbox 1003 1280 1047 1291; x_wconf 88' lang='lat'>—</span> <span class='ocrx_word' id='word_1_23' title='bbox 1068 1241 1126 1324; x_wconf 94' lang='lat' dir='ltr'><strong>IV,</strong></span> <span class='ocrx_word' id='word_1_24' title='bbox 1154 1241 1208 1309; x_wconf 86' lang='lat'><strong>62.</strong></span> <span class='ocrx_word' id='word_1_25' title='bbox 1234 1243 1311 1308; x_wconf 87' lang='lat' dir='ltr'><strong>Dux</strong></span> <span class='ocrx_word' id='word_1_26' title='bbox 1326 1242 1529 1332; x_wconf 86' lang='lat' dir='ltr'><strong>(Gallorum)</strong></span> 
     </span>
    </p>
   </div>
   <div class='ocr_carea' id='block_1_4' title="bbox 245 1347 1531 3163">
    <p class='ocr_par' dir='ltr' id='par_1_4' title="bbox 290 1347 1530 1654">
     <span class='ocr_line' id='line_1_5' title="bbox 290 1347 1529 1438; baseline 0.003 -26"><span class='ocrx_word' id='word_1_27' title='bbox 290 1347 454 1414; x_wconf 90' lang='lat' dir='ltr'><strong>Claudius</strong></span> <span class='ocrx_word' id='word_1_28' title='bbox 469 1349 629 1415; x_wconf 89' lang='lat' dir='ltr'><strong>Sanetus¹</strong></span> <span class='ocrx_word' id='word_1_29' title='bbox 646 1350 769 1415; x_wconf 86' lang='lat' dir='ltr'><strong>ellosso</strong></span> <span class='ocrx_word' id='word_1_30' title='bbox 789 1349 886 1415; x_wconf 92' lang='lat' dir='ltr'><strong>oculo</strong></span> <span class='ocrx_word' id='word_1_31' title='bbox 902 1350 996 1415; x_wconf 92' lang='lat' dir='ltr'><strong>dirus</strong></span> <span class='ocrx_word' id='word_1_32' title='bbox 1009 1373 1078 1433; x_wconf 91' lang='lat' dir='ltr'><strong>ore,</strong></span> <span class='ocrx_word' id='word_1_33' title='bbox 1096 1350 1232 1438; x_wconf 90' lang='lat' dir='ltr'><strong>ingenio</strong></span> <span class='ocrx_word' id='word_1_34' title='bbox 1252 1349 1435 1419; x_wconf 85' lang='lat' dir='ltr'>debilior...</span> <span class='ocrx_word' id='word_1_35' title='bbox 1453 1351 1529 1416; x_wconf 91' lang='lat' dir='ltr'><strong>Non</strong></span> 
     </span>
     <span class='ocr_line' id='line_1_6' title="bbox 291 1454 1530 1548; baseline 0.002 -28"><span class='ocrx_word' id='word_1_36' title='bbox 291 1454 370 1521; x_wconf 89' lang='lat' dir='ltr'><strong>tulit</strong></span> <span class='ocrx_word' id='word_1_37' title='bbox 384 1454 438 1520; x_wconf 89' lang='lat' dir='ltr'><strong>ala</strong></span> <span class='ocrx_word' id='word_1_38' title='bbox 454 1456 630 1523; x_wconf 87' lang='lat' dir='ltr'><strong>Picentina</strong></span> <span class='ocrx_word' id='word_1_39' title='bbox 660 1458 822 1545; x_wconf 91' lang='lat' dir='ltr'><strong>gaudium</strong></span> <span class='ocrx_word' id='word_1_40' title='bbox 848 1457 1044 1524; x_wconf 79' lang='lat' dir='ltr'><strong>insultantis</strong></span> <span class='ocrx_word' id='word_1_41' title='bbox 1074 1457 1169 1546; x_wconf 89' lang='lat' dir='ltr'><strong>vulgi</strong></span> <span class='ocrx_word' id='word_1_42' title='bbox 1197 1459 1386 1548; x_wconf 77' lang='lat' dir='ltr'><strong>spretisque</strong></span> <span class='ocrx_word' id='word_1_43' title='bbox 1414 1458 1530 1525; x_wconf 79' lang='lat' dir='ltr'><strong>Sancti</strong></span> 
     </span>
     <span class='ocr_line' id='line_1_7' title="bbox 290 1564 1083 1654; baseline 0.004 -26"><span class='ocrx_word' id='word_1_44' title='bbox 290 1564 468 1651; x_wconf 84' lang='lat' dir='ltr'><strong>promissis</strong></span> <span class='ocrx_word' id='word_1_45' title='bbox 483 1572 541 1631; x_wconf 87' lang='lat' dir='ltr'><strong>aut</strong></span> <span class='ocrx_word' id='word_1_46' title='bbox 560 1565 661 1631; x_wconf 90' lang='lat' dir='ltr'><strong>minis</strong></span> <span class='ocrx_word' id='word_1_47' title='bbox 677 1565 932 1654; x_wconf 84' lang='lat' dir='ltr'><strong>Mogontiacum</strong></span> <span class='ocrx_word' id='word_1_48' title='bbox 946 1566 1083 1632; x_wconf 90' lang='lat' dir='ltr'><strong>abeunt.</strong></span> 
     </span>
    </p>

    <p class='ocr_par' dir='ltr' id='par_1_5' title="bbox 245 1669 1531 3163">
     <span class='ocr_line' id='line_1_8' title="bbox 245 1669 1529 1763; baseline 0.002 -26"><span class='ocrx_word' id='word_1_49' title='bbox 245 1669 478 1738; x_wconf 80' lang='lat' dir='ltr'><strong>CLAVDIVS</strong></span> <span class='ocrx_word' id='word_1_50' title='bbox 506 1672 713 1753; x_wconf 86' lang='lat' dir='ltr'><strong>SENECIO,</strong></span> <span class='ocrx_word' id='word_1_51' title='bbox 739 1673 946 1740; x_wconf 85' lang='lat' dir='ltr'><strong>SENECIO.</strong></span> <span class='ocrx_word' id='word_1_52' title='bbox 969 1714 1011 1725; x_wconf 93' lang='lat'><em>-</em></span> <span class='ocrx_word' id='word_1_53' title='bbox 1034 1675 1083 1757; x_wconf 74' lang='lat'><strong>13,</strong></span> <span class='ocrx_word' id='word_1_54' title='bbox 1106 1699 1155 1741; x_wconf 68' lang='grc' dir='ltr'><strong>ια.</strong></span> <span class='ocrx_word' id='word_1_55' title='bbox 1188 1673 1332 1763; x_wconf 87' lang='lat' dir='ltr'><strong>Delapso</strong></span> <span class='ocrx_word' id='word_1_56' title='bbox 1347 1674 1480 1741; x_wconf 81' lang='lat' dir='ltr'><strong>Nerone</strong></span> <span class='ocrx_word' id='word_1_57' title='bbox 1495 1675 1529 1739; x_wconf 92' lang='lat' dir='ltr'><strong>in</strong></span> 
     </span>
     <span class='ocr_line' id='line_1_9' title="bbox 291 1779 1529 1871; baseline 0.005 -28"><span class='ocrx_word' id='word_1_58' title='bbox 291 1802 441 1844; x_wconf 86' lang='lat' dir='ltr'><strong>amorem</strong></span> <span class='ocrx_word' id='word_1_59' title='bbox 476 1779 631 1862; x_wconf 77' lang='lat' dir='ltr'><strong>libertae,</strong></span> <span class='ocrx_word' id='word_1_60' title='bbox 668 1782 722 1847; x_wconf 86' lang='lat' dir='ltr'><strong>eui</strong></span> <span class='ocrx_word' id='word_1_61' title='bbox 756 1782 961 1847; x_wconf 90' lang='lat' dir='ltr'><strong>vocabulum</strong></span> <span class='ocrx_word' id='word_1_62' title='bbox 978 1783 1063 1847; x_wconf 55' lang='lat' dir='ltr'><strong>flete</strong></span> <span class='ocrx_word' id='word_1_63' title='bbox 1078 1781 1153 1862; x_wconf 86' lang='lat' dir='ltr'><strong>luit,</strong></span> <span class='ocrx_word' id='word_1_64' title='bbox 1171 1782 1272 1847; x_wconf 91' lang='lat' dir='ltr'><strong>simul</strong></span> <span class='ocrx_word' id='word_1_65' title='bbox 1289 1783 1480 1871; x_wconf 86' lang='lat' dir='ltr'><strong>adsumptis</strong></span> <span class='ocrx_word' id='word_1_66' title='bbox 1495 1783 1529 1849; x_wconf 94' lang='lat' dir='ltr'><strong>in</strong></span> 
     </span>
     <span class='ocr_line' id='line_1_10' title="bbox 290 1887 1531 1970; baseline 0.003 -18"><span class='ocrx_word' id='word_1_67' title='bbox 290 1887 533 1953; x_wconf 86' lang='lat' dir='ltr'><strong>conscientiam</strong></span> <span class='ocrx_word' id='word_1_68' title='bbox 559 1889 610 1955; x_wconf 89' lang='lat' dir='ltr'><strong>M.</strong></span> <span class='ocrx_word' id='word_1_69' title='bbox 642 1888 777 1955; x_wconf 90' lang='lat' dir='ltr'><strong>Othone</strong></span> <span class='ocrx_word' id='word_1_70' title='bbox 796 1898 829 1955; x_wconf 90' lang='lat' dir='ltr'><strong>et</strong></span> <span class='ocrx_word' id='word_1_71' title='bbox 850 1887 994 1955; x_wconf 91' lang='lat' dir='ltr'><strong>Claudio</strong></span> <span class='ocrx_word' id='word_1_72' title='bbox 1022 1890 1219 1970; x_wconf 81' lang='lat' dir='ltr'><strong>Senecione,</strong></span> <span class='ocrx_word' id='word_1_73' title='bbox 1255 1890 1531 1957; x_wconf 90' lang='lat' dir='ltr'><strong>adulescentibus</strong></span> 
     </span>
     <span class='ocr_line' id='line_1_11' title="bbox 290 1994 1530 2086; baseline 0.004 -26"><span class='ocrx_word' id='word_1_74' title='bbox 290 1994 433 2074; x_wconf 93' lang='lat' dir='ltr'><strong>decoris,</strong></span> <span class='ocrx_word' id='word_1_75' title='bbox 464 2020 649 2086; x_wconf 90' lang='lat' dir='ltr'><strong>quorum...</strong></span> <span class='ocrx_word' id='word_1_76' title='bbox 685 1997 825 2063; x_wconf 90' lang='lat' dir='ltr'><strong>Senecio</strong></span> <span class='ocrx_word' id='word_1_77' title='bbox 868 1997 991 2064; x_wconf 90' lang='lat' dir='ltr'><strong>liberto</strong></span> <span class='ocrx_word' id='word_1_78' title='bbox 1028 1996 1183 2063; x_wconf 85' lang='lat' dir='ltr'><strong>Caesaris</strong></span> <span class='ocrx_word' id='word_1_79' title='bbox 1198 2006 1293 2086; x_wconf 90' lang='lat' dir='ltr'><strong>patre</strong></span> <span class='ocrx_word' id='word_1_80' title='bbox 1321 2000 1530 2086; x_wconf 87' lang='lat' dir='ltr'><strong>genitus.-</strong></span> 
     </span>
     <span class='ocr_line' id='line_1_12' title="bbox 296 2103 1527 2193; baseline 0.002 -25"><span class='ocrx_word' id='word_1_81' title='bbox 296 2105 345 2186; x_wconf 77' lang='lat'><strong>15,</strong></span> <span class='ocrx_word' id='word_1_82' title='bbox 359 2104 414 2169; x_wconf 88' lang='lat'><strong>50.</strong></span> <span class='ocrx_word' id='word_1_83' title='bbox 436 2103 490 2191; x_wconf 88' lang='lat' dir='ltr'><strong>(C.</strong></span> <span class='ocrx_word' id='word_1_84' title='bbox 510 2103 644 2170; x_wconf 89' lang='lat' dir='ltr'><strong>Pisonis</strong></span> <span class='ocrx_word' id='word_1_85' title='bbox 664 2104 761 2192; x_wconf 88' lang='lat' dir='ltr'><strong>socii)</strong></span> <span class='ocrx_word' id='word_1_86' title='bbox 775 2104 1005 2193; x_wconf 83' lang='lat' dir='ltr'><strong>adgregavere</strong></span> <span class='ocrx_word' id='word_1_87' title='bbox 1035 2103 1234 2169; x_wconf 78' lang='lat' dir='ltr'><strong>Claudium&#39;²</strong></span> <span class='ocrx_word' id='word_1_88' title='bbox 1248 2104 1496 2174; x_wconf 89' lang='lat' dir='ltr'><strong>Senecionem..</strong></span> <span class='ocrx_word' id='word_1_89' title='bbox 1519 2159 1527 2188; x_wconf 95' lang='lat'><strong>,</strong></span> 
     </span>
     <span class='ocr_line' id='line_1_13' title="bbox 290 2211 1529 2302; baseline 0.002 -26"><span class='ocrx_word' id='word_1_90' title='bbox 290 2212 421 2300; x_wconf 88' lang='lat' dir='ltr'><strong>equites</strong></span> <span class='ocrx_word' id='word_1_91' title='bbox 459 2211 643 2279; x_wconf 83' lang='lat' dir='ltr'><strong>Romanos.</strong></span> <span class='ocrx_word' id='word_1_92' title='bbox 681 2211 731 2276; x_wconf 83' lang='lat' dir='ltr'><strong>Ex</strong></span> <span class='ocrx_word' id='word_1_93' title='bbox 751 2213 874 2302; x_wconf 92' lang='lat' dir='ltr'><strong>quibus</strong></span> <span class='ocrx_word' id='word_1_94' title='bbox 900 2212 1054 2291; x_wconf 90' lang='lat' dir='ltr'><strong>Seneci0,</strong></span> <span class='ocrx_word' id='word_1_95' title='bbox 1072 2235 1089 2277; x_wconf 91' lang='lat' dir='ltr'><strong>e</strong></span> <span class='ocrx_word' id='word_1_96' title='bbox 1105 2213 1284 2300; x_wconf 89' lang='lat' dir='ltr'><strong>praecipua</strong></span> <span class='ocrx_word' id='word_1_97' title='bbox 1302 2212 1529 2279; x_wconf 81' lang='lat' dir='ltr'><strong>saiuiliaritate</strong></span> 
     </span>
     <span class='ocr_line' id='line_1_14' title="bbox 290 2319 1530 2409; baseline 0.001 -25"><span class='ocrx_word' id='word_1_98' title='bbox 290 2319 447 2399; x_wconf 89' lang='lat' dir='ltr'><strong>Neronis,</strong></span> <span class='ocrx_word' id='word_1_99' title='bbox 474 2322 621 2409; x_wconf 86' lang='lat' dir='ltr'><strong>speciem</strong></span> <span class='ocrx_word' id='word_1_100' title='bbox 650 2322 818 2387; x_wconf 86' lang='lat' dir='ltr'><strong>amicitiae</strong></span> <span class='ocrx_word' id='word_1_101' title='bbox 838 2322 1029 2387; x_wconf 86' lang='lat' dir='ltr'><strong>etiamtum</strong></span> <span class='ocrx_word' id='word_1_102' title='bbox 1056 2319 1207 2385; x_wconf 90' lang='lat' dir='ltr'><strong>retinens</strong></span> <span class='ocrx_word' id='word_1_103' title='bbox 1222 2343 1260 2385; x_wconf 90' lang='lat' dir='ltr'><strong>eo</strong></span> <span class='ocrx_word' id='word_1_104' title='bbox 1274 2320 1428 2407; x_wconf 92' lang='lat' dir='ltr'><strong>pluribus</strong></span> <span class='ocrx_word' id='word_1_105' title='bbox 1443 2322 1530 2409; x_wconf 91' lang='lat' dir='ltr'><strong>peri·</strong></span> 
     </span>
     <span class='ocr_line' id='line_1_15' title="bbox 290 2426 1528 2516; baseline 0.001 -23"><span class='ocrx_word' id='word_1_106' title='bbox 290 2426 376 2493; x_wconf 89' lang='lat' dir='ltr'><strong>culis</strong></span> <span class='ocrx_word' id='word_1_107' title='bbox 390 2428 660 2495; x_wconf 78' lang='lat' dir='ltr'><strong>conflictabatur.</strong></span> <span class='ocrx_word' id='word_1_108' title='bbox 676 2468 719 2477; x_wconf 97' lang='lat'>—</span> <span class='ocrx_word' id='word_1_109' title='bbox 740 2428 789 2509; x_wconf 73' lang='lat'><strong>15,</strong></span> <span class='ocrx_word' id='word_1_110' title='bbox 813 2428 865 2495; x_wconf 85' lang='lat'><strong>56.</strong></span> <span class='ocrx_word' id='word_1_111' title='bbox 886 2428 1043 2493; x_wconf 90' lang='lat' dir='ltr'><strong>Lucanus</strong></span> <span class='ocrx_word' id='word_1_112' title='bbox 1058 2427 1329 2516; x_wconf 86' lang='lat' dir='ltr'><strong>Quintianusque</strong></span> <span class='ocrx_word' id='word_1_113' title='bbox 1340 2436 1374 2493; x_wconf 93' lang='lat' dir='ltr'><strong>ct</strong></span> <span class='ocrx_word' id='word_1_114' title='bbox 1388 2428 1528 2494; x_wconf 86' lang='lat' dir='ltr'><strong>Senecio</strong></span> 
     </span>
     <span class='ocr_line' id='line_1_16' title="bbox 290 2534 1528 2625; baseline 0.002 -27"><span class='ocrx_word' id='word_1_115' title='bbox 290 2534 349 2600; x_wconf 92' lang='lat' dir='ltr'><strong>diu</strong></span> <span class='ocrx_word' id='word_1_116' title='bbox 361 2534 529 2616; x_wconf 85' lang='lat' dir='ltr'><strong>abnuere;</strong></span> <span class='ocrx_word' id='word_1_117' title='bbox 546 2543 635 2625; x_wconf 91' lang='lat' dir='ltr'><strong>post,</strong></span> <span class='ocrx_word' id='word_1_118' title='bbox 664 2536 831 2624; x_wconf 91' lang='lat' dir='ltr'><strong>promissa</strong></span> <span class='ocrx_word' id='word_1_119' title='bbox 846 2536 1050 2624; x_wconf 86' lang='lat' dir='ltr'><strong>impunitate</strong></span> <span class='ocrx_word' id='word_1_120' title='bbox 1074 2535 1235 2624; x_wconf 89' lang='lat' dir='ltr'><strong>corrupti,</strong></span> <span class='ocrx_word' id='word_1_121' title='bbox 1252 2558 1319 2624; x_wconf 91' lang='lat' dir='ltr'><strong>quo</strong></span> <span class='ocrx_word' id='word_1_122' title='bbox 1335 2535 1528 2601; x_wconf 89' lang='lat' dir='ltr'><strong>tarditatem</strong></span> 
     </span>
     <span class='ocr_line' id='line_1_17' title="bbox 292 2643 1526 2731; baseline -0.002 -22"><span class='ocrx_word' id='word_1_123' title='bbox 292 2651 508 2721; x_wconf 86' lang='lat' dir='ltr'><strong>excusarent,</strong></span> <span class='ocrx_word' id='word_1_124' title='bbox 529 2643 711 2709; x_wconf 89' lang='lat' dir='ltr'><strong>...Senecio</strong></span> <span class='ocrx_word' id='word_1_125' title='bbox 727 2644 880 2708; x_wconf 75' lang='lat' dir='ltr'><strong>Annium</strong></span> <span class='ocrx_word' id='word_1_126' title='bbox 896 2643 1097 2720; x_wconf 85' lang='lat' dir='ltr'><strong>Pollionem,</strong></span> <span class='ocrx_word' id='word_1_127' title='bbox 1121 2643 1304 2709; x_wconf 88' lang='lat' dir='ltr'><strong>amicorum</strong></span> <span class='ocrx_word' id='word_1_128' title='bbox 1316 2644 1526 2731; x_wconf 89' lang='lat' dir='ltr'><strong>praecipuos,</strong></span> 
     </span>
     <span class='ocr_line' id='line_1_18' title="bbox 291 2750 1529 2840; baseline 0.002 -25"><span class='ocrx_word' id='word_1_129' title='bbox 291 2751 522 2817; x_wconf 85' lang='lat' dir='ltr'><strong>nominavere.</strong></span> <span class='ocrx_word' id='word_1_130' title='bbox 545 2789 589 2804; x_wconf 93' lang='lat'>-</span> <span class='ocrx_word' id='word_1_131' title='bbox 618 2750 669 2834; x_wconf 73' lang='lat'><strong>15,</strong></span> <span class='ocrx_word' id='word_1_132' title='bbox 692 2752 745 2817; x_wconf 88' lang='lat'><strong>58.</strong></span> <span class='ocrx_word' id='word_1_133' title='bbox 772 2750 848 2816; x_wconf 91' lang='lat' dir='ltr'><strong>Non</strong></span> <span class='ocrx_word' id='word_1_134' title='bbox 873 2752 963 2817; x_wconf 90' lang='lat' dir='ltr'><strong>euim</strong></span> <span class='ocrx_word' id='word_1_135' title='bbox 991 2750 1194 2817; x_wconf 86' lang='lat' dir='ltr'><strong>omittebant</strong></span> <span class='ocrx_word' id='word_1_136' title='bbox 1215 2750 1371 2816; x_wconf 88' lang='lat' dir='ltr'><strong>Lucanus</strong></span> <span class='ocrx_word' id='word_1_137' title='bbox 1394 2774 1529 2840; x_wconf 89' lang='lat' dir='ltr'><strong>quoque</strong></span> 
     </span>
     <span class='ocr_line' id='line_1_19' title="bbox 290 2857 1524 2947; baseline -0.001 -22"><span class='ocrx_word' id='word_1_138' title='bbox 290 2866 324 2925; x_wconf 85' lang='lat' dir='ltr'><strong>et</strong></span> <span class='ocrx_word' id='word_1_139' title='bbox 342 2858 484 2925; x_wconf 91' lang='lat' dir='ltr'><strong>Senecio</strong></span> <span class='ocrx_word' id='word_1_140' title='bbox 512 2865 547 2924; x_wconf 92' lang='lat' dir='ltr'><strong>et</strong></span> <span class='ocrx_word' id='word_1_141' title='bbox 573 2858 778 2937; x_wconf 88' lang='lat' dir='ltr'><strong>Quintianus</strong></span> <span class='ocrx_word' id='word_1_142' title='bbox 806 2860 933 2947; x_wconf 89' lang='lat' dir='ltr'><strong>passim</strong></span> <span class='ocrx_word' id='word_1_143' title='bbox 966 2859 1120 2924; x_wconf 88' lang='lat' dir='ltr'><strong>conscios</strong></span> <span class='ocrx_word' id='word_1_144' title='bbox 1147 2857 1287 2924; x_wconf 88' lang='lat' dir='ltr'><strong>edere...</strong></span> <span class='ocrx_word' id='word_1_145' title='bbox 1320 2897 1362 2908; x_wconf 91' lang='lat'><em>-</em></span> <span class='ocrx_word' id='word_1_146' title='bbox 1396 2859 1446 2937; x_wconf 80' lang='lat'><strong>15,</strong></span> <span class='ocrx_word' id='word_1_147' title='bbox 1471 2880 1524 2946; x_wconf 88' lang='lat'><strong>70.</strong></span> 
     </span>
     <span class='ocr_line' id='line_1_20' title="bbox 288 2965 1528 3053; baseline -0.003 -20"><span class='ocrx_word' id='word_1_148' title='bbox 288 2966 470 3036; x_wconf 90' lang='lat' dir='ltr'><strong>Senecio...</strong></span> <span class='ocrx_word' id='word_1_149' title='bbox 488 2973 522 3033; x_wconf 93' lang='lat' dir='ltr'><strong>et</strong></span> <span class='ocrx_word' id='word_1_150' title='bbox 540 2966 746 3047; x_wconf 88' lang='lat' dir='ltr'><strong>Quintianus</strong></span> <span class='ocrx_word' id='word_1_151' title='bbox 761 2975 794 3033; x_wconf 88' lang='lat' dir='ltr'><strong>et</strong></span> <span class='ocrx_word' id='word_1_152' title='bbox 815 2967 1001 3033; x_wconf 89' lang='lat' dir='ltr'><strong>Scaevinus</strong></span> <span class='ocrx_word' id='word_1_153' title='bbox 1037 2990 1104 3032; x_wconf 92' lang='lat' dir='ltr'><strong>non</strong></span> <span class='ocrx_word' id='word_1_154' title='bbox 1139 2990 1181 3032; x_wconf 87' lang='lat' dir='ltr'><strong>ex</strong></span> <span class='ocrx_word' id='word_1_155' title='bbox 1200 2965 1310 3053; x_wconf 86' lang='lat' dir='ltr'><strong>priore</strong></span> <span class='ocrx_word' id='word_1_156' title='bbox 1330 2965 1419 3031; x_wconf 87' lang='lat' dir='ltr'><strong>vitae</strong></span> <span class='ocrx_word' id='word_1_157' title='bbox 1445 2965 1528 3030; x_wconf 93' lang='lat' dir='ltr'><strong>mol-</strong></span> 
     </span>
     <span class='ocr_line' id='line_1_21' title="bbox 291 3074 562 3163; baseline 0.004 -24"><span class='ocrx_word' id='word_1_158' title='bbox 291 3074 403 3143; x_wconf 88' lang='lat' dir='ltr'><strong>litia...</strong></span> <span class='ocrx_word' id='word_1_159' title='bbox 422 3075 562 3163; x_wconf 90' lang='lat' dir='ltr'><strong>periere.</strong></span> 
     </span>
    </p>
   </div>
   <div class='ocr_carea' id='block_1_5' title="bbox 245 3180 1527 3272">
    <p class='ocr_par' dir='ltr' id='par_1_6' title="bbox 245 3180 1527 3272">
     <span class='ocr_line' id='line_1_22' title="bbox 245 3180 1527 3272; baseline -0.002 -23"><span class='ocrx_word' id='word_1_160' title='bbox 245 3182 473 3250; x_wconf 73' lang='lat' dir='ltr'><strong>CLAVDIVS</strong></span> <span class='ocrx_word' id='word_1_161' title='bbox 488 3181 706 3250; x_wconf 78' lang='lat' dir='ltr'><strong>SEVERVS.</strong></span> <span class='ocrx_word' id='word_1_162' title='bbox 722 3221 766 3232; x_wconf 95' lang='lat'>-</span> <span class='ocrx_word' id='word_1_163' title='bbox 779 3181 805 3263; x_wconf 95' lang='lat' dir='ltr'><strong>I,</strong></span> <span class='ocrx_word' id='word_1_164' title='bbox 823 3182 865 3248; x_wconf 87' lang='lat'><strong>68</strong></span> <span class='ocrx_word' id='word_1_165' title='bbox 876 3181 1051 3272; x_wconf 77' lang='lat' dir='ltr'><strong>(Helvetii)</strong></span> <span class='ocrx_word' id='word_1_166' title='bbox 1062 3182 1172 3271; x_wconf 90' lang='lat' dir='ltr'><strong>primo</strong></span> <span class='ocrx_word' id='word_1_167' title='bbox 1187 3180 1337 3247; x_wconf 89' lang='lat' dir='ltr'><strong>tumultu</strong></span> <span class='ocrx_word' id='word_1_168' title='bbox 1348 3180 1527 3247; x_wconf 88' lang='lat' dir='ltr'><strong>Claudium</strong></span> 
     </span>
    </p>
   </div>
   <div class='ocr_carea' id='block_1_6' title="bbox 245 3290 1526 3476">
    <p class='ocr_par' dir='ltr' id='par_1_7' title="bbox 245 3290 1526 3476">
     <span class='ocr_line' id='line_1_23' title="bbox 290 3290 766 3378; baseline 0 -22"><span class='ocrx_word' id='word_1_169' title='bbox 290 3291 452 3358; x_wconf 88' lang='lat' dir='ltr'><strong>Severum</strong></span> <span class='ocrx_word' id='word_1_170' title='bbox 468 3292 588 3357; x_wconf 91' lang='lat' dir='ltr'><strong>ducem</strong></span> <span class='ocrx_word' id='word_1_171' title='bbox 602 3290 766 3378; x_wconf 78' lang='lat' dir='ltr'><strong>legerant.</strong></span> 
     </span>
     <span class='ocr_line' id='line_1_24' title="bbox 245 3394 1526 3476; baseline 0 -16"><span class='ocrx_word' id='word_1_172' title='bbox 245 3394 906 3476; x_wconf 71' lang='lat' dir='ltr'><strong>CLIVDWST1M.tltcllvs.-15,</strong></span> <span class='ocrx_word' id='word_1_173' title='bbox 936 3420 988 3462; x_wconf 84' lang='lat'><strong>20.</strong></span> <span class='ocrx_word' id='word_1_174' title='bbox 1021 3395 1185 3461; x_wconf 89' lang='lat' dir='ltr'><strong>Claudius</strong></span> <span class='ocrx_word' id='word_1_175' title='bbox 1219 3395 1416 3460; x_wconf 88' lang='lat' dir='ltr'><strong>Timarchus</strong></span> <span class='ocrx_word' id='word_1_176' title='bbox 1446 3394 1526 3461; x_wconf 92' lang='lat' dir='ltr'><strong>Cre-</strong></span> 
     </span>
    </p>
   </div>
   <div class='ocr_carea' id='block_1_7' title="bbox 288 3501 1527 3594">
    <p class='ocr_par' dir='ltr' id='par_1_8' title="bbox 288 3501 1527 3594">
     <span class='ocr_line' id='line_1_25' title="bbox 288 3501 1527 3594; baseline -0.002 -25"><span class='ocrx_word' id='word_1_177' title='bbox 288 3505 394 3570; x_wconf 90' lang='lat' dir='ltr'><strong>tensis</strong></span> <span class='ocrx_word' id='word_1_178' title='bbox 409 3528 487 3570; x_wconf 89' lang='lat' dir='ltr'><strong>reus</strong></span> <span class='ocrx_word' id='word_1_179' title='bbox 506 3505 659 3592; x_wconf 89' lang='lat' dir='ltr'><strong>agitur...</strong></span> <span class='ocrx_word' id='word_1_180' title='bbox 679 3505 754 3570; x_wconf 91' lang='lat' dir='ltr'><strong>Vna</strong></span> <span class='ocrx_word' id='word_1_181' title='bbox 774 3529 841 3569; x_wconf 77' lang='lat' dir='ltr'><strong>vox</strong></span> <span class='ocrx_word' id='word_1_182' title='bbox 857 3506 929 3569; x_wconf 87' lang='lat' dir='ltr'><strong>eius</strong></span> <span class='ocrx_word' id='word_1_183' title='bbox 946 3528 1053 3594; x_wconf 92' lang='lat' dir='ltr'><strong>usque</strong></span> <span class='ocrx_word' id='word_1_184' title='bbox 1074 3504 1116 3569; x_wconf 91' lang='lat' dir='ltr'><strong>ad</strong></span> <span class='ocrx_word' id='word_1_185' title='bbox 1131 3501 1371 3570; x_wconf 90' lang='lat' dir='ltr'><strong>contumeliam</strong></span> <span class='ocrx_word' id='word_1_186' title='bbox 1388 3509 1527 3567; x_wconf 88' lang='lat' dir='ltr'><strong>senatus</strong></span> 
     </span>
    </p>
   </div>
   <div class='ocr_carea' id='block_1_8' title="bbox 243 3612 1527 4670">
    <p class='ocr_par' dir='ltr' id='par_1_9' title="bbox 288 3612 1527 3917">
     <span class='ocr_line' id='line_1_26' title="bbox 289 3612 1527 3701; baseline -0.002 -24"><span class='ocrx_word' id='word_1_187' title='bbox 289 3619 535 3700; x_wconf 85' lang='lat' dir='ltr'><strong>penetraverat,</strong></span> <span class='ocrx_word' id='word_1_188' title='bbox 549 3612 639 3701; x_wconf 91' lang='lat' dir='ltr'><strong>quod</strong></span> <span class='ocrx_word' id='word_1_189' title='bbox 655 3613 844 3678; x_wconf 89' lang='lat' dir='ltr'><strong>dictitasset</strong></span> <span class='ocrx_word' id='word_1_190' title='bbox 860 3613 893 3676; x_wconf 90' lang='lat' dir='ltr'><strong>in</strong></span> <span class='ocrx_word' id='word_1_191' title='bbox 905 3637 965 3678; x_wconf 87' lang='lat' dir='ltr'><strong>sua</strong></span> <span class='ocrx_word' id='word_1_192' title='bbox 976 3620 1144 3700; x_wconf 88' lang='lat' dir='ltr'><strong>potestate</strong></span> <span class='ocrx_word' id='word_1_193' title='bbox 1158 3612 1274 3690; x_wconf 90' lang='lat' dir='ltr'><strong>situm,</strong></span> <span class='ocrx_word' id='word_1_194' title='bbox 1284 3634 1326 3676; x_wconf 92' lang='lat' dir='ltr'><strong>an</strong></span> <span class='ocrx_word' id='word_1_195' title='bbox 1341 3633 1527 3697; x_wconf 89' lang='lat' dir='ltr'><strong>proconsu-</strong></span> 
     </span>
     <span class='ocr_line' id='line_1_27' title="bbox 288 3718 1525 3809; baseline 0.002 -26"><span class='ocrx_word' id='word_1_196' title='bbox 288 3718 389 3799; x_wconf 84' lang='lat' dir='ltr'><strong>libus,</strong></span> <span class='ocrx_word' id='word_1_197' title='bbox 408 3719 465 3809; x_wconf 94' lang='lat' dir='ltr'><strong>qui</strong></span> <span class='ocrx_word' id='word_1_198' title='bbox 479 3718 614 3785; x_wconf 90' lang='lat' dir='ltr'><strong>Cretam</strong></span> <span class='ocrx_word' id='word_1_199' title='bbox 630 3718 870 3796; x_wconf 83' lang='lat' dir='ltr'><strong>obtinuissent,</strong></span> <span class='ocrx_word' id='word_1_200' title='bbox 892 3728 1007 3807; x_wconf 88' lang='lat' dir='ltr'><strong>grates</strong></span> <span class='ocrx_word' id='word_1_201' title='bbox 1032 3727 1254 3807; x_wconf 89' lang='lat' dir='ltr'><strong>agerentur...</strong></span> <span class='ocrx_word' id='word_1_202' title='bbox 1274 3720 1398 3787; x_wconf 88' lang='lat' dir='ltr'><strong>Paetus</strong></span> <span class='ocrx_word' id='word_1_203' title='bbox 1414 3721 1440 3786; x_wconf 89' lang='lat' dir='ltr'>T</span> <span class='ocrx_word' id='word_1_204' title='bbox 1443 3722 1525 3786; x_wconf 88' lang='lat' dir='ltr'><strong>hra-</strong></span> 
     </span>
     <span class='ocr_line' id='line_1_28' title="bbox 289 3827 1255 3917; baseline 0.002 -26"><span class='ocrx_word' id='word_1_205' title='bbox 289 3849 386 3893; x_wconf 87' lang='lat' dir='ltr'><strong>sea...</strong></span> <span class='ocrx_word' id='word_1_206' title='bbox 404 3827 550 3915; x_wconf 79' lang='lat' dir='ltr'><strong>(censuit</strong></span> <span class='ocrx_word' id='word_1_207' title='bbox 566 3830 676 3915; x_wconf 85' lang='lat' dir='ltr'><strong>reum)</strong></span> <span class='ocrx_word' id='word_1_208' title='bbox 691 3828 865 3917; x_wconf 79' lang='lat' dir='ltr'><strong>provincia</strong></span> <span class='ocrx_word' id='word_1_209' title='bbox 886 3828 987 3894; x_wconf 89' lang='lat' dir='ltr'><strong>Creta</strong></span> <span class='ocrx_word' id='word_1_210' title='bbox 1003 3828 1255 3916; x_wconf 87' lang='lat' dir='ltr'><strong>depellendum.</strong></span> 
     </span>
    </p>

    <p class='ocr_par' dir='ltr' id='par_1_10' title="bbox 244 3933 1526 4233">
     <span class='ocr_line' id='line_1_29' title="bbox 244 3933 1526 4013; baseline -0.002 -9"><span class='ocrx_word' id='word_1_211' title='bbox 244 3933 472 4004; x_wconf 83' lang='lat' dir='ltr'><strong>CLAVDIVS</strong></span> <span class='ocrx_word' id='word_1_212' title='bbox 502 3933 680 4001; x_wconf 76' lang='lat' dir='ltr'><strong>VIC&#39;I&#39;QII.</strong></span> <span class='ocrx_word' id='word_1_213' title='bbox 714 3972 758 3985; x_wconf 92' lang='lat'><em>-</em></span> <span class='ocrx_word' id='word_1_214' title='bbox 793 3936 850 4013; x_wconf 94' lang='lat' dir='ltr'><strong>lV,</strong></span> <span class='ocrx_word' id='word_1_215' title='bbox 870 3936 1468 4003; x_wconf 84' lang='lat' dir='ltr'><strong>33.Civilis...veteranascohortes</strong></span> <span class='ocrx_word' id='word_1_216' title='bbox 1492 3943 1526 4003; x_wconf 91' lang='lat' dir='ltr'><strong>ct</strong></span> 
     </span>
     <span class='ocr_line' id='line_1_30' title="bbox 288 4041 1522 4133; baseline -0.001 -24"><span class='ocrx_word' id='word_1_217' title='bbox 288 4043 410 4133; x_wconf 90' lang='lat' dir='ltr'><strong>quode</strong></span> <span class='ocrx_word' id='word_1_218' title='bbox 425 4041 605 4107; x_wconf 88' lang='lat' dir='ltr'><strong>Germanis</strong></span> <span class='ocrx_word' id='word_1_219' title='bbox 621 4043 768 4107; x_wconf 78' lang='lat' dir='ltr'><strong>niaxime</strong></span> <span class='ocrx_word' id='word_1_220' title='bbox 783 4051 978 4131; x_wconf 90' lang='lat' dir='ltr'><strong>promptum</strong></span> <span class='ocrx_word' id='word_1_221' title='bbox 999 4044 1164 4109; x_wconf 84' lang='lat' dir='ltr'><strong>adversus</strong></span> <span class='ocrx_word' id='word_1_222' title='bbox 1179 4043 1385 4111; x_wconf 86' lang='lat' dir='ltr'><strong>Voculam...</strong></span> <span class='ocrx_word' id='word_1_223' title='bbox 1406 4044 1522 4122; x_wconf 85' lang='lat' dir='ltr'><strong>mittit,</strong></span> 
     </span>
     <span class='ocr_line' id='line_1_31' title="bbox 288 4149 1412 4233; baseline 0 -17"><span class='ocrx_word' id='word_1_224' title='bbox 288 4150 373 4217; x_wconf 91' lang='lat' dir='ltr'><strong>lulio</strong></span> <span class='ocrx_word' id='word_1_225' title='bbox 389 4149 539 4215; x_wconf 83' lang='lat' dir='ltr'><strong>Maximo</strong></span> <span class='ocrx_word' id='word_1_226' title='bbox 554 4157 588 4216; x_wconf 89' lang='lat' dir='ltr'><strong>et</strong></span> <span class='ocrx_word' id='word_1_227' title='bbox 603 4150 746 4215; x_wconf 86' lang='lat' dir='ltr'><strong>Claudio</strong></span> <span class='ocrx_word' id='word_1_228' title='bbox 758 4150 905 4230; x_wconf 87' lang='lat' dir='ltr'><strong>Victore,</strong></span> <span class='ocrx_word' id='word_1_229' title='bbox 924 4151 1049 4216; x_wconf 89' lang='lat' dir='ltr'><strong>sororis</strong></span> <span class='ocrx_word' id='word_1_230' title='bbox 1064 4174 1145 4217; x_wconf 90' lang='lat' dir='ltr'><strong>suae</strong></span> <span class='ocrx_word' id='word_1_231' title='bbox 1159 4150 1241 4233; x_wconf 87' lang='lat' dir='ltr'><strong>filio,</strong></span> <span class='ocrx_word' id='word_1_232' title='bbox 1257 4150 1412 4219; x_wconf 91' lang='lat' dir='ltr'><strong>ducibus.</strong></span> 
     </span>
    </p>

    <p class='ocr_par' dir='ltr' id='par_1_11' title="bbox 244 4257 904 4327">
     <span class='ocr_line' id='line_1_32' title="bbox 244 4257 904 4327; baseline 0.002 -3"><span class='ocrx_word' id='word_1_233' title='bbox 244 4257 457 4327; x_wconf 75' lang='lat' dir='ltr'><strong>CLAVSVS.</strong></span> <span class='ocrx_word' id='word_1_234' title='bbox 473 4280 506 4323; x_wconf 91' lang='lat' dir='ltr'><strong>v.</strong></span> <span class='ocrx_word' id='word_1_235' title='bbox 525 4257 670 4323; x_wconf 82' lang='lat' dir='ltr'><strong>ATTVS</strong></span> <span class='ocrx_word' id='word_1_236' title='bbox 693 4258 813 4323; x_wconf 67' lang='lat' dir='ltr'><strong>(1an</strong></span> <span class='ocrx_word' id='word_1_237' title='bbox 816 4257 871 4324; x_wconf 85' lang='lat' dir='ltr'><strong>SV</strong></span> <span class='ocrx_word' id='word_1_238' title='bbox 873 4258 904 4325; x_wconf 93' lang='lat' dir='ltr'><strong>S.</strong></span> 
     </span>
    </p>

    <p class='ocr_par' dir='ltr' id='par_1_12' title="bbox 244 4363 1341 4446">
     <span class='ocr_line' id='line_1_33' title="bbox 244 4363 1341 4446; baseline 0.002 -15"><span class='ocrx_word' id='word_1_239' title='bbox 244 4364 454 4431; x_wconf 83' lang='lat' dir='ltr'><strong>CLEMENS</strong></span> <span class='ocrx_word' id='word_1_240' title='bbox 474 4363 636 4445; x_wconf 85' lang='lat' dir='ltr'><strong>IVLIVS,</strong></span> <span class='ocrx_word' id='word_1_241' title='bbox 659 4364 885 4446; x_wconf 79' lang='lat' dir='ltr'><strong>CLEMENS,</strong></span> <span class='ocrx_word' id='word_1_242' title='bbox 901 4390 934 4434; x_wconf 90' lang='lat' dir='ltr'><strong>v.</strong></span> <span class='ocrx_word' id='word_1_243' title='bbox 954 4365 1103 4432; x_wconf 89' lang='lat' dir='ltr'><strong>IVLIVS</strong></span> <span class='ocrx_word' id='word_1_244' title='bbox 1118 4364 1341 4433; x_wconf 75' lang='lat' dir='ltr'><strong>CLEMENS.</strong></span> 
     </span>
    </p>

    <p class='ocr_par' dir='ltr' id='par_1_13' title="bbox 243 4470 1523 4670">
     <span class='ocr_line' id='line_1_34' title="bbox 243 4470 1521 4563; baseline 0.002 -24"><span class='ocrx_word' id='word_1_245' title='bbox 243 4470 484 4539; x_wconf 73' lang='lat' dir='ltr'><strong>CLEMEN88.</strong></span> <span class='ocrx_word' id='word_1_246' title='bbox 512 4511 546 4522; x_wconf 96' lang='lat'>-</span> <span class='ocrx_word' id='word_1_247' title='bbox 567 4495 598 4551; x_wconf 85' lang='lat'><strong>2,</strong></span> <span class='ocrx_word' id='word_1_248' title='bbox 616 4472 669 4559; x_wconf 76' lang='lat'><strong>39.</strong></span> <span class='ocrx_word' id='word_1_249' title='bbox 689 4472 843 4538; x_wconf 89' lang='lat' dir='ltr'><strong>Postumi</strong></span> <span class='ocrx_word' id='word_1_250' title='bbox 867 4474 1040 4563; x_wconf 82' lang='lat' dir='ltr'><strong>Agrippae</strong></span> <span class='ocrx_word' id='word_1_251' title='bbox 1055 4498 1175 4540; x_wconf 86' lang='lat' dir='ltr'><strong>servus</strong></span> <span class='ocrx_word' id='word_1_252' title='bbox 1200 4475 1336 4540; x_wconf 87' lang='lat' dir='ltr'><strong>nomine</strong></span> <span class='ocrx_word' id='word_1_253' title='bbox 1350 4474 1521 4557; x_wconf 87' lang='lat' dir='ltr'><strong>Clemens,</strong></span> 
     </span>
     <span class='ocr_line' id='line_1_35' title="bbox 286 4580 1523 4670; baseline 0.002 -23"><span class='ocrx_word' id='word_1_254' title='bbox 286 4588 446 4670; x_wconf 86' lang='lat' dir='ltr'><strong>conperto</strong></span> <span class='ocrx_word' id='word_1_255' title='bbox 469 4580 536 4645; x_wconf 87' lang='lat' dir='ltr'><strong>fine</strong></span> <span class='ocrx_word' id='word_1_256' title='bbox 560 4580 709 4667; x_wconf 80' lang='lat' dir='ltr'><strong>Augusti</strong></span> <span class='ocrx_word' id='word_1_257' title='bbox 735 4604 876 4670; x_wconf 89' lang='lat' dir='ltr'><strong>pergere</strong></span> <span class='ocrx_word' id='word_1_258' title='bbox 899 4583 934 4647; x_wconf 93' lang='lat' dir='ltr'><strong>in</strong></span> <span class='ocrx_word' id='word_1_259' title='bbox 963 4582 1110 4648; x_wconf 89' lang='lat' dir='ltr'><strong>insulam</strong></span> <span class='ocrx_word' id='word_1_260' title='bbox 1131 4581 1324 4648; x_wconf 86' lang='lat' dir='ltr'><strong>Planasiam</strong></span> <span class='ocrx_word' id='word_1_261' title='bbox 1350 4591 1382 4648; x_wconf 89' lang='lat' dir='ltr'><strong>et</strong></span> <span class='ocrx_word' id='word_1_262' title='bbox 1407 4582 1523 4649; x_wconf 82' lang='lat' dir='ltr'><strong>fraude</strong></span> 
     </span>
    </p>
   </div>
   <div class='ocr_carea' id='block_1_9' title="bbox 272 4862 1395 5088">
    <p class='ocr_par' dir='ltr' id='par_1_14' title="bbox 272 4862 1395 5088">
     <span class='ocr_line' id='line_1_36' title="bbox 274 4862 1395 4935; baseline 0.002 -17"><span class='ocrx_word' id='word_1_263' title='bbox 274 4863 281 4899; x_wconf 88' lang='lat'>¹</span> <span class='ocrx_word' id='word_1_264' title='bbox 297 4862 322 4918; x_wconf 77' lang='grc' dir='ltr'>Ι</span> <span class='ocrx_word' id='word_1_265' title='bbox 337 4879 343 4915; x_wconf 93' lang='lat'><strong>:</strong></span> <span class='ocrx_word' id='word_1_266' title='bbox 359 4870 412 4915; x_wconf 68' lang='lat' dir='ltr'><strong>ses.</strong></span> <span class='ocrx_word' id='word_1_267' title='bbox 426 4866 532 4924; x_wconf 64' lang='lat' dir='ltr'><strong>Ilione,</strong></span> <span class='ocrx_word' id='word_1_268' title='bbox 549 4865 597 4927; x_wconf 90' lang='grc' dir='ltr'>ΙΙΙ,</span> <span class='ocrx_word' id='word_1_269' title='bbox 609 4885 633 4933; x_wconf 83' lang='lat'><strong>7,</strong></span> <span class='ocrx_word' id='word_1_270' title='bbox 648 4869 756 4921; x_wconf 83' lang='lat' dir='ltr'><strong>dubitat</strong></span> <span class='ocrx_word' id='word_1_271' title='bbox 773 4873 865 4921; x_wconf 90' lang='lat' dir='ltr'><strong>utrum</strong></span> <span class='ocrx_word' id='word_1_272' title='bbox 893 4871 1008 4921; x_wconf 81' lang='lat' dir='ltr'><strong>Sanctus</strong></span> <span class='ocrx_word' id='word_1_273' title='bbox 1023 4886 1056 4921; x_wconf 87' lang='lat' dir='ltr'><strong>aa</strong></span> <span class='ocrx_word' id='word_1_274' title='bbox 1071 4872 1178 4922; x_wconf 76' lang='lat' dir='ltr'><strong>Sancus</strong></span> <span class='ocrx_word' id='word_1_275' title='bbox 1193 4870 1336 4935; x_wconf 81' lang='lat' dir='ltr'><strong>legendum</strong></span> <span class='ocrx_word' id='word_1_276' title='bbox 1351 4871 1395 4921; x_wconf 86' lang='lat' dir='ltr'><strong>sit.</strong></span> 
     </span>
     <span class='ocr_line' id='line_1_37' title="bbox 272 4944 691 5000; baseline 0.007 -4"><span class='ocrx_word' id='word_1_277' title='bbox 272 4944 342 4996; x_wconf 66' lang='lat' dir='ltr'><strong>&#39;Ut</strong></span> <span class='ocrx_word' id='word_1_278' title='bbox 361 4946 483 4997; x_wconf 82' lang='lat' dir='ltr'><strong>tullium.</strong></span> <span class='ocrx_word' id='word_1_279' title='bbox 500 4948 575 4998; x_wconf 87' lang='lat' dir='ltr'><strong>Corr.</strong></span> <span class='ocrx_word' id='word_1_280' title='bbox 594 4949 691 5000; x_wconf 79' lang='lat' dir='ltr'><strong>Rittcr.</strong></span> 
     </span>
     <span class='ocr_line' id='line_1_38' title="bbox 272 5026 490 5088; baseline 0.018 -13"><span class='ocrx_word' id='word_1_281' title='bbox 272 5027 283 5060; x_wconf 77' lang='lat'>³</span> <span class='ocrx_word' id='word_1_282' title='bbox 300 5026 422 5088; x_wconf 64' lang='lat' dir='ltr'><strong>Pnosor„</strong></span> <span class='ocrx_word' id='word_1_283' title='bbox 434 5027 490 5080; x_wconf 75' lang='lat'><strong>⁸⁸5.</strong></span> 
     </span>
    </p>
   </div>
   <div class='ocr_carea' id='block_1_10' title="bbox 335 5126 1443 5179">
    <p class='ocr_par' dir='ltr' id='par_1_15' title="bbox 335 5126 1443 5179">
     <span class='ocr_line' id='line_1_39' title="bbox 335 5126 1443 5179; baseline 0.003 -3"><span class='ocrx_word' id='word_1_284' title='bbox 335 5126 412 5177; x_wconf 81' lang='lat' dir='ltr'><strong>Usrv.</strong></span> <span class='ocrx_word' id='word_1_285' title='bbox 431 5143 465 5178; x_wconf 80' lang='lat' dir='ltr'><strong>us</strong></span> <span class='ocrx_word' id='word_1_286' title='bbox 482 5128 564 5179; x_wconf 73' lang='lat' dir='ltr'><strong>Lros.</strong></span> <span class='ocrx_word' id='word_1_287' title='bbox 582 5155 612 5168; x_wconf 97' lang='lat'>-</span> <span class='ocrx_word' id='word_1_288' title='bbox 631 5130 714 5179; x_wconf 71' lang='lat' dir='ltr'><strong>Fama</strong></span> <span class='ocrx_word' id='word_1_289' title='bbox 1413 5128 1443 5179; x_wconf 79' lang='lat' dir='ltr'><strong>lt</strong></span> 
     </span>
    </p>
   </div>
   <div class='ocr_carea' id='block_1_11' title="bbox 0 0 1860 6230">
    <p class='ocr_par' dir='ltr' id='par_1_16' title="bbox 0 0 1860 6230">
     <span class='ocr_line' id='line_1_40' title="bbox 0 0 1860 6230; baseline 0 0"><span class='ocrx_word' id='word_1_290' title='bbox 0 0 1860 6230; x_wconf 95' lang='lat' dir='ltr'><strong> </strong></span> 
     </span>
    </p>
   </div>
  </div>
 </body>
</html>
