3709 6234
741 871 768 922 L.
791 866 957 922 METELLVS
1437 867 1491 921 ⁴45

248 1018 323 1076 orto
351 1011 441 1099 apud
461 1011 601 1077 libertos
627 1012 820 1086 certamine,
843 1014 918 1100 quis
945 1011 1108 1099 deligeret
1138 1034 1279 1077 uxorem
1304 1009 1488 1076 Claudio...

249 1156 291 1166 -
307 1142 356 1196 12,
376 1144 406 1207 7.
426 1120 529 1184 Versa
546 1143 587 1184 ex
603 1120 744 1207 (nuptiis
759 1119 891 1184 Claudii
907 1128 940 1185 et
951 1119 1173 1208 Agrippinae)
1187 1120 1308 1184 civitas
1322 1126 1356 1183 et
1370 1125 1489 1182 cuncta

249 1224 393 1292 feminae
413 1227 650 1305 oboediebant,
665 1250 733 1290 non
755 1251 814 1315 per
830 1227 1016 1298 lasciviam,
1035 1235 1073 1292 ut
1089 1226 1284 1294 Messalina.
1303 1224 1403 1290 rebus
1423 1225 1491 1289 llo-

250 1334 360 1398 manis
387 1333 595 1401 inludenti...
626 1372 671 1386 -
700 1359 748 1412 11,
778 1360 810 1423 9.
838 1334 992 1422 Sponsus
1018 1335 1084 1400 iam
1107 1334 1294 1420 (Octaviae)
1330 1341 1364 1398 et
1388 1355 1491 1418 gener

249 1439 411 1528 (Claudii)
433 1442 603 1507 Domitius
621 1442 755 1529 aequari
773 1442 966 1507 Britannico
982 1442 1103 1506 studiis
1117 1441 1247 1520 matris,
1269 1447 1339 1504 arte
1359 1463 1488 1516 eorum,

249 1548 325 1635 quis
338 1548 381 1613 ob
396 1557 588 1614 accusatam
604 1549 821 1613 Messalinam
838 1548 921 1613 ultio
938 1571 979 1613 ex
990 1549 1059 1613 lilio
1076 1547 1298 1613 metuebatur.
1313 1585 1355 1595 —
1373 1572 1421 1626 12,
1434 1549 1487 1622 42.

251 1655 410 1721 Nondum
426 1664 539 1722 tamen
555 1681 686 1721 summa
697 1656 807 1720 moliri
823 1657 1012 1744 Agrippina
1028 1656 1185 1726 audebat.
1199 1656 1233 1720 ni
1247 1655 1490 1743 praetoriarum

251 1763 439 1829 cohortium
459 1787 539 1828 cura
560 1763 817 1829 exsolverentur
839 1764 961 1828 Lusius
982 1763 1067 1829 Geta
1088 1771 1121 1828 et
1142 1762 1280 1827 Rufrius
1300 1761 1489 1849 Crispinus,

250 1894 337 1958 quos
365 1871 568 1936 Messalinae
589 1895 755 1937 memores
770 1881 803 1937 et
824 1870 939 1937 liberis
955 1872 1028 1936 eius
1048 1871 1224 1936 devinctos
1251 1868 1420 1935 credebat.
1449 1907 1492 1917 —

257 2003 306 2052 ra,
333 1979 387 2044 (55.
425 1981 607 2067 (Loquitur
642 1979 837 2064 Narcissus)
886 1979 1156 2045 «...Convietarn
1203 1977 1421 2043 Messalinam
1459 1983 1493 2040 et

251 2085 436 2153 Silium...»
457 2126 499 2137 -
519 2088 568 2160 13,
590 2112 639 2151 11.
657 2089 846 2174 Secutaque
867 2086 988 2152 lenitas
1017 2086 1051 2150 in
1076 2085 1246 2150 Plautium
1276 2086 1491 2153 Lateranum.

251 2218 352 2283 quem
369 2195 412 2260 ob
433 2195 638 2261 adulterium
654 2195 857 2260 Messalinae
876 2195 994 2259 ordine
1005 2195 1179 2260 demotum
1195 2193 1340 2258 reddidit
1360 2193 1492 2257 senatui

253 2301 379 2391 (Nero).
408 2302 526 2375 -13,
562 2328 612 2391 ¹9·
645 2302 739 2367 lunia
771 2302 898 2372 Silana.
928 2325 1029 2390 quam
1064 2301 1278 2366 matrimonio
1307 2301 1345 2365 C.
1382 2299 1457 2364 Silii
1474 2323 1492 2363 a

253 2409 435 2475 Messalina
455 2409 631 2498 depulsam
649 2434 749 2498 supra
769 2410 895 2476 rettuli.
919 2450 963 2459 —
987 2410 1037 2486 13,
1063 2409 1117 2474 32.
1145 2409 1228 2474 Post
1249 2407 1367 2472 luliam
1391 2406 1491 2470 l)rusi

252 2517 355 2582 liliam
370 2517 449 2581 dolo
470 2518 673 2582 Messalinae
693 2518 915 2584 interiectam.
943 2557 986 2566 -
1014 2517 1063 2592 13,
1091 2517 1145 2594 113.
1170 2517 1270 2604 (Cum
1293 2515 1330 2581 P.
1353 2513 1493 2580 Suillius

252 2625 484 2690 accusationes
498 2649 517 2689 a
532 2648 567 2690 se
583 2632 758 2712 susceptas
774 2626 867 2689 iussu
888 2624 1021 2690 Claudii
1036 2623 1297 2712 praetenderet),
1315 2645 1388 2687 eam
1419 2645 1493 2686 ora-

253 2733 378 2798 tionem
401 2732 518 2820 (Nero)
540 2732 730 2797 cohibuit...
746 2754 752 2812 3
776 2741 847 2798 tuni
863 2733 952 2797 iussa
967 2732 1170 2797 Messalinae
1184 2730 1358 2820 praetendi
1372 2730 1424 2796 ¹...

207 2839 527 2906 MESSALINVSl.
545 2879 589 2888 -—
604 2840 649 2902 .·l.
668 2842 720 2915 15.
743 2841 817 2904 Vna
841 2840 951 2904 adhuc
974 2840 1114 2904 victoria
1142 2838 1247 2906 Carus
1267 2839 1392 2903 Metius
1416 2861 1493 2902 cen-

253 2947 401 3029 sebatur,
418 2954 453 3014 et
472 2947 558 3011 intra
580 2946 749 3011 Albanam
769 2970 878 3011 arcem
902 2948 1069 3012 sententia
1089 2945 1285 3012 Messalini³
1309 2944 1490 3032 strepebat.

208 3054 494 3121 MESSALINVS
513 3052 673 3130 COTTA,
690 3077 723 3119 v.
742 3053 889 3119 COTTA
903 3053 1161 3119 MESSALlNl'
1165 3055 1200 3120 S.

208 3161 434 3228 MESSENll.
455 3202 493 3211 -
514 3164 545 3237 d.
564 3159 616 3238 43.
637 3161 782 3226 Auditae
811 3162 932 3227 debinc
955 3162 1294 3228 Lacedaemoniorum
1319 3169 1353 3226 et
1367 3161 1493 3224 Messe-

253 3271 387 3335 niorum
419 3269 605 3357 legationes
630 3269 671 3333 de
702 3269 773 3333 iure
799 3269 915 3357 templi
945 3270 1071 3335 Dianae
1093 3269 1335 3333 Limnatidis...
1368 3267 1493 3331 Contra

251 3377 453 3443 Messenii...
472 3377 681 3465 protulere...
702 3375 750 3441 lta
771 3377 958 3441 secundum
979 3377 1169 3441 Messenios
1184 3376 1311 3440 datum.

210 3484 443 3550 MEl'IlLLll.
475 3523 514 3533 -
547 3485 585 3549 t).
619 3484 669 3571 37.
703 3511 718 3543 a
750 3485 800 3548 Ex
829 3483 994 3571 (veterum
1029 3492 1180 3549 aetorum
1205 3481 1493 3570 epistularumque

255 3592 351 3656 libris
371 3615 388 3656 a
411 3592 569 3656 Muciano
590 3591 704 3676 editis)
726 3589 877 3676 intellegi
900 3599 1012 3678 potest
1033 3643 1053 3656 ..
1084 3590 1247 3656 Lentulos
1276 3598 1309 3654 et
1335 3586 1494 3652 Metellos

255 3708 288 3763 et
303 3698 464 3764 Lucullos
485 3707 517 3762 et
539 3698 702 3762 Curiones
718 3707 751 3763 et
765 3707 911 3763 ceteram
925 3721 1101 3784 procerum
1123 3719 1259 3761 manum
1289 3693 1434 3758 multum
1460 3693 1493 3756 in

255 3806 495 3895 (eloquentiae)
517 3805 639 3870 studiis
660 3829 780 3892 operae
798 3829 965 3893 curaeque
999 3806 1165 3894 posuisse,
1199 3826 1259 3867 neo
1288 3822 1493 3891 quemquam

255 3913 324 3978 illis
340 3913 417 4001 (Cn.
438 3915 587 4002 Pompeii
605 3923 638 3980 et
654 3916 700 3979 M.
721 3914 850 4000 Crassi)
870 3913 1121 4001 temporibus...

211 4022 249 4088 L.
268 4021 506 4087 METELLVS
519 4022 539 4086 ⁵.
567 4063 606 4073 --
631 4023 661 4095 3,
693 4045 746 4109 7¹·
775 4019 1093 4110 Memorabaturque
1110 4019 1147 4083 L.
1164 4018 1295 4084 Metelli
1325 4017 1494 4106 pontilicis

246 4282 254 4316 ¹
270 4279 303 4333 V.
319 4281 399 4330 etiam
416 4299 452 4340 ir,
473 4299 494 4334 1.
514 4282 536 4340 3,
555 4296 599 4344 27:
617 4298 652 4337 12,
671 4281 710 4339 61.

242 4359 253 4397 ⁸
272 4362 303 4411 L.
320 4362 443 4410 Valerius
461 4362 582 4411 Catullus
598 4362 769 4409 Messalinus.
788 4360 911 4416 Proser,
929 4358 961 4418 V,
979 4369 1018 4418 41.

242 4441 371 4490 31111τ1111
398 4459 561 4506 praenomen
592 4443 728 4491 Messalini
756 4446 869 4504 propter
900 4441 1113 4488 concinnitatem
1146 4437 1345 4487 restituendum
1378 4437 1493 4484 censet:

210 4529 223 4558 ⁸
242 4521 325 4570 l'crbi
341 4538 422 4571 causa
438 4523 528 4572 Marci
547 4523 588 4571 rel
607 4522 691 4571 Liuii.
713 4542 770 4567 1-
789 4522 901 4569 11111111ΛΞ
920 4536 925 4568 :
949 4543 959 4562 1
978 4521 1084 4568 llxcidit
1099 4523 1146 4568 aut
1163 4521 1195 4567 A.
1214 4521 1260 4566 aut
1279 4518 1317 4566 M.
1338 4537 1359 4564 1.

242 4602 252 4637 ⁴
268 4603 442 4666 intellegendi
457 4609 519 4651 strui
531 4604 563 4659 Q.
575 4603 706 4651 Caecilius
725 4603 851 4651 Metellus
865 4603 937 4656 l‘ius,
954 4617 1009 4649 cus.
1021 4617 1036 4648 u
1057 4603 1103 4662 674
1113 4619 1143 4644 ε
1153 4599 1198 4658 803
1210 4603 1242 4655 Q.
1255 4597 1388 4653 Caecilius
1399 4594 1494 4643 Metul-

212 4675 251 4731 lus
276 4684 338 4731 l’ius
357 4684 458 4746 Scipio,
476 4699 530 4731 cos.
554 4699 576 4731 a.
590 4701 676 4747 702:
693 4685 737 4738 52;
756 4685 787 4738 t).
804 4683 937 4730 Caecilius
954 4681 1081 4729 Metellus
1103 4681 1204 4742 Nepos.
1225 4694 1309 4727 cosa
1344 4679 1390 4740 697
1405 4695 1435 4719 =
1450 4677 1492 4738 573

211 4765 243 4821 Q.
260 4765 392 4813 Caecilius
414 4765 541 4812 Metellus
553 4766 638 4824 Celer,
653 4780 708 4815 ciis.
725 4780 748 4813 u.
766 4765 812 4827 69.)
834 4782 864 4807 z
884 4765 927 4812 uu
947 4763 979 4818 Q.
998 4762 1131 4810 Caecilius
1150 4760 1277 4809 Metellus
1290 4759 1420 4818 Creticus,
1439 4771 1495 4805 cos-

210 4859 234 4894 ι.
252 4845 299 4893 685
318 4864 348 4890 .-.
371 4847 410 4908 ⁵9·
437 4846 476 4893 Cf.
502 4847 608 4905 0111111,
635 4847 726 4893 Onera.
753 4844 923 4892 Tullianum.
952 4843 1001 4890 llis
1027 4843 1194 4905 antiquiores
1217 4841 1348 4904 quosdam
1372 4837 1494 4899 adiungit

212 4926 340 4974 Rrrnrr.

243 5006 254 5041 ⁵
273 5006 301 5055 L.
315 5005 450 5056 Caecilius
466 5006 601 5064 Meteilus,
619 5021 675 5054 cos.
692 5021 715 5054 u.
730 5006 775 5055 50³
791 5025 820 5049 =
835 5007 890 5060 251,
906 5005 1029 5067 pontifex
1044 5003 1177 5053 niaximus
1191 5002 1226 5051 ab
1241 5017 1266 5052 a:
1278 5003 1322 5050 511
1335 5019 1365 5045 =
1377 5000 1431 5058 248.
