3709 6234
714 881 933 933 nntraantct's
1414 875 1463 927 isa

230 1035 296 1089 tum
324 1024 584 1112 (Dornitianii...
612 1022 753 1086 missum
786 1023 828 1086 ad
846 1021 1040 1108 ,tgriccilairi
1068 1021 1254 1100 codicillos.
1277 1021 1400 1108 quibus
1434 1021 1462 1085 ei

228 1129 320 1215 Syria
336 1129 494 1200 dabatur.
518 1129 648 1198 tulisse.
679 1152 755 1194 oum
774 1137 950 1217 praecepto
968 1138 1015 1201 ut.
1043 1131 1070 1194 si
1093 1130 1126 1193 in
1149 1129 1341 1193 Britannia¹
1363 1128 1460 1204 toret,

230 1237 480 1304 traderentur...
493 1237 583 1306 -(}.
601 1259 650 1325 ¹7·
671 1238 851 1326 (Loquitur
866 1238 997 1325 .·tper):
1023 1271 1036 1294 «ι
1059 1237 1134 1324 Ipse
1154 1260 1216 1321 ego
1239 1237 1271 1300 iu
1291 1236 1461 1300 Britannia

227 1343 293 1409 ridi
309 1367 438 1423 senem,
460 1345 518 1432 qui
538 1366 573 1408 se
599 1345 759 1411 fateretur
774 1346 804 1409 ei
821 1368 953 1432 pugnae
969 1344 1174 1421 interfuisse,
1193 1367 1258 1433 qun
1285 1342 1462 1408 Caesarem

228 1451 425 1518 inferentem
455 1475 547 1517 arma
581 1452 733 1518 Britanni
762 1476 874 1517 arcere.
906 1452 1063 1518 litoribus
1093 1459 1125 1516 et
1154 1451 1279 1540 pellere
1313 1450 1463 1537 adgressi

229 1559 341 1627 sunta
369 1584 385 1623 n

190 1666 520 1733 uut'l'aa'xuwse.
558 1707 602 1717 —
640 1692 689 1736 ιι,
721 1667 919 1733 r.SosiBius
966 1667 1167 1732 Britannici³
1205 1668 1377 1737 educator.
1421 1709 1464 1718 -—

233 1799 280 1842 ιι.
302 1777 330 1852 i.
372 1773 505 1840 Adiecit
534 1773 605 1861 ti..)
629 1773 785 1839 Vitellius
816 1775 1009 1840 sestertium
1040 1774 1174 1839 deciens
1202 1775 1346 1844 Sosibio.
1375 1776 1463 1863 quod

229 1881 460 1947 Britannicum
490 1883 689 1969 praeceptis,
722 1880 900 1946 Claudium
937 1881 1088 1946 consiliis
1115 1882 1255 1947 iuvaret.
1279 1922 1308 1935 -
1342 1908 1390 1952 ιι.
1414 1909 1461 1948 ιι.

227 1988 373 2054 Bedente
391 1987 533 2054 tliaudio
549 1988 757 2053 circensibus
778 1988 880 2068 ludis,
903 2012 979 2054 cum
1000 1991 1094 2077 pueri
1111 1988 1241 2053 nobiles
1257 1990 1353 2078 cquis
1377 1989 1462 2054 ludi-

228 2118 318 2160 crum
340 2095 460 2160 Troiae
486 2097 609 2161 inirent
625 2097 779 2184 interque
805 2120 863 2161 cos
885 2096 1098 2162 Britannicus
1111 2096 1311 2185 imperatore
1331 2098 1466 2182 genitus

228 2214 259 2270 et
288 2205 325 2269 l..
351 2203 521 2269 Domitius
559 2203 739 2292 adoptione
769 2227 846 2268 mox
882 2205 914 2267 in
936 2205 1113 2292 imperium
1147 2212 1179 2268 et
1204 2214 1465 2289 cognomentum

229 2311 373 2376 Neronis
393 2310 543 2376 adscitus
563 2364 584 2378 ..
607 2347 647 2360 -
669 2334 717 2378 rr.
743 2311 794 2375 ati.
831 2311 949 2396 (silius
969 2312 1058 2398 apud
1088 2310 1306 2376 Messalinam
1323 2312 1466 2377 dissere-

228 2420 299 2504 bat)
325 2442 362 2483 se.
384 2418 560 2490 caelibem.
582 2419 713 2496 orbum,
739 2418 866 2505 nuptiis
886 2427 918 2484 et
944 2420 1137 2508 adoptando
1159 2420 1351 2485 Britannico
1372 2443 1467 2508 para-

230 2535 313 2591 tum.
333 2563 375 2575 —
397 2547 446 2600 ιι,
465 2525 519 2591 39..
543 2524 725 2591 ¹Bessalina
755 2534 879 2605 tamen,
901 2550 1107 2615 quamquam
1134 2551 1186 2591 res
1207 2527 1367 2592 adversae
1388 2551 1468 2592 con·

229 2633 342 2699 silium
369 2635 568 2702 eximerent.
613 2633 802 2701 ...misit....
820 2641 858 2698 ut
876 2634 1092 2698 Britannicus
1111 2640 1144 2698 et
1164 2634 1303 2698 Octavia
1324 2635 1357 2698 in
1378 2659 1468 2700 com·

230 2741 366 2829 plexum
399 2741 506 2829 patris
543 2749 732 2828 pergerent.
774 2780 815 2791 -
856 2766 904 2810 ιι.
942 2739 995 2818 34.
1033 2742 1073 2806 Bt
1095 2742 1160 2805 iam
1191 2749 1260 2806 erat
1282 2743 1314 2805 in
1331 2753 1468 2830 aspectu

231 2849 415 2914 Messalina
441 2849 715 2937 clamitabatque.
738 2849 868 2915 audiret
884 2848 1045 2914 Octaviae
1061 2859 1094 2915 et
1112 2850 1295 2915 Britannici
1312 2858 1465 2916 matrem.

230 2996 271 3006 —
296 2981 346 3026 ιτι.
368 2981 398 3023 ι.
416 2956 520 3038 (Cum
547 2981 632 3022 uxm
647 2957 790 3022 (llaudio
810 2957 989 3042 deligenda
1011 2961 1130 3040 ossot‚)
1148 2957 1468 3043 Narcissus(.teliae

233 3065 390 3130 Paetinae
428 3064 550 3150 fautor)
579 3073 676 3130 retus
707 3065 972 3140 matrimonium,
1000 3064 1103 3128 tiliam
1137 3088 1364 3136 communem.
1391 3089 1467 3130 nam

230 3172 380 3238 Antonia
400 3195 441 3237 ex
462 3172 599 3238 Paetina
617 3179 738 3239 erat...
762 3171 961 3241 disserebat.
985 3172 1012 3234 si
1041 3181 1136 3237 sueta
1156 3173 1303 3237 coniunx
1331 3172 1468 3244 rediret.

232 3278 510 3367 haudquaquam
531 3278 768 3344 novercalibus
788 3280 874 3343 uitiis
891 3280 1003 3343 visura
1028 3280 1271 3349 Britannicum.
1293 3280 1468 3344 ttctaviam

232 3386 384 3475 proxima
401 3387 472 3451 suis
505 3387 657 3474 pignora.
693 3425 737 3439 -
771 3387 1203 3476 Μ·1)(’511111θ1ῑ1111110
1239 3387 1390 3455 ttctaria.
1432 3411 1470 3451 ac

231 3521 331 3586 super
363 3494 507 3582 priorem
541 3493 825 3558 necessitudinem
855 3517 1000 3582 sponsus
1022 3495 1085 3557 iam
1112 3504 1142 3559 et
1178 3517 1280 3576 gener
1303 3495 1470 3560 Bomitius

231 3604 366 3694 aequari
384 3602 579 3667 Britannico
600 3602 722 3666 studiis
743 3602 872 3678 matris,
887 3609 957 3666 arte
979 3625 1106 3670 eorum.
1124 3603 1199 3691 quis
1220 3603 1262 3666 ob
1278 3610 1469 3667 accusatam

233 3710 451 3776 Messalinam
474 3708 556 3774 ultio
579 3732 620 3773 ex
642 3708 710 3772 titio
744 3708 934 3774 timebatur.
955 3749 998 3757 -
1020 3731 1067 3779 in.
1088 3707 1141 3773 αὖ.
1157 3708 1301 3793 (Pallas)
1320 3709 1471 3775 stimula-

232 3817 544 3890 berelindam...
565 3816 746 3881 Britannici
763 3817 940 3903 pueritiam
967 3816 1086 3880 robore
1106 3816 1330 3882 circumdaret
1355 3817 1470 3906 (adop-

234 3923 334 3988 tando
366 3922 403 3986 l..
439 3920 649 4007 Bomitimn).
677 3960 719 3969 —
744 3945 794 3990 ra.
823 3922 876 3985 oti.
917 3920 1047 3998 Quibus
1082 3922 1222 4009 patratis
1257 3945 1355 3988 nemo
1389 3923 1471 3987 adeo

232 4053 353 4118 expers
375 4027 623 4096 misericordiae
644 4029 717 4107 fuit,
737 4052 836 4117 quem
852 4053 918 4094 nun
943 4029 1128 4093 Britannici
1162 4029 1295 4094 fortuna
1322 4054 1471 4095 iuuerurc

233 4137 432 4202 adiiceret...
453 4135 540 4200 Puer
560 4135 798 4224 intempestiva
828 4159 992 4202 novercae
1012 4137 1122 4200 ot'ticia
1146 4137 1179 4201 ia
1196 4136 1380 4201 ludibrium
1396 4161 1471 4202 rcr-

234 4243 337 4322 tebat,
368 4241 571 4329 intellegens
600 4242 688 4308 falsi.
722 4244 837 4332 Neque
864 4244 954 4307 enim
980 4266 1119 4331 segnem
1152 4244 1302 4309 eiiuisse
1323 4243 1469 4309 indolem

234 4352 522 4428 ierunt...-12‚
554 4352 609 4428 dr.
641 4350 784 4415 Ludicro
823 4351 1065 4416 circensium...
1092 4352 1304 4416 Britannicus
1322 4353 1354 4416 in
1376 4376 1471 4439 prae-

236 4465 338 4528 texta.
357 4455 445 4521 Nero
462 4456 655 4544 triumphali
678 4466 771 4523 reste
797 4459 938 4523 travecti
960 4464 1078 4524 sunt...
1102 4458 1209 4522 Sinuri
1226 4459 1282 4547 qui
1302 4462 1472 4524 centuriu-

222 4745 229 4776 ¹
248 4741 314 4794 AB:
331 4739 518 4792 Britanniam.

221 4822 232 4858 ²
251 4822 283 4871 t'.
294 4822 375 4870 etiam
388 4823 422 4870 A.
442 4837 482 4885 ¹9·

222 4907 231 4932 '¹
246 4903 276 4950 Ti
289 4902 419 4949 Clniuiius
436 4902 537 4949 Cacsar
552 4902 733 4952 Britannicus.
750 4905 922 4954 l'rmmi·..t1..
942 4905 998 4954 61111.

224 4985 232 5016 ⁶
247 4981 273 5032 Ι
286 4983 330 5031 bic
347 4987 371 5030 et
392 4983 494 5043 utrique
506 4988 620 5044 exscepta
638 5000 692 5031 tini·
707 4985 766 5032 tacu
779 4995 828 5047 (aa.
841 4986 866 5044 9)
880 4988 998 5044 seruiunt
1016 4986 1066 5034 liu.
1086 4989 1103 5032 1.
