<?xml version="1.0" encoding="UTF-8"?>
<!DOCTYPE html PUBLIC "-//W3C//DTD XHTML 1.0 Transitional//EN"
    "http://www.w3.org/TR/xhtml1/DTD/xhtml1-transitional.dtd">
<html xmlns="http://www.w3.org/1999/xhtml" xml:lang="en" lang="en">
 <head>
  <title>
</title>
<meta http-equiv="Content-Type" content="text/html;charset=utf-8" />
  <meta name='ocr-system' content='tesseract 3.04.00' />
  <meta name='ocr-capabilities' content='ocr_page ocr_carea ocr_par ocr_line ocrx_word'/>
</head>
<body>
  <div class='ocr_page' id='page_1' title='image "./onomasticontaci00fabigoog_0451.png"; bbox 0 0 3709 6234; ppageno 0'>
   <div class='ocr_carea' id='block_1_1' title="bbox 784 874 1503 929">
    <p class='ocr_par' dir='ltr' id='par_1_1' title="bbox 784 874 1503 929">
     <span class='ocr_line' id='line_1_1' title="bbox 784 874 1503 929; baseline 0.004 -3"><span class='ocrx_word' id='word_1_1' title='bbox 784 876 946 927; x_wconf 76' lang='lat' dir='ltr'>utssAtts</span> <span class='ocrx_word' id='word_1_2' title='bbox 1450 874 1503 929; x_wconf 69' lang='grc'>443</span> 
     </span>
    </p>
   </div>
   <div class='ocr_carea' id='block_1_2' title="bbox 218 1016 1507 4511">
    <p class='ocr_par' dir='ltr' id='par_1_2' title="bbox 218 1016 1507 4511">
     <span class='ocr_line' id='line_1_2' title="bbox 261 1016 1502 1105; baseline 0.002 -23"><span class='ocrx_word' id='word_1_3' title='bbox 261 1017 408 1084; x_wconf 80' lang='lat' dir='ltr'><strong>Messala</strong></span> <span class='ocrx_word' id='word_1_4' title='bbox 428 1016 598 1083; x_wconf 91' lang='lat' dir='ltr'>Corvinus</span> <span class='ocrx_word' id='word_1_5' title='bbox 625 1016 865 1103; x_wconf 79' lang='lat' dir='ltr'>imperatorem</span> <span class='ocrx_word' id='word_1_6' title='bbox 893 1040 990 1080; x_wconf 91' lang='lat' dir='ltr'>suum</span> <span class='ocrx_word' id='word_1_7' title='bbox 1021 1017 1176 1081; x_wconf 91' lang='lat' dir='ltr'>Cassium</span> <span class='ocrx_word' id='word_1_8' title='bbox 1207 1018 1435 1105; x_wconf 89' lang='lat' dir='ltr'>praedicabat.</span> <span class='ocrx_word' id='word_1_9' title='bbox 1460 1018 1502 1084; x_wconf 83' lang='lat' dir='ltr'>Et</span> 
     </span>
     <span class='ocr_line' id='line_1_3' title="bbox 262 1121 1504 1213; baseline -0.001 -23"><span class='ocrx_word' id='word_1_10' title='bbox 262 1133 403 1213; x_wconf 91' lang='lat' dir='ltr'>uterque</span> <span class='ocrx_word' id='word_1_11' title='bbox 419 1124 576 1212; x_wconf 84' lang='lat' dir='ltr'>(Asinius</span> <span class='ocrx_word' id='word_1_12' title='bbox 593 1121 701 1187; x_wconf 81' lang='lat' dir='ltr'>l&#39;ollio</span> <span class='ocrx_word' id='word_1_13' title='bbox 715 1130 750 1188; x_wconf 87' lang='lat' dir='ltr'>et</span> <span class='ocrx_word' id='word_1_14' title='bbox 768 1123 930 1200; x_wconf 75' lang='lat' dir='ltr'>Messala)</span> <span class='ocrx_word' id='word_1_15' title='bbox 957 1124 1077 1213; x_wconf 78' lang='lat' dir='ltr'>opilius</span> <span class='ocrx_word' id='word_1_16' title='bbox 1097 1133 1197 1213; x_wconf 89' lang='lat' dir='ltr'>atque</span> <span class='ocrx_word' id='word_1_17' title='bbox 1221 1125 1403 1190; x_wconf 87' lang='lat' dir='ltr'>honoribus</span> <span class='ocrx_word' id='word_1_18' title='bbox 1429 1149 1504 1213; x_wconf 93' lang='lat' dir='ltr'>per-</span> 
     </span>
     <span class='ocr_line' id='line_1_4' title="bbox 262 1229 1503 1319; baseline 0.002 -25"><span class='ocrx_word' id='word_1_19' title='bbox 262 1233 442 1319; x_wconf 79' lang='lat' dir='ltr'>viguere».</span> <span class='ocrx_word' id='word_1_20' title='bbox 461 1270 503 1279; x_wconf 92' lang='grc'>-</span> <span class='ocrx_word' id='word_1_21' title='bbox 523 1229 556 1306; x_wconf 86' lang='grc'>6,</span> <span class='ocrx_word' id='word_1_22' title='bbox 584 1254 632 1293; x_wconf 91' lang='grc' dir='ltr'>ιι.</span> <span class='ocrx_word' id='word_1_23' title='bbox 651 1230 841 1316; x_wconf 83' lang='lat' dir='ltr'>Augustus¹</span> <span class='ocrx_word' id='word_1_24' title='bbox 864 1282 869 1294; x_wconf 94' lang='lat'>.</span> <span class='ocrx_word' id='word_1_25' title='bbox 896 1255 1006 1294; x_wconf 87' lang='lat' dir='ltr'>reruni</span> <span class='ocrx_word' id='word_1_26' title='bbox 1033 1232 1160 1318; x_wconf 91' lang='lat' dir='ltr'>potitus</span> <span class='ocrx_word' id='word_1_27' title='bbox 1175 1231 1217 1295; x_wconf 92' lang='lat' dir='ltr'>ob</span> <span class='ocrx_word' id='word_1_28' title='bbox 1236 1231 1503 1319; x_wconf 77' lang='lat' dir='ltr'>magnitudinem</span> 
     </span>
     <span class='ocr_line' id='line_1_5' title="bbox 261 1335 1504 1427; baseline 0.002 -25"><span class='ocrx_word' id='word_1_29' title='bbox 261 1337 378 1427; x_wconf 90' lang='lat' dir='ltr'>populi</span> <span class='ocrx_word' id='word_1_30' title='bbox 396 1361 434 1403; x_wconf 92' lang='lat' dir='ltr'>ac</span> <span class='ocrx_word' id='word_1_31' title='bbox 452 1337 545 1402; x_wconf 90' lang='lat' dir='ltr'>tarda</span> <span class='ocrx_word' id='word_1_32' title='bbox 561 1335 675 1423; x_wconf 80' lang='lat' dir='ltr'>legum</span> <span class='ocrx_word' id='word_1_33' title='bbox 690 1337 814 1400; x_wconf 89' lang='lat' dir='ltr'>auxilia</span> <span class='ocrx_word' id='word_1_34' title='bbox 828 1339 973 1423; x_wconf 81' lang='lat' dir='ltr'>sumpsit</span> <span class='ocrx_word' id='word_1_35' title='bbox 985 1361 1002 1401; x_wconf 92' lang='lat' dir='ltr'>e</span> <span class='ocrx_word' id='word_1_36' title='bbox 1015 1338 1323 1427; x_wconf 85' lang='lat' dir='ltr'>consularibus‚qui</span> <span class='ocrx_word' id='word_1_37' title='bbox 1335 1348 1504 1404; x_wconf 85' lang='lat' dir='ltr'>coerceret</span> 
     </span>
     <span class='ocr_line' id='line_1_6' title="bbox 262 1443 1504 1534; baseline 0.002 -26"><span class='ocrx_word' id='word_1_38' title='bbox 262 1446 400 1512; x_wconf 88' lang='lat' dir='ltr'>servitia</span> <span class='ocrx_word' id='word_1_39' title='bbox 417 1453 451 1510; x_wconf 88' lang='lat' dir='ltr'>et</span> <span class='ocrx_word' id='word_1_40' title='bbox 466 1444 557 1533; x_wconf 93' lang='lat' dir='ltr'>quod</span> <span class='ocrx_word' id='word_1_41' title='bbox 573 1444 697 1508; x_wconf 89' lang='lat' dir='ltr'>civium</span> <span class='ocrx_word' id='word_1_42' title='bbox 718 1443 856 1508; x_wconf 88' lang='lat' dir='ltr'>audacia</span> <span class='ocrx_word' id='word_1_43' title='bbox 883 1444 1067 1519; x_wconf 85' lang='lat' dir='ltr'>turbidum,</span> <span class='ocrx_word' id='word_1_44' title='bbox 1086 1446 1151 1509; x_wconf 93' lang='lat' dir='ltr'>nisi</span> <span class='ocrx_word' id='word_1_45' title='bbox 1175 1447 1243 1509; x_wconf 81' lang='lat' dir='ltr'>vim</span> <span class='ocrx_word' id='word_1_46' title='bbox 1272 1454 1410 1522; x_wconf 87' lang='lat' dir='ltr'>metuat,</span> <span class='ocrx_word' id='word_1_47' title='bbox 1438 1449 1504 1534; x_wconf 90' lang='lat' dir='ltr'>pri-</span> 
     </span>
     <span class='ocr_line' id='line_1_7' title="bbox 262 1551 1502 1642; baseline 0.001 -23"><span class='ocrx_word' id='word_1_48' title='bbox 262 1575 405 1642; x_wconf 90' lang='lat' dir='ltr'>musque</span> <span class='ocrx_word' id='word_1_49' title='bbox 426 1551 573 1617; x_wconf 82' lang='lat' dir='ltr'>Messala</span> <span class='ocrx_word' id='word_1_50' title='bbox 596 1551 763 1616; x_wconf 88' lang='lat' dir='ltr'>Corvinus</span> <span class='ocrx_word' id='word_1_51' title='bbox 795 1574 868 1615; x_wconf 90' lang='lat' dir='ltr'>eam</span> <span class='ocrx_word' id='word_1_52' title='bbox 889 1559 1092 1638; x_wconf 89' lang='lat' dir='ltr'>potestatem</span> <span class='ocrx_word' id='word_1_53' title='bbox 1118 1554 1375 1639; x_wconf 75' lang='lat' dir='ltr'>(praefecturam</span> <span class='ocrx_word' id='word_1_54' title='bbox 1398 1555 1502 1640; x_wconf 66' lang='lat' dir='ltr'>urbis)</span> 
     </span>
     <span class='ocr_line' id='line_1_8' title="bbox 262 1658 1503 1749; baseline -0.001 -25"><span class='ocrx_word' id='word_1_55' title='bbox 262 1669 295 1726; x_wconf 90' lang='lat' dir='ltr'>et</span> <span class='ocrx_word' id='word_1_56' title='bbox 316 1682 442 1749; x_wconf 90' lang='lat' dir='ltr'>paucos</span> <span class='ocrx_word' id='word_1_57' title='bbox 469 1659 557 1723; x_wconf 88' lang='lat' dir='ltr'>intra</span> <span class='ocrx_word' id='word_1_58' title='bbox 582 1658 654 1722; x_wconf 91' lang='lat' dir='ltr'>dies</span> <span class='ocrx_word' id='word_1_59' title='bbox 678 1659 778 1722; x_wconf 90' lang='lat' dir='ltr'>linem</span> <span class='ocrx_word' id='word_1_60' title='bbox 804 1659 944 1745; x_wconf 77' lang='lat' dir='ltr'>accepit,</span> <span class='ocrx_word' id='word_1_61' title='bbox 964 1660 1058 1747; x_wconf 85' lang='lat' dir='ltr'>quasi</span> <span class='ocrx_word' id='word_1_62' title='bbox 1080 1661 1213 1724; x_wconf 89' lang='lat' dir='ltr'>nescius</span> <span class='ocrx_word' id='word_1_63' title='bbox 1242 1661 1430 1726; x_wconf 87' lang='lat' dir='ltr'>exercendi.</span> <span class='ocrx_word' id='word_1_64' title='bbox 1462 1700 1503 1711; x_wconf 89' lang='lat'><em>-</em></span> 
     </span>
     <span class='ocr_line' id='line_1_9' title="bbox 267 1765 1501 1854; baseline 0.002 -24"><span class='ocrx_word' id='word_1_65' title='bbox 267 1794 276 1831; x_wconf 94' lang='grc' dir='ltr'>ι</span> <span class='ocrx_word' id='word_1_66' title='bbox 290 1793 315 1848; x_wconf 74' lang='grc' dir='ltr'>ι,</span> <span class='ocrx_word' id='word_1_67' title='bbox 335 1768 366 1833; x_wconf 84' lang='lat' dir='ltr'>(i.</span> <span class='ocrx_word' id='word_1_68' title='bbox 389 1766 571 1854; x_wconf 86' lang='lat' dir='ltr'>(Loquitur</span> <span class='ocrx_word' id='word_1_69' title='bbox 586 1766 624 1830; x_wconf 91' lang='lat' dir='ltr'>C.</span> <span class='ocrx_word' id='word_1_70' title='bbox 640 1765 758 1849; x_wconf 86' lang='lat' dir='ltr'>Silius)</span> <span class='ocrx_word' id='word_1_71' title='bbox 773 1795 832 1834; x_wconf 83' lang='grc' dir='ltr'>ιι...</span> <span class='ocrx_word' id='word_1_72' title='bbox 850 1765 1086 1831; x_wconf 87' lang='lat' dir='ltr'>Meminissent</span> <span class='ocrx_word' id='word_1_73' title='bbox 1102 1768 1225 1844; x_wconf 79' lang='lat' dir='ltr'>Asinii,</span> <span class='ocrx_word' id='word_1_74' title='bbox 1247 1767 1413 1831; x_wconf 81' lang='lat' dir='ltr'>Messalae</span> <span class='ocrx_word' id='word_1_75' title='bbox 1425 1768 1447 1834; x_wconf 89' lang='lat'>¹.</span> <span class='ocrx_word' id='word_1_76' title='bbox 1470 1822 1476 1834; x_wconf 93' lang='lat'>.</span> <span class='ocrx_word' id='word_1_77' title='bbox 1495 1789 1501 1833; x_wconf 93' lang='lat'>:</span> 
     </span>
     <span class='ocr_line' id='line_1_10' title="bbox 262 1873 1502 1963; baseline -0.001 -24"><span class='ocrx_word' id='word_1_78' title='bbox 262 1874 305 1939; x_wconf 92' lang='lat' dir='ltr'>ad</span> <span class='ocrx_word' id='word_1_79' title='bbox 334 1897 465 1939; x_wconf 92' lang='lat' dir='ltr'>summa</span> <span class='ocrx_word' id='word_1_80' title='bbox 498 1880 676 1960; x_wconf 88' lang='lat' dir='ltr'>provectos</span> <span class='ocrx_word' id='word_1_81' title='bbox 700 1873 894 1960; x_wconf 88' lang='lat' dir='ltr'>incorrupta</span> <span class='ocrx_word' id='word_1_82' title='bbox 916 1874 985 1938; x_wconf 81' lang='lat' dir='ltr'>vita</span> <span class='ocrx_word' id='word_1_83' title='bbox 1020 1882 1053 1938; x_wconf 89' lang='lat' dir='ltr'>et</span> <span class='ocrx_word' id='word_1_84' title='bbox 1082 1873 1309 1942; x_wconf 79' lang='lat' dir='ltr'>facundia...»</span> <span class='ocrx_word' id='word_1_85' title='bbox 1335 1912 1379 1925; x_wconf 89' lang='lat'><em>-</em></span> <span class='ocrx_word' id='word_1_86' title='bbox 1404 1899 1452 1942; x_wconf 84' lang='lat' dir='ltr'>rr.</span> <span class='ocrx_word' id='word_1_87' title='bbox 1471 1901 1502 1963; x_wconf 87' lang='lat'>7.</span> 
     </span>
     <span class='ocr_line' id='line_1_11' title="bbox 262 1979 1504 2069; baseline 0 -23"><span class='ocrx_word' id='word_1_88' title='bbox 262 1983 476 2069; x_wconf 88' lang='lat' dir='ltr'>(Loquuntur</span> <span class='ocrx_word' id='word_1_89' title='bbox 491 1979 643 2055; x_wconf 86' lang='lat' dir='ltr'>Suillius,</span> <span class='ocrx_word' id='word_1_90' title='bbox 658 1980 893 2049; x_wconf 86' lang='lat' dir='ltr'>Cossutianus.</span> <span class='ocrx_word' id='word_1_91' title='bbox 912 1981 982 2067; x_wconf 89' lang='lat' dir='ltr'>alii)</span> <span class='ocrx_word' id='word_1_92' title='bbox 995 2005 1010 2042; x_wconf 87' lang='grc' dir='ltr'>ιι</span> <span class='ocrx_word' id='word_1_93' title='bbox 1028 2031 1034 2045; x_wconf 93' lang='grc'><strong>.</strong></span> <span class='ocrx_word' id='word_1_94' title='bbox 1057 1981 1185 2047; x_wconf 80' lang='lat' dir='ltr'>,Facile</span> <span class='ocrx_word' id='word_1_95' title='bbox 1202 1981 1359 2045; x_wconf 81' lang='lat' dir='ltr'>Asinium</span> <span class='ocrx_word' id='word_1_96' title='bbox 1372 1983 1504 2046; x_wconf 89' lang='lat' dir='ltr'>ctMes-</span> 
     </span>
     <span class='ocr_line' id='line_1_12' title="bbox 262 2087 1502 2175; baseline -0.002 -23"><span class='ocrx_word' id='word_1_97' title='bbox 262 2088 381 2160; x_wconf 81' lang='lat' dir='ltr'>salam,</span> <span class='ocrx_word' id='word_1_98' title='bbox 398 2088 486 2152; x_wconf 85' lang='lat' dir='ltr'>inter</span> <span class='ocrx_word' id='word_1_99' title='bbox 507 2087 696 2150; x_wconf 83' lang='lat' dir='ltr'>Antonium</span> <span class='ocrx_word' id='word_1_100' title='bbox 707 2095 740 2152; x_wconf 91' lang='lat' dir='ltr'>et</span> <span class='ocrx_word' id='word_1_101' title='bbox 756 2088 950 2172; x_wconf 71' lang='lat' dir='ltr'>Augustum</span> <span class='ocrx_word' id='word_1_102' title='bbox 968 2087 1133 2151; x_wconf 84' lang='lat' dir='ltr'>bellorum</span> <span class='ocrx_word' id='word_1_103' title='bbox 1147 2089 1305 2175; x_wconf 87' lang='lat' dir='ltr'>praemiis</span> <span class='ocrx_word' id='word_1_104' title='bbox 1321 2088 1460 2153; x_wconf 81' lang='lat' dir='ltr'>refertos</span> <span class='ocrx_word' id='word_1_105' title='bbox 1481 2142 1502 2158; x_wconf 85' lang='lat'>..</span> 
     </span>
     <span class='ocr_line' id='line_1_13' title="bbox 262 2193 1504 2282; baseline 0 -22"><span class='ocrx_word' id='word_1_106' title='bbox 262 2217 423 2282; x_wconf 83' lang='lat' dir='ltr'>magnum</span> <span class='ocrx_word' id='word_1_107' title='bbox 439 2195 588 2258; x_wconf 91' lang='lat' dir='ltr'>animum</span> <span class='ocrx_word' id='word_1_108' title='bbox 610 2193 797 2258; x_wconf 71' lang='lat' dir='ltr'>induisse».</span> <span class='ocrx_word' id='word_1_109' title='bbox 820 2232 862 2241; x_wconf 92' lang='lat'>-</span> <span class='ocrx_word' id='word_1_110' title='bbox 888 2195 937 2271; x_wconf 75' lang='lat'>13,</span> <span class='ocrx_word' id='word_1_111' title='bbox 963 2194 1016 2271; x_wconf 72' lang='grc'>34.</span> <span class='ocrx_word' id='word_1_112' title='bbox 1040 2194 1172 2258; x_wconf 84' lang='lat' dir='ltr'>Nerone</span> <span class='ocrx_word' id='word_1_113' title='bbox 1203 2196 1337 2260; x_wconf 91' lang='lat' dir='ltr'>tertium</span> <span class='ocrx_word' id='word_1_114' title='bbox 1367 2196 1504 2260; x_wconf 87' lang='lat' dir='ltr'>consule</span> 
     </span>
     <span class='ocr_line' id='line_1_14' title="bbox 261 2300 1503 2390; baseline -0.003 -23"><span class='ocrx_word' id='word_1_115' title='bbox 261 2302 362 2367; x_wconf 94' lang='lat' dir='ltr'>simul</span> <span class='ocrx_word' id='word_1_116' title='bbox 377 2303 454 2367; x_wconf 91' lang='lat' dir='ltr'>iniit</span> <span class='ocrx_word' id='word_1_117' title='bbox 475 2301 688 2365; x_wconf 88' lang='lat' dir='ltr'>consulatum</span> <span class='ocrx_word' id='word_1_118' title='bbox 710 2300 863 2365; x_wconf 79' lang='lat' dir='ltr'>Valerius</span> <span class='ocrx_word' id='word_1_119' title='bbox 888 2301 1047 2370; x_wconf 90' lang='lat' dir='ltr'>Messala.</span> <span class='ocrx_word' id='word_1_120' title='bbox 1068 2302 1163 2366; x_wconf 89' lang='lat' dir='ltr'>cuius</span> <span class='ocrx_word' id='word_1_121' title='bbox 1189 2326 1365 2390; x_wconf 83' lang='lat' dir='ltr'>proavum,</span> <span class='ocrx_word' id='word_1_122' title='bbox 1392 2313 1503 2366; x_wconf 75' lang='lat' dir='ltr'>‹irato-</span> 
     </span>
     <span class='ocr_line' id='line_1_15' title="bbox 261 2407 1504 2495; baseline -0.001 -21"><span class='ocrx_word' id='word_1_123' title='bbox 261 2433 331 2474; x_wconf 85' lang='lat' dir='ltr'>rem</span> <span class='ocrx_word' id='word_1_124' title='bbox 349 2409 639 2480; x_wconf 78' lang='lat' dir='ltr'>Corvinum.l)ivo</span> <span class='ocrx_word' id='word_1_125' title='bbox 656 2410 824 2494; x_wconf 82' lang='lat' dir='ltr'>Augusto,</span> <span class='ocrx_word' id='word_1_126' title='bbox 846 2407 953 2472; x_wconf 84' lang='lat' dir='ltr'>abavo</span> <span class='ocrx_word' id='word_1_127' title='bbox 974 2408 1129 2486; x_wconf 79' lang='lat' dir='ltr'>Neronis,</span> <span class='ocrx_word' id='word_1_128' title='bbox 1157 2408 1321 2495; x_wconf 81' lang='lat' dir='ltr'>collegam</span> <span class='ocrx_word' id='word_1_129' title='bbox 1337 2411 1369 2474; x_wconf 88' lang='lat' dir='ltr'>iu</span> <span class='ocrx_word' id='word_1_130' title='bbox 1387 2411 1504 2474; x_wconf 86' lang='lat' dir='ltr'>eodem</span> 
     </span>
     <span class='ocr_line' id='line_1_16' title="bbox 261 2515 1504 2604; baseline -0.002 -23"><span class='ocrx_word' id='word_1_131' title='bbox 261 2517 464 2604; x_wconf 76' lang='lat' dir='ltr'>magistratu</span> <span class='ocrx_word' id='word_1_132' title='bbox 484 2515 586 2580; x_wconf 91' lang='lat' dir='ltr'>luisse</span> <span class='ocrx_word' id='word_1_133' title='bbox 609 2517 705 2603; x_wconf 89' lang='lat' dir='ltr'>pauci</span> <span class='ocrx_word' id='word_1_134' title='bbox 726 2515 793 2579; x_wconf 90' lang='lat' dir='ltr'>iam</span> <span class='ocrx_word' id='word_1_135' title='bbox 818 2539 937 2580; x_wconf 90' lang='lat' dir='ltr'>senum</span> <span class='ocrx_word' id='word_1_136' title='bbox 963 2517 1196 2581; x_wconf 89' lang='lat' dir='ltr'>meminerant.</span> <span class='ocrx_word' id='word_1_137' title='bbox 1228 2556 1266 2566; x_wconf 88' lang='lat'><em>-</em></span> <span class='ocrx_word' id='word_1_138' title='bbox 1288 2517 1326 2582; x_wconf 87' lang='lat'>0.</span> <span class='ocrx_word' id='word_1_139' title='bbox 1357 2542 1405 2580; x_wconf 82' lang='lat'>12.</span> <span class='ocrx_word' id='word_1_140' title='bbox 1428 2518 1504 2602; x_wconf 85' lang='lat' dir='ltr'>(Lo-</span> 
     </span>
     <span class='ocr_line' id='line_1_17' title="bbox 261 2621 1502 2712; baseline 0 -24"><span class='ocrx_word' id='word_1_141' title='bbox 261 2625 375 2712; x_wconf 90' lang='lat' dir='ltr'>quitur</span> <span class='ocrx_word' id='word_1_142' title='bbox 387 2621 577 2704; x_wconf 69' lang='lat' dir='ltr'>Maternus)</span> <span class='ocrx_word' id='word_1_143' title='bbox 614 2650 628 2682; x_wconf 87' lang='grc' dir='ltr'>ιι</span> <span class='ocrx_word' id='word_1_144' title='bbox 644 2621 813 2686; x_wconf 89' lang='lat' dir='ltr'>Necullus</span> <span class='ocrx_word' id='word_1_145' title='bbox 829 2622 941 2686; x_wconf 76' lang='lat' dir='ltr'>Asinii</span> <span class='ocrx_word' id='word_1_146' title='bbox 957 2630 1015 2686; x_wconf 92' lang='lat' dir='ltr'>aut</span> <span class='ocrx_word' id='word_1_147' title='bbox 1030 2622 1209 2688; x_wconf 85' lang='lat' dir='ltr'>Messallae</span> <span class='ocrx_word' id='word_1_148' title='bbox 1226 2623 1310 2688; x_wconf 92' lang='lat' dir='ltr'>liber</span> <span class='ocrx_word' id='word_1_149' title='bbox 1323 2632 1391 2688; x_wconf 92' lang='lat' dir='ltr'>tam</span> <span class='ocrx_word' id='word_1_150' title='bbox 1407 2623 1502 2688; x_wconf 91' lang='lat' dir='ltr'>illus·</span> 
     </span>
     <span class='ocr_line' id='line_1_18' title="bbox 262 2728 1505 2818; baseline -0.002 -22"><span class='ocrx_word' id='word_1_151' title='bbox 262 2731 322 2796; x_wconf 90' lang='lat' dir='ltr'>tris</span> <span class='ocrx_word' id='word_1_152' title='bbox 337 2739 388 2796; x_wconf 88' lang='lat' dir='ltr'>est</span> <span class='ocrx_word' id='word_1_153' title='bbox 399 2753 501 2818; x_wconf 90' lang='lat' dir='ltr'>quam</span> <span class='ocrx_word' id='word_1_154' title='bbox 516 2730 633 2794; x_wconf 86' lang='lat' dir='ltr'>Medea</span> <span class='ocrx_word' id='word_1_155' title='bbox 651 2729 762 2793; x_wconf 83' lang='lat' dir='ltr'>(lvidii</span> <span class='ocrx_word' id='word_1_156' title='bbox 785 2735 841 2792; x_wconf 88' lang='lat' dir='ltr'>aut</span> <span class='ocrx_word' id='word_1_157' title='bbox 858 2728 949 2792; x_wconf 84' lang='lat' dir='ltr'>Varii</span> <span class='ocrx_word' id='word_1_158' title='bbox 965 2729 1131 2815; x_wconf 75' lang='lat' dir='ltr'>Thyestes</span> <span class='ocrx_word' id='word_1_159' title='bbox 1143 2753 1173 2794; x_wconf 78' lang='grc' dir='ltr'>ιι.</span> <span class='ocrx_word' id='word_1_160' title='bbox 1194 2770 1226 2780; x_wconf 88' lang='grc'><strong>-</strong></span> <span class='ocrx_word' id='word_1_161' title='bbox 1262 2730 1505 2818; x_wconf 78' lang='lat' dir='ltr'>17.(Loquiau</span> 
     </span>
     <span class='ocr_line' id='line_1_19' title="bbox 261 2836 1503 2926; baseline -0.002 -24"><span class='ocrx_word' id='word_1_162' title='bbox 261 2838 367 2926; x_wconf 85' lang='lat' dir='ltr'>Aper)</span> <span class='ocrx_word' id='word_1_163' title='bbox 408 2864 422 2900; x_wconf 87' lang='grc' dir='ltr'>ιι</span> <span class='ocrx_word' id='word_1_164' title='bbox 452 2836 653 2901; x_wconf 85' lang='lat' dir='ltr'>Nostrorum</span> <span class='ocrx_word' id='word_1_165' title='bbox 687 2844 878 2922; x_wconf 85' lang='lat' dir='ltr'>temporum</span> <span class='ocrx_word' id='word_1_166' title='bbox 916 2836 1052 2901; x_wconf 87' lang='lat' dir='ltr'>disertis</span> <span class='ocrx_word' id='word_1_167' title='bbox 1094 2844 1297 2924; x_wconf 89' lang='lat' dir='ltr'>anteponere</span> <span class='ocrx_word' id='word_1_168' title='bbox 1344 2837 1503 2902; x_wconf 87' lang='lat' dir='ltr'>soletis...</span> 
     </span>
     <span class='ocr_line' id='line_1_20' title="bbox 261 2943 1504 3010; baseline -0.002 0"><span class='ocrx_word' id='word_1_169' title='bbox 261 2945 457 3010; x_wconf 88' lang='lat' dir='ltr'>Ciceronem</span> <span class='ocrx_word' id='word_1_170' title='bbox 471 2952 504 3008; x_wconf 92' lang='lat' dir='ltr'>et</span> <span class='ocrx_word' id='word_1_171' title='bbox 519 2943 697 3008; x_wconf 88' lang='lat' dir='ltr'>Caesarem</span> <span class='ocrx_word' id='word_1_172' title='bbox 713 2952 747 3007; x_wconf 92' lang='lat' dir='ltr'>et</span> <span class='ocrx_word' id='word_1_173' title='bbox 768 2943 919 3007; x_wconf 84' lang='lat' dir='ltr'>Caelium</span> <span class='ocrx_word' id='word_1_174' title='bbox 935 2951 967 3008; x_wconf 91' lang='lat' dir='ltr'>et</span> <span class='ocrx_word' id='word_1_175' title='bbox 985 2944 1129 3008; x_wconf 83' lang='lat' dir='ltr'>Calvum</span> <span class='ocrx_word' id='word_1_176' title='bbox 1149 2953 1184 3008; x_wconf 94' lang='lat' dir='ltr'>et</span> <span class='ocrx_word' id='word_1_177' title='bbox 1197 2944 1338 3009; x_wconf 88' lang='lat' dir='ltr'>Brutum</span> <span class='ocrx_word' id='word_1_178' title='bbox 1366 2952 1399 3009; x_wconf 93' lang='lat' dir='ltr'>et</span> <span class='ocrx_word' id='word_1_179' title='bbox 1425 2945 1504 3008; x_wconf 83' lang='lat' dir='ltr'>Asi-</span> 
     </span>
     <span class='ocr_line' id='line_1_21' title="bbox 262 3050 1503 3140; baseline -0.002 -24"><span class='ocrx_word' id='word_1_180' title='bbox 262 3053 354 3117; x_wconf 90' lang='lat' dir='ltr'>nium</span> <span class='ocrx_word' id='word_1_181' title='bbox 385 3060 418 3116; x_wconf 92' lang='lat' dir='ltr'>et</span> <span class='ocrx_word' id='word_1_182' title='bbox 446 3051 682 3115; x_wconf 84' lang='lat' dir='ltr'>Messallam...</span> <span class='ocrx_word' id='word_1_183' title='bbox 720 3050 879 3114; x_wconf 86' lang='lat' dir='ltr'>Proximo</span> <span class='ocrx_word' id='word_1_184' title='bbox 902 3050 1039 3138; x_wconf 88' lang='lat' dir='ltr'>quidem</span> <span class='ocrx_word' id='word_1_185' title='bbox 1076 3052 1247 3138; x_wconf 84' lang='lat' dir='ltr'>congiario</span> <span class='ocrx_word' id='word_1_186' title='bbox 1274 3053 1338 3140; x_wconf 93' lang='lat' dir='ltr'>ipsi</span> <span class='ocrx_word' id='word_1_187' title='bbox 1372 3051 1503 3117; x_wconf 82' lang='lat' dir='ltr'>vidistis</span> 
     </span>
     <span class='ocr_line' id='line_1_22' title="bbox 262 3158 1505 3248; baseline -0.002 -24"><span class='ocrx_word' id='word_1_188' title='bbox 262 3160 440 3248; x_wconf 88' lang='lat' dir='ltr'>plerosque</span> <span class='ocrx_word' id='word_1_189' title='bbox 458 3182 568 3232; x_wconf 82' lang='lat' dir='ltr'>senes,</span> <span class='ocrx_word' id='word_1_190' title='bbox 588 3159 644 3246; x_wconf 91' lang='lat' dir='ltr'>qui</span> <span class='ocrx_word' id='word_1_191' title='bbox 672 3181 740 3221; x_wconf 90' lang='lat' dir='ltr'>sea</span> <span class='ocrx_word' id='word_1_192' title='bbox 765 3158 850 3221; x_wconf 83' lang='lat' dir='ltr'>llivo</span> <span class='ocrx_word' id='word_1_193' title='bbox 866 3181 1000 3245; x_wconf 89' lang='lat' dir='ltr'>quoque</span> <span class='ocrx_word' id='word_1_194' title='bbox 1017 3159 1185 3244; x_wconf 82' lang='lat' dir='ltr'>Augusto.</span> <span class='ocrx_word' id='word_1_195' title='bbox 1197 3209 1216 3223; x_wconf 89' lang='lat'>..</span> <span class='ocrx_word' id='word_1_196' title='bbox 1240 3160 1409 3245; x_wconf 87' lang='lat' dir='ltr'>accepisse</span> <span class='ocrx_word' id='word_1_197' title='bbox 1424 3183 1505 3223; x_wconf 72' lang='lat' dir='ltr'>crin-</span> 
     </span>
     <span class='ocr_line' id='line_1_23' title="bbox 261 3264 1505 3354; baseline 0 -24"><span class='ocrx_word' id='word_1_198' title='bbox 261 3266 404 3354; x_wconf 88' lang='lat' dir='ltr'>giarium</span> <span class='ocrx_word' id='word_1_199' title='bbox 424 3264 618 3329; x_wconf 87' lang='lat' dir='ltr'>narrabant.</span> <span class='ocrx_word' id='word_1_200' title='bbox 643 3264 692 3328; x_wconf 77' lang='lat' dir='ltr'>ttx</span> <span class='ocrx_word' id='word_1_201' title='bbox 712 3288 778 3352; x_wconf 87' lang='lat' dir='ltr'>quo</span> <span class='ocrx_word' id='word_1_202' title='bbox 805 3264 918 3350; x_wconf 75' lang='lat' dir='ltr'>colligi</span> <span class='ocrx_word' id='word_1_203' title='bbox 941 3273 1052 3351; x_wconf 86' lang='lat' dir='ltr'>potest</span> <span class='ocrx_word' id='word_1_204' title='bbox 1072 3274 1105 3329; x_wconf 91' lang='lat' dir='ltr'>et</span> <span class='ocrx_word' id='word_1_205' title='bbox 1119 3266 1304 3330; x_wconf 81' lang='lat' dir='ltr'>Corvinum</span> <span class='ocrx_word' id='word_1_206' title='bbox 1326 3265 1451 3329; x_wconf 86' lang='lat' dir='ltr'>abillis</span> <span class='ocrx_word' id='word_1_207' title='bbox 1472 3273 1505 3330; x_wconf 88' lang='lat' dir='ltr'>et</span> 
     </span>
     <span class='ocr_line' id='line_1_24' title="bbox 262 3372 1506 3460; baseline -0.002 -23"><span class='ocrx_word' id='word_1_208' title='bbox 262 3373 420 3438; x_wconf 87' lang='lat' dir='ltr'>Asinium</span> <span class='ocrx_word' id='word_1_209' title='bbox 432 3372 539 3436; x_wconf 87' lang='lat' dir='ltr'>audiri</span> <span class='ocrx_word' id='word_1_210' title='bbox 558 3372 706 3458; x_wconf 89' lang='lat' dir='ltr'>potuisse</span> <span class='ocrx_word' id='word_1_211' title='bbox 720 3393 727 3451; x_wconf 77' lang='lat'><em>3</em></span> <span class='ocrx_word' id='word_1_212' title='bbox 746 3394 823 3435; x_wconf 86' lang='lat' dir='ltr'>naui</span> <span class='ocrx_word' id='word_1_213' title='bbox 839 3372 1006 3436; x_wconf 83' lang='lat' dir='ltr'>Corvinus</span> <span class='ocrx_word' id='word_1_214' title='bbox 1022 3373 1053 3436; x_wconf 90' lang='lat' dir='ltr'>in</span> <span class='ocrx_word' id='word_1_215' title='bbox 1069 3373 1216 3436; x_wconf 90' lang='lat' dir='ltr'>medium</span> <span class='ocrx_word' id='word_1_216' title='bbox 1237 3396 1344 3460; x_wconf 88' lang='lat' dir='ltr'>usque</span> <span class='ocrx_word' id='word_1_217' title='bbox 1358 3373 1506 3458; x_wconf 81' lang='lat' dir='ltr'>Augusti</span> 
     </span>
     <span class='ocr_line' id='line_1_25' title="bbox 261 3478 1504 3568; baseline 0.001 -25"><span class='ocrx_word' id='word_1_218' title='bbox 261 3480 499 3568; x_wconf 78' lang='lat' dir='ltr'>principatum.</span> <span class='ocrx_word' id='word_1_219' title='bbox 530 3478 694 3542; x_wconf 60' lang='lat' dir='ltr'>Asinius&#39;l</span> <span class='ocrx_word' id='word_1_220' title='bbox 721 3502 825 3566; x_wconf 87' lang='lat' dir='ltr'>paene</span> <span class='ocrx_word' id='word_1_221' title='bbox 860 3478 901 3542; x_wconf 90' lang='lat' dir='ltr'>ad</span> <span class='ocrx_word' id='word_1_222' title='bbox 929 3487 1118 3543; x_wconf 80' lang='lat' dir='ltr'>extremum</span> <span class='ocrx_word' id='word_1_223' title='bbox 1152 3480 1324 3544; x_wconf 85' lang='lat' dir='ltr'>duravit».</span> <span class='ocrx_word' id='word_1_224' title='bbox 1361 3518 1402 3526; x_wconf 88' lang='lat'>--</span> <span class='ocrx_word' id='word_1_225' title='bbox 1454 3481 1504 3544; x_wconf 80' lang='lat'>18.</span> 
     </span>
     <span class='ocr_line' id='line_1_26' title="bbox 264 3585 1506 3671; baseline 0.001 -23"><span class='ocrx_word' id='word_1_226' title='bbox 264 3615 278 3648; x_wconf 90' lang='grc' dir='ltr'>ιι</span> <span class='ocrx_word' id='word_1_227' title='bbox 292 3587 452 3654; x_wconf 87' lang='lat' dir='ltr'>Cicerone</span> <span class='ocrx_word' id='word_1_228' title='bbox 471 3587 582 3650; x_wconf 90' lang='lat' dir='ltr'>mitior</span> <span class='ocrx_word' id='word_1_229' title='bbox 603 3586 771 3650; x_wconf 86' lang='lat' dir='ltr'>Corvinus</span> <span class='ocrx_word' id='word_1_230' title='bbox 788 3594 820 3649; x_wconf 84' lang='lat' dir='ltr'>et</span> <span class='ocrx_word' id='word_1_231' title='bbox 841 3585 971 3650; x_wconf 79' lang='lat' dir='ltr'>dulcior</span> <span class='ocrx_word' id='word_1_232' title='bbox 995 3594 1026 3650; x_wconf 86' lang='lat' dir='ltr'>et</span> <span class='ocrx_word' id='word_1_233' title='bbox 1042 3587 1074 3649; x_wconf 91' lang='lat' dir='ltr'>in</span> <span class='ocrx_word' id='word_1_234' title='bbox 1095 3586 1207 3650; x_wconf 76' lang='lat' dir='ltr'>verbis</span> <span class='ocrx_word' id='word_1_235' title='bbox 1225 3588 1332 3671; x_wconf 77' lang='lat' dir='ltr'>niagis</span> <span class='ocrx_word' id='word_1_236' title='bbox 1354 3585 1506 3670; x_wconf 83' lang='lat' dir='ltr'>elabora-</span> 
     </span>
     <span class='ocr_line' id='line_1_27' title="bbox 261 3687 1507 3770; baseline -0.002 -11"><span class='ocrx_word' id='word_1_237' title='bbox 261 3703 359 3759; x_wconf 87' lang='lat' dir='ltr'>tus».</span> <span class='ocrx_word' id='word_1_238' title='bbox 383 3734 414 3742; x_wconf 91' lang='lat'>-</span> <span class='ocrx_word' id='word_1_239' title='bbox 435 3717 487 3758; x_wconf 69' lang='grc' dir='ltr'>ιο.</span> <span class='ocrx_word' id='word_1_240' title='bbox 513 3721 527 3750; x_wconf 92' lang='grc' dir='ltr'>ιι</span> <span class='ocrx_word' id='word_1_241' title='bbox 539 3694 622 3770; x_wconf 82' lang='lat' dir='ltr'>Quis</span> <span class='ocrx_word' id='word_1_242' title='bbox 636 3687 724 3757; x_wconf 85' lang='lat' dir='ltr'>nuuc</span> <span class='ocrx_word' id='word_1_243' title='bbox 741 3693 824 3757; x_wconf 85' lang='lat' dir='ltr'>leret</span> <span class='ocrx_word' id='word_1_244' title='bbox 839 3703 1006 3757; x_wconf 89' lang='lat' dir='ltr'>oratorem</span> <span class='ocrx_word' id='word_1_245' title='bbox 1024 3692 1065 3756; x_wconf 94' lang='lat' dir='ltr'>de</span> <span class='ocrx_word' id='word_1_246' title='bbox 1082 3693 1276 3757; x_wconf 84' lang='lat' dir='ltr'>infirmitate</span> <span class='ocrx_word' id='word_1_247' title='bbox 1302 3693 1507 3757; x_wconf 72' lang='lat' dir='ltr'>valetudinis</span> 
     </span>
     <span class='ocr_line' id='line_1_28' title="bbox 262 3798 1503 3888; baseline 0.002 -25"><span class='ocrx_word' id='word_1_248' title='bbox 262 3823 341 3866; x_wconf 89' lang='lat' dir='ltr'>suae</span> <span class='ocrx_word' id='word_1_249' title='bbox 367 3800 587 3888; x_wconf 82' lang='lat' dir='ltr'>praefantem.</span> <span class='ocrx_word' id='word_1_250' title='bbox 618 3798 729 3887; x_wconf 89' lang='lat' dir='ltr'>qualia</span> <span class='ocrx_word' id='word_1_251' title='bbox 756 3806 835 3863; x_wconf 89' lang='lat' dir='ltr'>sunt</span> <span class='ocrx_word' id='word_1_252' title='bbox 865 3798 933 3863; x_wconf 86' lang='lat' dir='ltr'>lere</span> <span class='ocrx_word' id='word_1_253' title='bbox 960 3801 1123 3886; x_wconf 86' lang='lat' dir='ltr'>principia</span> <span class='ocrx_word' id='word_1_254' title='bbox 1156 3801 1347 3865; x_wconf 76' lang='lat' dir='ltr'>Corvini&#39;3»</span> <span class='ocrx_word' id='word_1_255' title='bbox 1377 3839 1419 3847; x_wconf 94' lang='lat'>—</span> <span class='ocrx_word' id='word_1_256' title='bbox 1451 3824 1503 3865; x_wconf 81' lang='lat' dir='ltr'>ar.</span> 
     </span>
     <span class='ocr_line' id='line_1_29' title="bbox 263 3907 1505 3995; baseline -0.001 -23"><span class='ocrx_word' id='word_1_257' title='bbox 263 3907 379 3972; x_wconf 75' lang='lat' dir='ltr'>«Nolo</span> <span class='ocrx_word' id='word_1_258' title='bbox 400 3908 582 3973; x_wconf 80' lang='lat' dir='ltr'>Corvinum</span> <span class='ocrx_word' id='word_1_259' title='bbox 603 3907 745 3993; x_wconf 80' lang='lat' dir='ltr'>insequi.</span> <span class='ocrx_word' id='word_1_260' title='bbox 769 3907 845 3993; x_wconf 88' lang='lat' dir='ltr'>quia</span> <span class='ocrx_word' id='word_1_261' title='bbox 875 3930 935 3971; x_wconf 85' lang='lat' dir='ltr'>nec</span> <span class='ocrx_word' id='word_1_262' title='bbox 956 3931 1014 3994; x_wconf 86' lang='lat' dir='ltr'>per</span> <span class='ocrx_word' id='word_1_263' title='bbox 1038 3908 1149 3995; x_wconf 91' lang='lat' dir='ltr'>ipsum</span> <span class='ocrx_word' id='word_1_264' title='bbox 1174 3908 1369 3994; x_wconf 74' lang='lat' dir='ltr'>stetitque</span> <span class='ocrx_word' id='word_1_265' title='bbox 1395 3908 1505 3971; x_wconf 89' lang='lat' dir='ltr'>minus</span> 
     </span>
     <span class='ocr_line' id='line_1_30' title="bbox 261 4015 1507 4103; baseline 0.001 -26"><span class='ocrx_word' id='word_1_266' title='bbox 261 4015 424 4081; x_wconf 85' lang='lat' dir='ltr'>laetitiam</span> <span class='ocrx_word' id='word_1_267' title='bbox 454 4015 664 4100; x_wconf 84' lang='lat' dir='ltr'>nitoremque</span> <span class='ocrx_word' id='word_1_268' title='bbox 683 4022 875 4077; x_wconf 89' lang='lat' dir='ltr'>nostrorum</span> <span class='ocrx_word' id='word_1_269' title='bbox 907 4023 1095 4102; x_wconf 90' lang='lat' dir='ltr'>temporum</span> <span class='ocrx_word' id='word_1_270' title='bbox 1121 4016 1334 4103; x_wconf 80' lang='lat' dir='ltr'>exprimeret,</span> <span class='ocrx_word' id='word_1_271' title='bbox 1356 4022 1389 4080; x_wconf 92' lang='lat' dir='ltr'>et</span> <span class='ocrx_word' id='word_1_272' title='bbox 1414 4015 1507 4078; x_wconf 81' lang='lat' dir='ltr'>vide·</span> 
     </span>
     <span class='ocr_line' id='line_1_31' title="bbox 262 4121 1505 4209; baseline -0.002 -22"><span class='ocrx_word' id='word_1_273' title='bbox 262 4146 338 4188; x_wconf 88' lang='lat' dir='ltr'>mus</span> <span class='ocrx_word' id='word_1_274' title='bbox 366 4123 400 4186; x_wconf 91' lang='lat' dir='ltr'>in</span> <span class='ocrx_word' id='word_1_275' title='bbox 430 4129 594 4209; x_wconf 88' lang='lat' dir='ltr'>quantum</span> <span class='ocrx_word' id='word_1_276' title='bbox 625 4121 753 4185; x_wconf 89' lang='lat' dir='ltr'>iudicio</span> <span class='ocrx_word' id='word_1_277' title='bbox 783 4121 853 4184; x_wconf 92' lang='lat' dir='ltr'>eius</span> <span class='ocrx_word' id='word_1_278' title='bbox 882 4122 933 4185; x_wconf 80' lang='lat' dir='ltr'>vis</span> <span class='ocrx_word' id='word_1_279' title='bbox 962 4130 1020 4186; x_wconf 88' lang='lat' dir='ltr'>aut</span> <span class='ocrx_word' id='word_1_280' title='bbox 1041 4123 1143 4186; x_wconf 88' lang='lat' dir='ltr'>animi</span> <span class='ocrx_word' id='word_1_281' title='bbox 1172 4131 1229 4187; x_wconf 72' lang='lat' dir='ltr'>aiut</span> <span class='ocrx_word' id='word_1_282' title='bbox 1250 4123 1377 4206; x_wconf 75' lang='lat' dir='ltr'>ingenii</span> <span class='ocrx_word' id='word_1_283' title='bbox 1404 4123 1505 4186; x_wconf 86' lang='lat' dir='ltr'>sulle-</span> 
     </span>
     <span class='ocr_line' id='line_1_32' title="bbox 261 4228 411 4295; baseline -0.007 0"><span class='ocrx_word' id='word_1_284' title='bbox 261 4228 411 4295; x_wconf 62' lang='lat' dir='ltr'>certat».</span> 
     </span>
     <span class='ocr_line' id='line_1_33' title="bbox 218 4334 1234 4410; baseline -0.004 -6"><span class='ocrx_word' id='word_1_285' title='bbox 218 4337 430 4404; x_wconf 77' lang='lat' dir='ltr'>MESSALA</span> <span class='ocrx_word' id='word_1_286' title='bbox 448 4334 685 4410; x_wconf 73' lang='lat' dir='ltr'>VALlilthS,</span> <span class='ocrx_word' id='word_1_287' title='bbox 705 4359 737 4399; x_wconf 79' lang='lat' dir='ltr'>v.</span> <span class='ocrx_word' id='word_1_288' title='bbox 755 4334 984 4399; x_wconf 72' lang='lat' dir='ltr'>VALEllll&#39;S</span> <span class='ocrx_word' id='word_1_289' title='bbox 1011 4336 1234 4402; x_wconf 79' lang='lat' dir='ltr'>MESSALA.</span> 
     </span>
     <span class='ocr_line' id='line_1_34' title="bbox 219 4442 1067 4511; baseline -0.006 0"><span class='ocrx_word' id='word_1_290' title='bbox 219 4443 474 4511; x_wconf 87' lang='lat' dir='ltr'>MESSALLA.</span> <span class='ocrx_word' id='word_1_291' title='bbox 491 4467 523 4507; x_wconf 85' lang='lat' dir='ltr'>v.</span> <span class='ocrx_word' id='word_1_292' title='bbox 542 4442 796 4506; x_wconf 77' lang='lat' dir='ltr'>Vll&#39;S&#39;l&#39;ANVS</span> <span class='ocrx_word' id='word_1_293' title='bbox 813 4442 1067 4508; x_wconf 83' lang='lat' dir='ltr'>MESSALLA.</span> 
     </span>
    </p>
   </div>
   <div class='ocr_carea' id='block_1_3' title="bbox 217 4666 1507 5052">
    <p class='ocr_par' dir='ltr' id='par_1_3' title="bbox 255 4666 663 4715">
     <span class='ocr_line' id='line_1_35' title="bbox 255 4666 663 4715; baseline -0.005 0"><span class='ocrx_word' id='word_1_294' title='bbox 255 4669 263 4703; x_wconf 89' lang='lat'>¹</span> <span class='ocrx_word' id='word_1_295' title='bbox 282 4667 430 4715; x_wconf 84' lang='lat' dir='ltr'>lleinsius:</span> <span class='ocrx_word' id='word_1_296' title='bbox 451 4666 490 4714; x_wconf 85' lang='lat' dir='ltr'>M.</span> <span class='ocrx_word' id='word_1_297' title='bbox 510 4666 663 4713; x_wconf 75' lang='lat' dir='ltr'>Messallae.</span> 
     </span>
    </p>

    <p class='ocr_par' dir='ltr' id='par_1_4' title="bbox 217 4746 1507 4969">
     <span class='ocr_line' id='line_1_36' title="bbox 250 4746 1507 4808; baseline -0.002 -13"><span class='ocrx_word' id='word_1_298' title='bbox 250 4749 261 4783; x_wconf 76' lang='lat'><em>²</em></span> <span class='ocrx_word' id='word_1_299' title='bbox 280 4748 331 4795; x_wconf 88' lang='lat' dir='ltr'>l’ro</span> <span class='ocrx_word' id='word_1_300' title='bbox 347 4762 407 4795; x_wconf 86' lang='lat' dir='ltr'>nam</span> <span class='ocrx_word' id='word_1_301' title='bbox 425 4746 590 4794; x_wconf 81' lang='lat' dir='ltr'>Coruinus...</span> <span class='ocrx_word' id='word_1_302' title='bbox 609 4746 726 4796; x_wconf 81' lang='lat' dir='ltr'>Asinius</span> <span class='ocrx_word' id='word_1_303' title='bbox 743 4747 918 4794; x_wconf 80' lang='lat' dir='ltr'>scribendum</span> <span class='ocrx_word' id='word_1_304' title='bbox 936 4752 1030 4795; x_wconf 85' lang='lat' dir='ltr'>censet</span> <span class='ocrx_word' id='word_1_305' title='bbox 1047 4747 1197 4808; x_wconf 75' lang='lat' dir='ltr'>Borghesi:</span> <span class='ocrx_word' id='word_1_306' title='bbox 1214 4762 1276 4796; x_wconf 86' lang='lat' dir='ltr'>nam</span> <span class='ocrx_word' id='word_1_307' title='bbox 1290 4747 1507 4796; x_wconf 80' lang='lat' dir='ltr'>Asinius...Cor·</span> 
     </span>
     <span class='ocr_line' id='line_1_37' title="bbox 218 4827 1506 4892; baseline -0.008 -14"><span class='ocrx_word' id='word_1_308' title='bbox 218 4829 372 4891; x_wconf 81' lang='lat' dir='ltr'>t·inus.qua</span> <span class='ocrx_word' id='word_1_309' title='bbox 388 4827 599 4888; x_wconf 84' lang='lat' dir='ltr'>transpositione</span> <span class='ocrx_word' id='word_1_310' title='bbox 622 4828 809 4889; x_wconf 82' lang='lat' dir='ltr'>depravatum.</span> <span class='ocrx_word' id='word_1_311' title='bbox 829 4831 857 4874; x_wconf 88' lang='lat' dir='ltr'>ut</span> <span class='ocrx_word' id='word_1_312' title='bbox 886 4828 1002 4877; x_wconf 81' lang='lat' dir='ltr'>ridetur.</span> <span class='ocrx_word' id='word_1_313' title='bbox 1028 4831 1182 4892; x_wconf 80' lang='lat' dir='ltr'>tenqmrum</span> <span class='ocrx_word' id='word_1_314' title='bbox 1205 4829 1339 4878; x_wconf 86' lang='lat' dir='ltr'>rationem</span> <span class='ocrx_word' id='word_1_315' title='bbox 1366 4827 1417 4878; x_wconf 75' lang='lat' dir='ltr'>lior·</span> <span class='ocrx_word' id='word_1_316' title='bbox 1447 4828 1506 4873; x_wconf 80' lang='lat' dir='ltr'>loco</span> 
     </span>
     <span class='ocr_line' id='line_1_38' title="bbox 217 4907 598 4969; baseline -0.013 -11"><span class='ocrx_word' id='word_1_317' title='bbox 217 4909 361 4959; x_wconf 84' lang='lat' dir='ltr'>emendare</span> <span class='ocrx_word' id='word_1_318' title='bbox 388 4907 532 4969; x_wconf 76' lang='lat' dir='ltr'>adgressus</span> <span class='ocrx_word' id='word_1_319' title='bbox 548 4909 598 4954; x_wconf 85' lang='lat' dir='ltr'>est.</span> 
     </span>
    </p>

    <p class='ocr_par' dir='ltr' id='par_1_5' title="bbox 249 4989 513 5052">
     <span class='ocr_line' id='line_1_39' title="bbox 249 4989 513 5052; baseline -0.019 -12"><span class='ocrx_word' id='word_1_320' title='bbox 249 4989 309 5040; x_wconf 60' lang='grc' dir='ltr'>Ν.</span> <span class='ocrx_word' id='word_1_321' title='bbox 322 4990 404 5039; x_wconf 79' lang='lat' dir='ltr'>etium</span> <span class='ocrx_word' id='word_1_322' title='bbox 423 4989 452 5040; x_wconf 86' lang='lat'>0.</span> <span class='ocrx_word' id='word_1_323' title='bbox 473 5002 513 5052; x_wconf 78' lang='lat'>27.</span> 
     </span>
    </p>
   </div>
   <div class='ocr_carea' id='block_1_4' title="bbox 0 0 1860 6229">
    <p class='ocr_par' dir='ltr' id='par_1_6' title="bbox 0 0 1860 6229">
     <span class='ocr_line' id='line_1_40' title="bbox 0 0 1860 6229; baseline 0 0"><span class='ocrx_word' id='word_1_324' title='bbox 0 0 1860 6229; x_wconf 95' lang='lat' dir='ltr'> </span> 
     </span>
    </p>
   </div>
  </div>
 </body>
</html>
