3709 6234
853 863 934 915 nano
1429 891 1432 895 ·
1482 860 1536 916 675

296 1006 436 1072 otl'ertur
451 1005 547 1085 Silia,
569 1003 784 1070 matrimonio
800 1003 966 1069 senatoris
977 1003 1067 1068 haud
1087 1005 1204 1091 ignota
1218 1013 1251 1070 et
1266 1005 1329 1092 ipsi
1349 1005 1392 1070 ad
1402 1028 1537 1073 omnem

295 1113 473 1179 libidinem
489 1113 658 1179 adscita...
681 1149 724 1160 -
750 1110 799 1189 16,
817 1135 870 1178 ar.
895 1111 1087 1176 Trucidatis
1112 1119 1161 1177 tot
1181 1112 1372 1198 insignibus
1391 1113 1473 1178 viris
1495 1114 1537 1182 ad

296 1229 507 1312 postremum
535 1220 624 1285 Nero
653 1220 814 1284 virtutem
840 1220 948 1307 ipsam
980 1219 1177 1284 exscindere
1204 1221 1398 1308 concupivit
1430 1221 1534 1287 inter-

296 1329 385 1396 lceto
405 1328 551 1394 Thrasea
569 1328 672 1393 Paeto
691 1334 725 1392 et
755 1327 858 1391 Barea
881 1326 1024 1404 Sorano,
1051 1327 1132 1391 olim
1160 1329 1312 1416 utrisque
1341 1327 1534 1397 infensus...

296 1437 359 1503 Die
375 1460 520 1527 quoque,
539 1459 605 1526 quo
626 1444 760 1524 praetor
770 1435 942 1500 Antistius
958 1434 1001 1499 ob
1016 1435 1139 1523 probra
1155 1436 1189 1500 in
1203 1436 1371 1503 Neronem
1398 1461 1536 1526 compo-

295 1545 361 1610 sita
375 1544 416 1609 ad
431 1552 574 1610 mortem
584 1542 818 1618 damnabatur,
828 1544 961 1608 mitiora
974 1544 1105 1609 censuit
1118 1543 1331 1632 obtinuitque
1345 1544 1533 1632 (Thrasea).

295 1652 407 1728 -16,
439 1677 492 1719 22.
516 1652 697 1741 (Loquitur
737 1652 961 1716 Cossutianus
994 1651 1130 1740 Capito)
1174 1681 1189 1710 α
1222 1653 1267 1718 t't
1296 1652 1465 1740 quondam
1495 1651 1534 1719 C.

296 1759 489 1836 Caesarem,
517 1759 638 1849 inquit,
656 1767 689 1824 et
702 1759 749 1824 M.
769 1759 945 1839 Catonem,
964 1760 1010 1824 ita
1027 1781 1117 1824 nunc
1132 1766 1177 1838 te,
1189 1759 1290 1832 Nero.
1306 1769 1339 1826 et
1354 1760 1535 1826 Thraseam

295 1867 395 1934 avida
416 1867 661 1932 discordiarum
692 1866 812 1930 civitas
841 1866 1067 1955 loquitur»...
1100 1866 1243 1933 Extollit
1270 1868 1318 1932 ira
1343 1875 1536 1957 promptum

295 1974 491 2040 Cossutiani
525 1975 677 2039 animum
716 1974 803 2037 Nero
838 1973 1007 2062 adicitque
1042 1974 1243 2041 Marcellum
1279 1976 1459 2063 Eprium...
1493 2015 1535 2026 -

301 2083 353 2162 ι6,
376 2083 426 2146 23.
449 2084 613 2159 ¹Acratum
642 2082 797 2147 Caesaris
826 2080 998 2147 libortum.
1018 2120 1058 2131 -
1085 2082 1135 2162 ι6,
1155 2085 1208 2159 ad.
1226 2083 1415 2150 Thrasea...
1444 2083 1535 2148 codi-

295 2189 392 2255 eillos
402 2190 445 2255 ad
461 2189 629 2255 Neronem
645 2191 848 2278 composuit,
866 2190 1042 2277 requirens
1057 2189 1187 2255 obiecta
1214 2198 1248 2255 et
1265 2199 1534 2278 expurgaturum

294 2298 539 2365 adseverans..
558 2298 624 2363 llos
639 2297 814 2362 codicillos
830 2297 917 2362 Nero
930 2304 1150 2385 properanter
1163 2298 1303 2384 acecpit,
1323 2319 1381 2385 spe
1396 2299 1532 2363 exterri-

296 2412 367 2471 tum
384 2406 565 2470 Thraseam
588 2406 802 2493 scripsisse...
819 2445 862 2453 -
888 2405 937 2480 ι6,
963 2407 1015 2471 25.
1044 2404 1175 2483 Quibus
1195 2405 1312 2470 intrari
1337 2405 1369 2492 (a
1390 2404 1535 2471 Thrasea

296 2514 367 2601 reo)
379 2514 506 2579 curiam
521 2512 688 2599 placebat,
710 2512 994 2598 (disserebant)...
1012 2535 1111 2600 posse
1138 2513 1211 2599 ipso
1235 2511 1399 2577 miraculo
1430 2512 1534 2578 etiam

295 2619 463 2686 Neronem
492 2619 824 2708 permoveri.-16,
853 2618 907 2685 26.
940 2619 1066 2685 Contra
1091 2620 1148 2708 qui
1180 2619 1422 2709 opperiendum
1442 2619 1533 2686 domi

294 2727 519 2794 censebant...
544 2759 559 2788 «
584 2730 627 2793 l't
647 2728 815 2792 Neronem
829 2728 1036 2814 flagitiorum
1056 2728 1165 2815 pudor
1180 2735 1326 2814 caperet,
1353 2727 1453 2793 inrita
1469 2751 1529 2816 spe

293 2835 425 2922 agitari.
444 2864 459 2895 u
477 2874 519 2884 -
538 2835 587 2906 ι6,
606 2834 659 2902 30.
680 2835 835 2922 (Servilia
852 2836 976 2900 llareae
994 2835 1113 2900 Sorani
1128 2835 1195 2900 tilia
1216 2835 1348 2921 magos)
1362 2835 1533 2901 consulta-

292 2950 427 3010 verat...
446 2943 488 3007 de
508 2943 739 3007 incolumitate
757 2943 890 3014 domus,
907 2952 941 3007 et
968 2966 1010 3006 an
1027 2941 1203 3030 placabilis
1222 2942 1322 3010 Nero.
1339 2982 1380 2994 -
1400 2943 1451 3021 ι6,
1475 2943 1528 3010 3ι.

294 3051 474 3138 (Loquitur
498 3050 656 3128 Servilia)
686 3081 701 3110 a
720 3049 852 3118 Nullos.
875 3051 999 3138 inquit,
1028 3050 1150 3138 impios
1176 3049 1319 3131 deos...,
1352 3074 1414 3116 nec
1442 3050 1534 3116 aliud

295 3157 487 3224 infelicibus
500 3158 656 3246 precibus
672 3158 839 3236 invocavi,
862 3179 964 3245 quam
990 3165 1027 3222 ut
1042 3158 1131 3222 hunc
1147 3158 1313 3245 optimum
1329 3166 1460 3245 patrem
1483 3166 1531 3237 tu,

293 3264 428 3346 Caesar,
446 3289 519 3333 vos.
532 3274 657 3353 patres,
668 3266 850 3330 servaretis
866 3265 1073 3330 incolumem
1083 3293 1111 3329 u.
1128 3305 1171 3316 -
1185 3267 1210 3346 l,
1224 3267 1255 3341 ά.
1267 3264 1359 3330 Finis
1372 3265 1528 3342 Neronis,

294 3380 331 3438 ut
346 3374 455 3438 laetus
467 3373 575 3461 primo
592 3372 812 3459 gaudentium
829 3373 956 3461 impetu
975 3372 1094 3456 luerat,
1112 3373 1157 3438 ita
1185 3373 1297 3437 varios
1321 3380 1433 3438 motus
1462 3373 1533 3438 ani·

292 3503 466 3547 morum...
489 3481 723 3545 conciverat...
743 3479 844 3545 Plebs
865 3480 1000 3544 sordida
1014 3487 1048 3544 et
1072 3480 1161 3544 circo
1177 3503 1215 3544 ac
1230 3480 1371 3545 theatris
1390 3488 1525 3547 sueta...

292 3596 350 3654 aut
364 3589 422 3676 qui
438 3587 548 3653 adesis
568 3588 666 3652 bonis
687 3611 747 3675 per
775 3587 922 3652 dedecus
953 3586 1097 3652 Neronis
1131 3587 1320 3662 alebantur,
1352 3589 1470 3652 maesti
1498 3596 1531 3653 et

292 3718 465 3760 rumorum
480 3695 581 3760 avidi.
600 3734 643 3744 —
660 3695 684 3772 l,
703 3693 733 3760 5.
755 3695 854 3760 Miles
875 3694 1067 3760 urbanus..
1086 3694 1129 3759 ad
1144 3694 1397 3760 destituendum
1423 3696 1527 3761 Nero-

293 3826 369 3869 nem
385 3809 455 3868 arte
475 3803 584 3889 magis
594 3811 627 3868 et
647 3802 795 3891 impulsu
810 3826 911 3891 quam
928 3827 989 3867 suo
1009 3803 1146 3890 ingenio
1161 3803 1377 3870 traductus..
1405 3804 1531 3892 Asper-

292 3918 412 3976 nantes
446 3910 599 3998 (milites)
632 3917 781 3975 veterem
816 3910 1030 3999 disciplinam
1060 3918 1161 3998 atque
1188 3911 1234 3975 ita
1262 3910 1531 4000 quattuordecim

292 4019 415 4083 annisa
432 4017 565 4082 Nerone
579 4017 804 4094 adsuefactoS,
828 4025 864 4082 ut
887 4017 977 4082 haud
994 4019 1105 4083 minus
1125 4018 1206 4083 vitia
1228 4018 1418 4106 principum
1438 4042 1530 4084 ama·

294 4134 368 4191 rent
383 4147 485 4214 quam
497 4125 578 4189 olim
594 4126 736 4190 virtutes
757 4124 972 4189 verebantur.
990 4125 1122 4203 -1‚6.
1141 4124 1287 4190 Tardum
1315 4126 1443 4192 Galbae
1469 4127 1531 4192 iter

292 4241 326 4299 et
344 4240 522 4298 cruentum
552 4232 779 4298 intersectis...
809 4233 968 4297 Petronio
990 4232 1185 4320 Turpiliano
1201 4232 1371 4298 consulari
1390 4255 1397 4314 ;
1477 4234 1529 4300 hic

291 4349 328 4406 ut
342 4341 411 4406 dux
435 4340 618 4407 Neronis...
648 4341 862 4427 (perierat)...
898 4340 1037 4406 lnducta
1067 4340 1201 4427 legione
1224 4342 1387 4428 llispana,
1420 4367 1531 4409 rema·

291 4457 391 4513 nente
406 4472 456 4522 ea,
471 4472 572 4536 quam
591 4472 608 4512 e
636 4447 744 4513 classe
762 4448 849 4514 Nero
872 4448 1131 4536 conscripserat,
1150 4449 1248 4537 plena
1274 4448 1355 4513 urbs
1380 4452 1530 4516 exercitu

290 4555 437 4621 insolito.
456 4555 556 4620 hlulti
572 4555 613 4619 ad
630 4556 690 4620 hoc
707 4557 865 4621 numerio
881 4556 1061 4621 Germania
1078 4580 1115 4621 ac
1135 4556 1309 4621 Britannia
1326 4565 1359 4622 et
1376 4557 1523 4645 lllyrico,

291 4686 376 4753 quos
401 4664 489 4728 idem
511 4663 598 4728 Nero
615 4663 740 4728 electos
760 4664 1032 4752 praemissosque
1048 4664 1090 4728 ad
1114 4664 1259 4729 claustra
1281 4665 1479 4752 Caspiarum
1496 4675 1530 4733 et

292 4769 432 4842 bellum,
450 4771 541 4858 quod
557 4771 590 4834 in
606 4770 760 4836 Albanos
782 4771 935 4860 parabat,
964 4771 1196 4860 opprimendis
1211 4772 1364 4837 Vindicis
1400 4775 1529 4861 coeptis

291 4886 517 4944 revocaverat.
535 4917 580 4928 -
601 4879 625 4961 Ι,
645 4905 674 4967 7.
695 4879 771 4966 lpsa
801 4888 894 4944 aetas
922 4879 1050 4944 Galbae
1080 4879 1199 4944 inrisui
1228 4903 1266 4945 ac
1295 4880 1428 4945 fastidio
1458 4890 1529 4948 erat

289 4986 439 5059 adsuetis
465 4986 620 5053 iuventae
636 4985 780 5054 Neronis
795 4993 829 5054 et
849 4988 1069 5081 imperatores
1083 4985 1190 5058 scruta
1210 5011 1248 5054 ac
1269 4988 1388 5060 decore
1404 5011 1524 5086 corpo-
