3709 6234
372 852 426 914 332
925 856 1095 912 cortulus

418 996 513 1065 nulla
529 996 628 1062 dictis
643 996 726 1064 tides
755 1005 789 1068 et
806 1022 825 1063 a
845 998 983 1071 domino
1017 997 1220 1065 noscebatur
1246 998 1443 1066 condicione
1473 1000 1649 1089 fugitivus,

418 1105 552 1171 nomine
566 1105 664 1182 Geta,
682 1113 857 1196 sumptum
876 1106 918 1172 de
938 1130 977 1172 co
997 1106 1201 1194 supplicium
1220 1106 1255 1171 in
1276 1107 1434 1174 servilem
1453 1108 1603 1174 modum.

373 1216 507 1303 GETA,
535 1212 600 1278 ‘h
627 1215 761 1294 GETA,
782 1240 814 1281 v.
837 1213 995 1282 LVSIVS
1018 1214 1152 1282 GETA.

372 1327 534 1394 GllTAE.
554 1368 597 1377 —
621 1330 654 1406 ά,
672 1329 726 1406 M·
745 1323 842 1413 (Cn.)
866 1322 1010 1389 Lentulo
1031 1347 1132 1411 super
1151 1323 1366 1390 consulatum
1381 1331 1415 1390 et
1432 1324 1651 1414 triumphalia

416 1435 457 1499 de
477 1436 633 1504 Gelis¹...

372 1543 582 1623 'GlNDES,
602 1568 634 1607 v.
658 1540 832 1609 SlNDES.

370 1650 548 1717 GLITlVS
574 1650 766 1728 GALLVS,
802 1647 1015 1716 Gattvst
1038 1686 1080 1697 -
1107 1646 1228 1728 15,56.
1261 1647 1465 1728 Quintianus
1479 1648 1650 1738 (coniura-

415 1758 516 1823 tionis
530 1766 621 1844 reus)
636 1758 778 1824 Glitium
802 1756 982 1825 Gallum...
1012 1756 1198 1821 amicorum
1217 1756 1451 1845 (praecipuum
1477 1765 1649 1846 tamquam

414 1867 588 1932 conscium
605 1866 819 1952 nominavit).
836 1903 879 1914 —
900 1863 949 1945 15,
968 1886 1022 1953 71.
1041 1862 1146 1929 Glitio
1175 1862 1274 1928 Gallo
1304 1870 1404 1952 atque
1431 1864 1545 1929 Annio
1571 1864 1650 1931 Pol-

413 1972 496 2040 lioni
527 1974 698 2040 infamatis
728 1973 837 2061 magis
879 1995 981 2060 quam
1015 1971 1179 2036 convictis
1216 1971 1295 2036 data
1328 1971 1470 2039 exilia...
1511 1971 1648 2038 Gallum

414 2080 557 2168 Egnatia
583 2080 773 2147 Maximilla
798 2080 962 2168 (coniunx
990 2079 1149 2145 comitata
1173 2082 1251 2165 est),
1275 2079 1408 2166 magnis
1433 2080 1580 2168 primum
1615 2089 1651 2148 et

413 2188 555 2276 integris
570 2189 703 2278 opibus,
723 2197 799 2277 post
814 2187 1023 2277 ademptis...

371 2296 379 2318 ¹
401 2296 564 2372 GLOTA,
582 2321 616 2362 v.
639 2296 799 2364 CLOTA.

369 2402 601 2469 GORNEAE.
623 2443 666 2455 -
691 2427 740 2468 ιι.
766 2405 821 2482 45.
843 2400 1091 2488 (Radamistus)
1112 2403 1266 2468 territum
1292 2411 1500 2492 exutumque
1519 2405 1649 2493 campis

413 2509 634 2578 Mithridaten
650 2509 815 2598 compulit
827 2510 862 2575 in
875 2508 1053 2575 castellum
1069 2510 1234 2591 Gorneas,
1253 2518 1363 2576 tutum
1382 2510 1456 2577 loco
1472 2533 1510 2578 ac
1523 2511 1648 2598 praesi-

413 2617 467 2683 dio
484 2618 632 2686 militum
654 2618 922 2704 (Romanorum).

370 2723 637 2794 GO'ranzltffl
657 2764 699 2775 —
719 2750 769 2807 ιι,
791 2728 824 2791 8.
843 2725 1027 2792 Gotarzes⁴
1046 2726 1135 2791 inter
1148 2725 1308 2816 pleraque
1335 2750 1436 2793 saeva
1450 2751 1566 2794 necem
1581 2727 1648 2794 ira·

412 2832 455 2897 tri
469 2834 644 2901 Artabano
672 2833 874 2922 coniugique
901 2856 940 2898 ac
966 2833 1035 2897 filio
1059 2834 1131 2898 eius
1153 2842 1342 2921 paraverat.
1361 2833 1459 2900 Vnde
1478 2842 1590 2902 metus
1612 2836 1647 2901 in

411 2947 540 3007 ceteros
571 2942 745 3029 (Parthos)
781 2948 814 3006 et
847 2941 998 3007 accivere
1026 2941 1218 3007 Vardanen.
1249 2940 1352 3008 llle...
1382 2942 1579 3030 ignarum...
1614 2953 1647 3010 et

410 3048 608 3113 exterritum
647 3049 814 3114 Gotarzen
848 3047 1067 3138 proturbat...
1104 3048 1242 3113 Interim
1272 3048 1434 3115 Gotarzes
1474 3050 1647 3117 Daharum

410 3155 712 3245 llyrcanorumque
727 3154 849 3243 opibus
864 3162 984 3221 auctus
1004 3154 1130 3221 bellum
1147 3163 1329 3223 renovat...
1346 3195 1388 3207 —
1405 3181 1456 3233 ιι,
1477 3181 1510 3247 9.
1529 3157 1647 3224 Parthi

407 3263 628 3351 imperatores
644 3287 720 3328 cum
736 3286 884 3350 pugnam
901 3270 1071 3350 pararent,
1094 3262 1212 3328 foedus
1225 3271 1362 3351 repente
1386 3264 1514 3331 iaciunt
1533 3266 1647 3352 cogni-

410 3371 452 3436 tis
471 3371 687 3459 popularium
712 3371 855 3443 insidiis.
882 3394 967 3460 quas
987 3371 1173 3436 Gotarzes³
1190 3370 1284 3436 fratri
1300 3372 1499 3458 patelecit...
1514 3373 1646 3438 Potior·

407 3502 473 3566 que
496 3478 669 3544 Vardanes
685 3480 778 3543 visus
798 3478 974 3544 retinendo
996 3498 1112 3565 regn03
1129 3487 1163 3544 at
1177 3481 1350 3560 Gotarzes
1372 3503 1413 3546 ne
1433 3481 1515 3568 quid
1535 3503 1647 3547 aemu-

407 3586 544 3652 lationis
559 3587 749 3665 exsisteret,
776 3586 910 3673 penitus
925 3586 960 3650 in
978 3586 1184 3673 llyrcaniam
1213 3586 1307 3653 abiit.
1320 3625 1364 3636 -
1382 3612 1431 3667 ιι,
1458 3612 1508 3654 ιο.
1530 3589 1646 3677 Atque

408 3694 711 3760 interimGotarzes
726 3694 932 3783 paenitentia
943 3694 1094 3758 concessi
1110 3694 1205 3780 regni
1220 3701 1253 3759 et
1268 3702 1410 3760 vocante
1426 3695 1644 3763 nobilitate...

408 3802 577 3866 contrahit
601 3802 757 3887 copias..
777 3801 865 3865 Nece
882 3801 1049 3865 Vardanis
1067 3800 1220 3866 turbatae
1248 3802 1450 3868 Parthorum
1472 3827 1525 3868 res
1558 3806 1647 3870 inter

407 3909 595 3996 ambiguos,
614 3910 690 3997 quis
706 3909 740 3974 in
755 3932 898 3995 regnum
913 3910 1122 3996 acciperetur
1138 3927 1144 3974 :
1168 3908 1266 3974 multi
1285 3909 1326 3973 ad
1342 3911 1534 3976 Gotarzen⁶
1550 3911 1645 3977 incli-

405 4016 543 4097 nabant,
557 4016 695 4104 quidam
710 4016 752 4081 ad
769 4015 1029 4082 Meherdaten...
1046 4016 1131 4081 Dein
1154 4017 1342 4104 praevaluit
1358 4019 1520 4083 Gotarzes
1535 4041 1542 4101 ;
1558 4020 1645 4107 poti·

407 4132 527 4212 tusque
545 4123 671 4210 regiam
681 4147 740 4210 per
755 4123 933 4189 saevitiam
948 4147 985 4188 ac
997 4123 1116 4188 luxum
1130 4124 1244 4211 adegit
1261 4125 1414 4191 Parthos
1425 4177 1445 4193 ..
1460 4164 1503 4177 -
1523 4150 1573 4207 ra,
1594 4151 1643 4194 ιο.

408 4233 525 4318 Legati
543 4231 744 4297 Parthorum
767 4230 810 4295 ad
830 4231 1099 4318 expetendum...
1123 4232 1342 4297 Meherdaten
1370 4233 1464 4298 missi
1489 4241 1643 4300 senatum

406 4339 640 4426 ingrediuntur
724 4362 800 4405 se...
819 4339 1096 4405 liliuml'ononis,
1120 4363 1305 4406 accersere
1319 4341 1644 4408 adversusdomina·

393 4597 399 4629 ¹
420 4596 445 4647 Μ
461 4610 467 4644 :
482 4597 599 4661 depetes.
618 4599 693 4649 Corr.
707 4601 733 4647 in
750 4616 833 4663 marg.
850 4629 880 4639 -
892 4603 1055 4651 lthenanns:
1073 4603 1203 4651 Gaetulis.
1218 4605 1252 4651 Cl
1276 4603 1591 4653 Nirunrrrun··.hxr›nusnx.

392 4678 403 4714 ⁸
424 4677 450 4725 l’.
468 4679 569 4727 Glitius
585 4680 690 4729 Gallus.
708 4682 831 4741 l'nosor‚
850 4684 901 4731 no.

393 4757 405 4792 ³
418 4759 541 4819 l’nosor.,
560 4777 613 4808 ιειι.

393 4837 404 4872 ⁴
422 4839 448 4890 Μ
462 4855 468 4888 :
483 4839 641 4902 polharrer.

392 4919 403 4953 ⁵
421 4919 446 4970 Μ
461 4935 466 4968 ;
482 4922 614 4968 cotarzes.

390 4999 460 5050 NJ:
478 5000 559 5048 multi
575 5002 738 5065 apordazen.
