3709 6234
737 868 884 922 rrnurs
904 869 1057 924 erarius
1486 863 1538 918 aar

256 1006 460 1073 PETILIVS
486 1008 710 1088 cautelis
734 1009 958 1090 Cttlttstms,
976 1009 1181 1074 PETILIVS
1197 1009 1220 1075 ¹.
1236 1047 1281 1060 -
1301 1011 1350 1089 rt,
1371 1009 1426 1074 32.
1460 1009 1538 1074 Vic-

299 1124 351 1179 tor
368 1115 550 1181 Britannus
568 1116 689 1181 Petilio
704 1116 717 1156 '²
733 1117 867 1188 Ceriali,
885 1117 998 1203 legato
1011 1117 1156 1204 legionis
1172 1140 1280 1181 nonae
1296 1117 1329 1179 in
1346 1115 1537 1181 subsidium

299 1222 539 1309 (Camuloduni
555 1223 722 1309 coloniae)
739 1224 937 1290 adventanti
953 1224 1074 1290 obvius
1090 1224 1176 1290 ludit
1191 1223 1360 1310 legionem
1378 1233 1412 1290 et
1444 1223 1538 1313 quod

298 1329 446 1416 peditum
468 1331 647 1411 interiecit,
665 1331 807 1397 Cerialis
820 1356 896 1398 cum
914 1331 1086 1420 equitibus
1097 1332 1205 1396 evasit
1219 1332 1253 1395 in
1275 1339 1385 1397 castra
1401 1339 1433 1397 et
1463 1355 1537 1396 mu-

296 1438 456 1502 nimentis
470 1438 628 1504 delensus
644 1447 705 1505 est.
723 1478 766 1488 —
783 1443 832 1518 14,
850 1440 904 1506 33.
923 1441 1162 1512 Suetonius...
1177 1441 1421 1527 circumspecta
1437 1439 1536 1503 infre·

296 1547 433 1632 quentia
450 1546 577 1621 militis,
601 1547 750 1635 satisque
769 1547 902 1635 magnis
926 1547 1139 1612 documentis
1169 1547 1392 1612 temeritatem
1423 1546 1536 1611 Petilii

297 1654 517 1720 coercitam...
540 1693 583 1702 -
601 1653 660 1723 ΙΙΙ,
679 1657 732 1742 59.
752 1654 899 1719 tlbvium
915 1654 984 1719 illic
1009 1654 1169 1720 Petilium
1190 1653 1355 1719 Cerialem
1384 1652 1534 1718 habuere

298 1759 493 1849 (blaviam).
517 1762 642 1846 agresti
657 1762 751 1827 cultu
767 1769 801 1827 ct
820 1762 941 1826 notitia
957 1761 1107 1826 locorum
1122 1761 1293 1826 custodias
1305 1761 1431 1826 Vitellii
1446 1760 1536 1848 elap-

297 1890 385 1932 sum.
407 1869 598 1956 Propinqua
620 1868 779 1933 adlinitas
793 1869 918 1934 Ceriali
934 1892 1009 1935 cum
1033 1869 1253 1957 Vespasiano,
1269 1892 1330 1933 nec
1341 1870 1413 1957 ipse
1427 1868 1537 1954 inglo-

298 1974 367 2037 rius
394 1974 546 2047 militiae,
579 1998 685 2063 eoque
713 1976 922 2041 interduces
957 1975 1157 2062 adsumptus
1177 1984 1297 2041 est.-
1319 1974 1379 2054 ΙΙΙ,
1399 1977 1453 2064 78.
1487 1974 1558 2039 Ne'

299 2080 439 2145 l'etilius
476 2082 613 2170 quidem
645 2082 797 2159 Cerialis
829 2107 905 2148 eum
935 2082 1026 2147 mille
1057 2082 1228 2170 equitibus
1249 2082 1468 2170 praemissus
1498 2090 1536 2145 ut

299 2190 499 2252 transversis
531 2189 707 2255 itineribus
745 2214 803 2278 per
828 2213 946 2276 agrum
976 2188 1138 2255 Sabinum
1176 2188 1304 2254 Salaria
1334 2189 1388 2254 via
1418 2188 1535 2253 urbem

298 2295 462 2374 introiret,
481 2297 564 2361 satis
585 2304 824 2364 maturaverat.
846 2336 889 2346 —
905 2296 964 2368 ΙΙΙ.
984 2322 1038 2386 79.
1072 2297 1191 2362 Petilio
1227 2296 1351 2362 Ceriali
1378 2306 1535 2385 equestre

297 2403 461 2488 proelium
480 2403 659 2469 adversum
688 2406 985 2493 lueratznamque
1009 2405 1181 2469 incautum
1216 2412 1249 2469 et
1289 2413 1461 2491 tamquam
1491 2403 1532 2467 ad

297 2510 404 2573 victos
421 2519 573 2575 ruentem
587 2511 801 2578 Vitelliani...
820 2535 1024 2600 excepere...
1046 2550 1089 2559 -
1106 2510 1167 2586 ΙΙΙ,
1189 2511 1246 2576 80.
1273 2512 1400 2575 Vocato
1416 2519 1534 2576 senatu

297 2616 492 2702 deliguntur
512 2619 614 2706 legati
635 2619 677 2684 a'd
691 2620 900 2686 exereitus...
916 2619 981 2698 Qui
1015 2618 1135 2683 Petilio
1157 2617 1279 2683 Ceriali
1303 2626 1531 2692 occurrerant.

296 2733 485 2789 extremum
501 2726 681 2791 discrimen
697 2727 820 2797 adiere.
838 2734 1041 2815 aspernante
1057 2726 1163 2791 milite
1183 2725 1399 2790 condiciones
1426 2726 1530 2813 pacis

298 2868 339 2881 -
357 2831 414 2911 ΙΙ,
437 2833 491 2898 68.
516 2835 642 2899 llomae
657 2842 777 2899 cuncta
796 2834 852 2918 (de
881 2833 1057 2898 Gallorum
1082 2835 1396 2921 Germanorumque
1425 2832 1534 2898 delec-

298 2940 402 3027 tione)
431 2941 465 3004 in
492 2941 639 3005 deterius
670 2941 785 3006 audita
814 2942 1009 3006 Mucianum
1043 2940 1225 3027 angebant,
1258 2964 1298 3004 ne
1328 2962 1533 3028 quamquam

298 3047 423 3132 egregii
444 3047 558 3122 duces,
578 3050 643 3112 iam
671 3050 761 3113 enim
786 3048 923 3113 Gallum
940 3048 1091 3113 Annium
1112 3056 1145 3112 et
1169 3047 1324 3112 Petilium
1364 3046 1529 3113 Cerialem

297 3152 481 3239 delegerat,
497 3178 664 3219 summam
680 3154 759 3219 belli
774 3179 893 3243 parum
911 3154 1236 3229 tolerarent-lt,
1268 3179 1322 3242 7¹·
1355 3154 1417 3219 llic
1449 3155 1528 3220 belli

297 3268 406 3325 status
426 3271 509 3336 erat,
526 3286 601 3327 cum
621 3262 763 3328 l’etilius
774 3262 915 3328 Cerialis
937 3262 1189 3349 Mogontiacum
1226 3263 1373 3331 venit...
1399 3285 1532 3349 pugnae

297 3368 464 3433 aviduset
487 3370 743 3434 contemnendis
781 3394 882 3458 quam
913 3369 1072 3435 carendis
1101 3367 1256 3433 hostibus
1295 3368 1455 3436 melior...
1484 3369 1532 3433 Eo

297 3475 445 3561 rapidius
462 3476 643 3541 Cerialis...
664 3475 870 3560 Rigodulum
887 3477 993 3541 venit.
1009 3513 1050 3524 -
1069 3474 1124 3554 ΙΙ,
1148 3500 1201 3566 7²·
1229 3475 1371 3541 Cerialis
1397 3484 1532 3562 postero

297 3581 350 3645 die
379 3582 548 3646 coloniam
565 3583 779 3648 Trevirorum
810 3585 984 3670 ingressus
1014 3591 1077 3652 est.
1107 3582 1206 3646 avido
1235 3582 1340 3647 milite
1366 3582 1532 3647 eruendae

296 3690 486 3755 civitatis...
504 3691 645 3755 Cerialis
657 3700 748 3755 metu
765 3691 964 3756 infamiae...
982 3690 1103 3777 pressit
1121 3690 1228 3754 iras...
1258 3689 1371 3754 Donec
1391 3689 1532 3755 Cerialis

298 3796 458 3861 mulceret
491 3798 633 3876 animos,
663 3797 731 3863 lato
755 3806 829 3863 aeta
863 3797 1035 3871 dictitans.
1057 3820 1143 3888 quae
1166 3796 1312 3861 militum
1340 3797 1531 3884 ducumque

297 3903 464 3968 discordia
485 3905 537 3969 rel
576 3906 692 3970 lraude
717 3905 863 3970 hostium
893 3906 1098 3969 evenissent.
1127 3943 1170 3952 —
1197 3904 1253 3978 ΙΙ,
1286 3905 1339 3990 75.
1369 3903 1487 3969 Civilis
1498 3911 1532 3969 et

297 4010 467 4076 Classicus
488 4013 607 4076 misere
622 4012 665 4076 ad
686 4011 849 4076 Cerialem
879 4011 1052 4098 epistulas,
1077 4034 1219 4099 quarum
1253 4011 1334 4075 lraec
1362 4012 1530 4076 sententia

297 4119 376 4183 luit:
401 4147 460 4184 a...
479 4121 514 4184 Si
531 4119 672 4185 Cerialis
683 4121 859 4208 imperium
876 4118 1064 4183 Galliarum
1079 4117 1174 4198 velit,
1197 4119 1288 4206 ipsos
1307 4117 1430 4182 linibus
1450 4119 1530 4183 civi·

297 4227 414 4290 tatium
432 4250 567 4291 suarum
584 4236 804 4293 contentos...
827 4254 841 4286 a
869 4226 989 4290 Ad'ea
1025 4225 1165 4292 Cerialis
1186 4225 1286 4292 Civili
1317 4234 1351 4289 et
1378 4225 1529 4291 Classico

297 4332 435 4401 nihil...
456 4336 601 4421 ipsas...,
618 4333 781 4423 epistulas
795 4334 838 4399 ad
849 4334 1078 4398 Domitianum
1095 4332 1229 4401 misit...
1248 4333 1404 4422 Plerique
1416 4333 1530 4421 culpa-

297 4439 378 4504 bant
395 4442 560 4505 Cerialem
577 4466 713 4530 passum
729 4442 834 4528 iungi,
853 4465 938 4529 quos
953 4440 1117 4505 discretos
1137 4441 1336 4528 intercipere
1364 4439 1526 4507 licuisset.

296 4547 412 4618 -ΙΙ,
431 4549 484 4635 76.
509 4550 612 4614 'l'utor
629 4550 843 4614 cunctatione
872 4570 1021 4613 crescere
1040 4571 1112 4613 rem
1128 4548 1316 4612 llomanam
1330 4546 1530 4613 adlirmabat

353 4655 450 4732 Quod
466 4657 493 4720 si
507 4658 621 4721 statim
642 4656 914 4740 congrediantur,
939 4655 1051 4720 nullas
1076 4679 1149 4720 esse
1181 4654 1304 4720 Ceriali
1326 4655 1389 4718 nisi
1413 4677 1430 4718 e
1454 4654 1529 4719 reli-

284 4909 289 4939 ¹
311 4911 341 4961 1,).
360 4908 470 4955 l‘ctilias
486 4910 597 4956 Cerialis
615 4911 724 4960 Caesius
742 4911 835 4959 ltulus.
850 4910 972 4962 l'nosor..
993 4925 1043 4972 ¹9¹·

282 4991 292 5019 “·’
309 4988 335 5038 Μ
352 5005 356 5035 ;
372 4990 455 5051 petio.
472 4991 550 5039 Care.
569 4991 683 5052 Lipsius.

377 5221 896 5525 Λ
