3709 6234
282 874 336 929 tul
832 878 1019 930 VllGVLthh

283 1027 513 1094 VONONES¹
526 1030 597 1114 (B).
615 1068 658 1080 —
687 1054 737 1108 12,
760 1033 809 1107 rt.
829 1030 915 1096 Dein
936 1030 1097 1096 Gotarzes
1122 1028 1239 1094 morbo
1263 1027 1348 1093 obiit
1367 1027 1569 1118 accitusque

327 1138 362 1201 in
393 1159 535 1223 regnum
574 1136 806 1223 (Parthorum)
846 1137 1018 1208 Vonones.
1064 1137 1183 1201 Medos
1218 1143 1290 1201 tum
1321 1133 1567 1222 praesidens...

329 1244 429 1308 Brevi
453 1251 486 1308 et
514 1243 658 1329 inglorio
687 1244 827 1332 imperio
856 1244 1052 1331 perfunctus
1075 1252 1127 1309 est
1155 1266 1274 1332 resque
1301 1242 1510 1307 Parthorum
1535 1242 1567 1306 in

328 1349 435 1414 lilium
449 1350 521 1415 eius
539 1351 567 1411 V
570 1349 750 1436 ologaesen
767 1350 952 1416 translatae
964 1350 986 1414 ‘·¹.

284 1457 513 1523 VOTIENVS
564 1457 825 1540 MONTANVS,
866 1457 1121 1523 VllTlENV83.
1154 1497 1197 1507 -
1230 1459 1263 1535 ά,
1299 1460 1354 1535 Aa.
1391 1458 1444 1522 Ac
1480 1458 1566 1524 forte

327 1564 441 1629 habita
461 1564 616 1652 perillus
644 1565 716 1630 dies
746 1564 787 1629 de
803 1566 946 1630 Votieno
973 1566 1149 1645 Montano,
1167 1563 1309 1629 celebris
1325 1565 1454 1651 ingenii
1476 1566 1562 1640 uiro,

329 1672 478 1759 cognitio
494 1680 710 1737 cunctantem
726 1674 792 1737 iam
807 1671 977 1737 Tiberium
1006 1672 1164 1761 perpulit,
1183 1679 1221 1736 ut
1235 1671 1392 1737 vitandos
1413 1672 1568 1737 crederet

328 1786 464 1867 patrum
477 1788 593 1846 coetus
615 1803 795 1868 vocesque,
830 1803 915 1868 quac
941 1780 1139 1869 plerumque
1155 1803 1255 1844 verae
1265 1788 1299 1845 et
1312 1803 1435 1867 graves
1451 1803 1565 1845 coram

329 1886 581 1974 ingerebantur.
611 1887 697 1951 Nam
724 1887 894 1975 postulato
916 1887 1059 1953 Votieno
1085 1886 1128 1951 ob
1153 1887 1375 1953 contumelias
1388 1888 1423 1951 in
1440 1886 1567 1952 Caesa·

328 2017 397 2059 rem
431 1995 551 2068 dictas,
586 1996 684 2060 testis
713 1995 922 2060 Aemilius...
962 1996 1004 2060 ΙΙΙ
1025 1995 1189 2059 Votienus
1217 1994 1353 2083 quidem
1374 1995 1566 2060 maiestatis

327 2101 698 2190 mmwfflmwm

284 2208 509 2275 VRBlNlAl.
540 2248 583 2257 —
616 2210 655 2274 O.
689 2210 743 2273 38.
766 2238 782 2268 «
803 2210 920 2275 Non...
951 2210 1051 2275 ullius
1079 2210 1192 2296 magni
1214 2210 1357 2275 oratoris
1371 2209 1459 2273 liber
1475 2207 1566 2297 apud

329 2318 559 2381 centumviros
583 2317 694 2381 dictus
725 2317 892 2404 (legitur),
915 2319 1066 2405 exceptis
1090 2317 1298 2383 orationibus
1324 2316 1450 2393 Asinii,
1480 2339 1566 2403 (puae

328 2447 388 2510 pro
407 2422 587 2488 heredibus
603 2423 761 2489 Vrbiniae
771 2423 784 2462 ⁵
822 2424 1065 2498 inscribuntur,
1082 2424 1125 2488 ab
1141 2425 1255 2511 ipso...
1275 2423 1429 2488 Pollione
1444 2423 1567 2487 mediis

330 2531 407 2594 Divi
423 2531 571 2618 Augusti
587 2530 796 2618 temporibus
811 2530 945 2596 habitae
962 2555 991 2596 b.

288 2636 509 2703 VRBINVM.
542 2677 579 2690 —
611 2637 670 2716 ΙΙΙ,
707 2636 761 2702 62.
794 2638 918 2703 Fabius
934 2638 1061 2704 Valens
1076 2638 1195 2703 Vrbini
1217 2640 1251 2702 in
1266 2637 1420 2704 custodia
1441 2637 1569 2703 interli-

329 2744 428 2810 citur.

285 2850 591 2918 VllGVLANIAt
619 2890 662 2903 -
688 2877 719 2932 2,
742 2852 795 2931 34.
821 2853 919 2918 llaud
944 2854 1055 2918 minus
1072 2852 1167 2918 liberi
1183 2852 1310 2918 doloris
1323 2852 1567 2917 documentum

328 2959 416 3023 idem
440 2944 517 3023 Piso
540 2983 617 3023 mox
633 2959 726 3026 dedit
741 2969 859 3025 vocata
875 2961 908 3025 in
925 2962 977 3025 ius
992 2959 1190 3046 Vrgulania,
1208 2983 1310 3050 quam
1336 2983 1440 3047 supra
1472 2959 1568 3047 leges

330 3066 477 3131 amicitia
492 3067 669 3154 Augustae
689 3067 868 3133 extulerat.
886 3068 956 3133 Nec
971 3075 1030 3132 aut
1041 3066 1226 3154 Vrgulania
1255 3049 1521 3154 obtemperavit,
1533 3068 1566 3131 in

327 3172 465 3237 domum
493 3173 648 3239 Caesaris
681 3182 794 3261 spreto
815 3176 938 3240 Pisone
959 3181 1068 3255 vecta,
1086 3181 1144 3240 aut
1160 3174 1217 3240 ille
1239 3174 1446 3241 abscessit...
1468 3174 1568 3238 Tibe·

328 3280 409 3356 rius,
439 3281 602 3345 hactenus
631 3282 805 3366 indulgere
831 3283 928 3346 matri
961 3282 1060 3345 civile
1087 3289 1192 3353 ratus.
1220 3289 1259 3347 ut
1274 3305 1350 3347 se...
1368 3280 1567 3346 adiuturum

330 3386 534 3472 Vrgulaniae
566 3389 732 3454 diceret...
766 3391 924 3453 Ceterum
960 3389 1164 3475 Vrgulaniae
1195 3389 1343 3477 potentia
1361 3387 1445 3451 adeo
1460 3389 1567 3453 nimia

328 3494 456 3558 civitati
477 3504 559 3566 erat.
576 3504 610 3560 ut
629 3497 725 3560 testis
741 3498 774 3559 in
791 3520 890 3560 causa
907 3496 1066 3583 quadam,
1085 3520 1170 3584 quae
1193 3496 1281 3583 apud
1298 3503 1454 3560 sonatum
1476 3504 1567 3560 trac-

327 3600 474 3676 tabatur,
493 3602 606 3665 venire
626 3601 877 3688 dedignaretur.
900 3643 943 3650 —
967 3606 998 3679 4,
1019 3628 1067 3668 ur.
1086 3602 1305 3690 (Calpurnius
1334 3601 1429 3682 Piso)
1452 3611 1567 3688 spreta

329 3713 504 3797 Augustae
518 3715 667 3798 potentia
684 3714 814 3778 trahere
845 3714 877 3777 in
899 3715 950 3776 ius
963 3714 1183 3801 Vrgulaniam
1211 3713 1378 3800 domoque
1402 3713 1568 3801 principis

328 3820 438 3883 excire
454 3843 556 3883 ausus
585 3829 667 3885 erat.
686 3824 775 3896 -t,
800 3846 851 3885 22.
882 3822 977 3885 Datis
997 3872 1018 3885 ..
1054 3821 1221 3885 iudicibus
1242 3818 1425 3904 Vrgulania
1450 3820 1569 3902 (Plau-

331 3928 380 3995 tiil
397 3926 527 3990 Silvani
548 3930 620 3991 avia
638 3929 818 4014 pugionem
842 3929 955 4014 nepoti
977 3929 1079 3992 misit.
1112 3928 1209 4006 Quod
1233 3927 1370 4015 perinde
1397 3927 1567 3992 creditum

328 4035 423 4120 quasi
456 4035 616 4120 principis
648 4037 789 4105 monitu.
826 4036 869 4098 ob
898 4037 1081 4100 amicitiam
1104 4036 1279 4121 Augustae
1313 4057 1389 4097 cum
1419 4034 1568 4121 Vrgula-

331 4163 396 4205 nra.

318 4475 324 4505 ¹
345 4473 466 4524 Priusne..
482 4474 536 4534 671.

316 4555 326 4586 2'
346 4555 377 4600 V.
395 4554 475 4600 ctiam
493 4556 528 4608 15,
545 4570 567 4600 2.

317 4637 327 4667 '⁵
345 4635 466 4690 Pansae..
483 4634 540 4696 674.

317 4717 326 4746 ⁴
346 4715 467 4771 Praescia,
481 4714 535 4760 682.

316 4795 381 4845 5Αῑ
408 4793 504 4842 l'rnie:
522 4794 558 4844 0:
581 4794 675 4844 Vriue:
693 4795 713 4845 Β
727 4812 731 4843 :
746 4796 853 4844 urbine.
868 4796 944 4845 tlorr.
960 4797 1075 4858 Lipsius.
1089 4797 1128 4846 (ΙΙ,
1143 4797 1244 4851 Quint..
1258 4796 1303 4846 IV.
1322 4813 1340 4850 r.
1358 4793 1474 4853 113t'11.
1490 4813 1517 4844 α.
1531 4798 1571 4852 45.

284 4876 336 4923 Sed
355 4876 425 4936 apud
437 4876 574 4929 currulem,
586 4876 644 4925 Vll.
660 4893 682 4925 a..
695 4884 726 4929 t:
745 4877 858 4923 Vrbina:
871 4877 930 4928 Vll.
950 4895 971 4925 a.
990 4876 1037 4924 26:
1062 4876 1219 4923 Vrbiniana.

315 4966 326 4996 '³'
346 4965 467 5015 Praisos..
484 4964 539 5014 fita.
