3709 6234
886 867 985 921 natta
1524 862 1577 917 235

292 999 482 1066 CYPRVS.
500 1002 603 1080 -ll,
623 1026 654 1068 a.
677 1000 780 1067 Oram
800 1000 950 1065 Achaiae
970 1006 1003 1065 et
1027 999 1130 1064 Asiae
1150 1022 1189 1064 ac
1220 998 1315 1064 laeva
1341 999 1443 1065 maris
1476 1020 1573 1086 prae-

338 1114 469 1186 vectus,
493 1108 651 1173 llliodum
671 1117 705 1173 et
720 1110 872 1196 Cyprum
889 1105 1060 1172 insulas...
1076 1104 1214 1194 petebat
1227 1106 1366 1195 (Titus).

293 1213 601 1281 CYllllNllNSllS.
627 1253 669 1264 -
701 1215 733 1293 3,
764 1239 816 1302 70.
853 1215 937 1279 Post
958 1212 1065 1278 auditi
1093 1213 1306 1299 Cyrenenses
1338 1221 1371 1279 et
1394 1221 1574 1279 accusante

337 1321 508 1388 Anchario
539 1322 656 1387 Prisco
690 1322 830 1387 Caesius
858 1320 990 1388 Cordus
1019 1320 1282 1408 repetundarum
1316 1321 1508 1389 damnatur.
1530 1360 1574 1371 -

343 1433 392 1510 rt,
414 1431 463 1495 18.
482 1429 598 1494 Motus
618 1437 737 1495 senatu
757 1437 789 1495 et
808 1428 932 1493 Pedius
953 1427 1107 1505 Blaesus,
1144 1428 1381 1494 accusantibus
1403 1430 1575 1516 Cyrenen-

338 1535 432 1601 sibus
459 1534 623 1601 violatum
640 1535 681 1600 ab
707 1559 746 1601 eo
769 1536 966 1601 thesaurum
996 1533 1192 1622 Aesculapii
1228 1534 1455 1624 dilectumque
1481 1536 1575 1600 mili-

339 1653 445 1710 tarem
479 1644 586 1732 pretio
611 1652 645 1709 et
674 1642 856 1709 ambitione
883 1650 1091 1731 corruptum.
1125 1643 1218 1708 ldem
1242 1643 1455 1729 Cyrenenses
1480 1666 1575 1709 reum

337 1751 484 1839 agebant
496 1751 644 1816 Acilium
659 1751 919 1834 Strabonem...,
935 1751 1077 1815 missum
1097 1750 1359 1838 disceptatorem
1385 1775 1403 1814 a
1433 1750 1574 1816 Claudio

337 1882 508 1946 agrorum,
527 1882 611 1947 quos
627 1858 716 1943 regis
734 1858 880 1946 Apionis
894 1855 1067 1945 quondam
1082 1857 1193 1922 avitos
1209 1864 1243 1923 et
1258 1855 1383 1946 populo
1422 1858 1574 1923 Romano

337 1989 413 2031 cum
452 1989 556 2052 regno
582 1966 716 2031 relictos
739 1965 913 2054 proximus
946 1964 1089 2052 quisque
1127 1988 1304 2054 possessor
1336 1965 1572 2032 invaserant...

337 2074 440 2157 Nero,
475 2072 616 2162 probata
645 2072 822 2140 Strabonis
848 2073 1029 2153 sententia,
1052 2096 1087 2138 se
1114 2072 1220 2138 nihilo
1248 2073 1359 2138 minus
1395 2073 1575 2139 subvenire

337 2184 438 2249 sociis
453 2190 486 2248 et
500 2190 662 2271 usurpata
673 2182 856 2247 concedere
868 2182 1016 2269 scripsit.
1031 2220 1073 2230 —
1088 2181 1145 2261 lV,
1164 2182 1219 2259 45.
1232 2182 1406 2248 Antonius
1421 2182 1575 2247 Flamma

338 2289 589 2378 Cyrenensibus
603 2289 841 2355 accusantibus
858 2289 1040 2354 damnatur
1055 2288 1129 2374 lege
1144 2288 1407 2377 repetundarum
1424 2296 1458 2355 et
1472 2289 1574 2354 exilio
1596 2315 1598 2320 ·

335 2395 378 2461 ob
393 2398 583 2464 saevitiam.

292 2504 485 2572 Cl'lllll'S.
509 2544 552 2554 -
570 2528 601 2580 2,
620 2505 673 2592 57.
692 2505 850 2592 Cyrrit..
877 2505 968 2593 apud
982 2503 1121 2570 hiberna
1146 2504 1294 2570 decimae
1314 2504 1457 2592 legionis
1489 2527 1575 2569 con-

337 2634 458 2676 venere
473 2612 569 2698 (Piso
585 2619 619 2677 et
633 2611 882 2694 Germanicus).

295 2718 453 2784 Citius.
485 2756 520 2766 -
538 2719 569 2797 3,
587 2718 641 2784 da.
670 2717 784 2782 Altius
808 2717 1140 2783 Hierocaesarienses
1170 2740 1368 2805 exposuere,
1404 2717 1575 2783 Persicam

337 2823 426 2911 apud
455 2848 490 2889 se
516 2825 673 2904 Dianam,
703 2823 883 2890 delubrum
927 2848 1006 2912 rege
1040 2825 1129 2912 Cyro
1164 2825 1354 2892 dicatum...
1383 2863 1426 2873 -
1461 2825 1495 2905 6,
1519 2825 1572 2891 31.

337 2931 561 3019 (Artabanus)
588 2956 622 2997 se
642 2932 879 2999 ..invasurum
900 2955 1057 3020 possessa
1074 2931 1163 3018 Cyro
1180 2940 1213 2998 et
1234 2939 1311 3019 post
1334 2930 1572 2997 Alexandro...

336 3038 489 3105 iaciebat.

291 3146 513 3212 CYTHNVS.
533 3182 573 3195 -
594 3148 625 3227 3,
641 3146 695 3235 69.
715 3146 897 3233 (Tiberius)
912 3145 1042 3212 addidit
1063 3145 1208 3211 insulam
1228 3147 1381 3233 Gyarum
1409 3146 1574 3211 immitem

337 3262 369 3319 et
380 3254 452 3318 sine
467 3253 561 3318 cultu
577 3254 752 3318 bominum
764 3277 838 3319 esse
851 3277 859 3335 3
874 3254 996 3319 darent
1010 3253 1124 3318 luniae
1135 3253 1323 3319 familiae...
1341 3260 1378 3318 ut
1388 3250 1575 3340 Cythnum²

335 3361 446 3449 potius
462 3360 660 3425 concederet
681 3360 734 3448 (C.
759 3360 923 3448 Silanus).
935 3397 980 3410 -
992 3359 1035 3441 ll,
1054 3361 1085 3425 8.
1107 3359 1149 3448 (ll
1152 3360 1244 3425 alsus
1263 3359 1365 3446 Nero)
1380 3359 1414 3423 vi
1429 3365 1574 3446 tempes-

336 3476 442 3533 tatum
462 3468 636 3555 Cythnum
651 3468 796 3534 insulam
810 3469 981 3535 detrusus.
999 3506 1043 3520 -
1059 3466 1102 3540 ll,
1121 3492 1153 3555 9.
1183 3469 1287 3533 Datne
1310 3491 1328 3533 e
1344 3467 1452 3533 classe
1471 3467 1575 3532 Mise-

333 3576 430 3639 nensi
447 3575 532 3640 duae
550 3574 905 3662 triremes(Calpurnio
920 3575 1102 3662 Asprenati
1117 3574 1271 3640 Galatiae
1295 3597 1334 3639 ac
1349 3573 1569 3661 Pamphyliae

336 3683 471 3767 rectori)
483 3681 525 3746 ad
541 3682 827 3770 prosequendum,
841 3705 918 3747 cum
936 3681 1059 3770 quibus
1074 3681 1272 3768 Cythnum³
1291 3680 1438 3746 insulam
1453 3681 1572 3745 tenuit.

291 3787 850 3868 Ct'ZICEN1.-),36.0biecta
877 3788 1011 3877 publice
1047 3788 1223 3874 Cyzicenis
1252 3788 1381 3854 incuria
1409 3788 1573 3853 caerimo-

337 3895 468 3960 niarum
499 3896 574 3960 llivi
601 3896 762 3982 Augusti,
800 3896 923 3961 additis
953 3894 1133 3960 violentiae
1160 3896 1360 3960 criminibus
1394 3894 1573 3960 adversum

334 4002 426 4067 cives
442 4007 627 4073 Romanos.
643 4002 686 4067 Et
703 4004 844 4068 amisere
868 4003 1073 4084 libertatem,
1110 4027 1211 4091 (piram
1240 4002 1330 4068 bello
1365 4003 1573 4068 Mithridatis

335 4119 538 4190 meruerant,
556 4112 768 4175 circumsessi
792 4134 852 4176 nec
870 4113 983 4177 minus
997 4136 1059 4178 sua
1082 4113 1275 4178 constantia
1288 4135 1390 4200 quam
1406 4109 1575 4198 praesidio

337 4217 467 4283 Luculli
483 4217 582 4306 pulso
597 4242 685 4306 rege.

291 4324 659 4400 DACI.t.-111‚53.
682 4327 853 4391 Antonius
873 4327 1080 4416 (Primus)...
1111 4328 1242 4394 litteras
1269 4328 1311 4393 ad
1328 4327 1573 4415 Vespasianum

336 4432 568 4519 composuit...
589 4461 604 4492 a
618 4432 736 4521 Neque
751 4434 885 4500 officere
899 4434 1027 4520 gloriae
1043 4458 1170 4512 eorum,
1190 4435 1247 4524 qui
1266 4435 1401 4500 Daciam
1416 4435 1424 4473 ¹·
1441 4434 1574 4499 interim

322 4650 331 4684 ¹
351 4649 464 4702 Brotier.
485 4651 619 4713 Ruperti:
635 4652 745 4715 Cyrrhi.

322 4729 333 4763 ²
352 4729 378 4782 Μ
393 4744 399 4778 :
415 4729 564 4793 eytbenum
578 4748 690 4794 ,arraret
706 4734 865 4797 Cytheram)
879 4735 956 4786 Corr.
973 4736 1091 4798 Lipsius.

320 4808 332 4844 ³
350 4809 376 4862 Μ
392 4827 398 4860 ι
417 4810 566 4859 arithinum
583 4811 646 4870 (bts
664 4814 829 4876 cythiuum).
843 4815 917 4864 Corr.
935 4816 1093 4865 Frobcnius.

321 4890 331 4923 ⁴
351 4890 394 4943 bl:
411 4891 470 4940 asia
491 4891 567 4942 Corr.
586 4893 694 4945 Sirker:
709 4895 814 4944 liitter:
832 4896 896 4945 alia.
916 4924 940 4932 -
959 4898 1111 4953 «Quoniam
1127 4899 1154 4945 in
1172 4898 1252 4947 Asiae
1268 4903 1355 4961 parte,
1374 4912 1455 4961 qnam
1471 4896 1574 4945 Mucia-

290 4990 341 5023 nus
355 4977 581 5029 nbtinebal.nilril
594 4979 735 5027 turbarum
749 4980 845 5032 furerat.
860 4982 954 5030 Sirker
971 4983 1079 5031 videtur
1093 4987 1165 5032 reete
1180 4984 1323 5048 scripsisse
1338 4982 1448 5031 Daciam
1459 4997 1490 5030 ex
1502 4980 1574 5037 aab:
