3709 6234
766 866 970 920 uenunnlcvs
1462 863 1512 920 32¹

279 1003 321 1069 ab
332 1005 386 1087 iis,
404 1006 464 1071 sed
476 1005 716 1073 Germanicum
731 1008 865 1087 ducem,
879 1008 940 1074 sed
947 1006 1119 1072 Tiberium
1135 1008 1372 1096 imperatorem
1383 1007 1516 1073 violari.

277 1136 361 1194 -ι,
385 1113 439 1204 39.
459 1114 577 1201 Legati
590 1115 633 1180 ab
649 1125 769 1182 senatu
788 1139 982 1204 regressum
1009 1116 1076 1180 iam
1110 1115 1200 1204 apud
1234 1139 1328 1181 aram
1352 1116 1517 1181 Vbiorum

276 1220 517 1288 Germanicum
533 1224 660 1290 adeunt
678 1275 701 1290 ..
716 1224 890 1311 (Seditiosi
903 1223 1043 1310 milites)
1058 1231 1157 1289 nocte
1173 1224 1337 1289 concubia
1354 1223 1518 1289 vexillum

279 1329 313 1394 in
332 1329 433 1395 domo
453 1330 647 1397 Germanici
660 1332 763 1397 situm
785 1332 939 1418 flagitare
964 1332 1396 1420 occipiunt...,extractum
1416 1330 1520 1397 cubili

279 1437 456 1504 Caesarem
472 1438 605 1504 tradere
629 1439 794 1505 vexillum
829 1440 960 1505 intento
986 1440 1103 1504 mortis
1128 1448 1220 1506 metu
1240 1439 1414 1527 subigrmt.
1436 1438 1519 1504 Mox

279 1546 356 1632 vagi
375 1568 436 1633 per
455 1546 528 1612 vias
549 1546 668 1612 obvios
696 1546 844 1613 habuere
865 1547 1009 1635 legatos,
1033 1547 1146 1612 audita
1180 1546 1454 1612 consternatione
1479 1546 1521 1613 ad

281 1653 521 1719 Germanicum
537 1654 758 1722 tendentes...
777 1655 864 1720 Luce
887 1655 1067 1720 demum...
1101 1655 1278 1743 ingressus
1300 1663 1410 1721 castra
1435 1656 1519 1721 Ger-

281 1761 475 1828 manicus..
498 1801 541 1812 -
577 1787 604 1836 ι,
627 1765 680 1839 Ao.
700 1763 748 1828 Eo
769 1764 802 1827 in
823 1772 917 1830 metu
946 1787 1086 1851 arguere
1121 1763 1362 1829 Germanicum
1386 1785 1520 1836 omncs,

280 1868 371 1956 quod
397 1892 466 1933 non
495 1869 539 1934 ad
559 1871 765 1958 superiorem
793 1872 980 1937 exereitum
1014 1880 1182 1960 pergeret.
1213 1910 1256 1920 —
1294 1896 1322 1952 ι,
1353 1873 1408 1947 tr.
1444 1869 1520 1935 Non
1568 1938 1570 1943 ,

280 1974 433 2040 llorentis
454 1976 610 2041 Caesaris
626 2000 736 2065 neque
752 1980 823 2044 suis
852 1978 1036 2057 incastris,
1069 1977 1129 2043 sed
1148 1978 1243 2044 velut
1261 1978 1296 2042 in
1326 1977 1408 2042 urbc
1435 1977 1525 2043 victa

281 2080 423 2149 facies...
443 2083 526 2148 Pars
546 2084 756 2174 Agrippinae
786 2094 1016 2165 occursantes,
1047 2085 1185 2174 plurimi
1212 2085 1254 2150 ad
1283 2086 1522 2151 Germanicum

281 2190 439 2277 regressi.
458 2230 495 2241 -
520 2216 548 2272 r,
565 2195 620 2270 Al·
642 2192 710 2257 Nec
728 2193 852 2258 Caesar
868 2193 1017 2263 arcebat.
1033 2192 1170 2282 quando
1185 2192 1279 2257 nullo
1300 2194 1407 2282 ipsius
1428 2193 1522 2258 iussu

281 2320 384 2384 penes
395 2298 531 2363 eosdem
548 2300 687 2365 saevitia
700 2299 779 2367 sacti
795 2309 827 2366 et
842 2302 969 2366 invidia
983 2303 1065 2366 erat.
1088 2339 1132 2350 -
1159 2325 1186 2381 ι,
1205 2301 1259 2378 45.
1279 2301 1403 2366 Caesar
1414 2323 1517 2379 arma,

282 2404 438 2486 classem,
484 2407 594 2471 socios
636 2408 813 2474 demittere
840 2408 959 2474 ltlreno
989 2416 1098 2498 parat.
1126 2447 1169 2456 —
1196 2433 1222 2486 ι,
1253 2407 1522 2497 47.(Cogitabat

282 2511 447 2602 Tiberius)
463 2515 703 2584 resistentes...
723 2517 926 2581 Germanico
947 2524 1005 2581 aut
1033 2517 1144 2581 Druso
1161 2515 1360 2605 (seditiosos
1380 2515 1521 2601 milites)

281 2643 415 2708 possea
433 2645 469 2686 se
489 2621 636 2710 mitigari
651 2623 705 2688 vel
726 2624 877 2711 infringi.
894 2664 938 2673 -
958 2648 986 2704 1,
1002 2624 1054 2700 48.
1077 2624 1125 2688 At
1144 2623 1379 2704 Germanicus,
1401 2645 1521 2711 quam-

283 2751 427 2816 quam...
449 2738 565 2817 parata
591 2731 624 2794 in
653 2730 842 2796 defectores
876 2730 1018 2804 ultione,
1055 2731 1206 2796 dandum
1236 2731 1345 2796 adhuc
1375 2730 1521 2818 spatium

283 2843 418 2901 ratus...
441 2873 481 2887 -
503 2861 530 2916 r,
549 2840 603 2927 49.
623 2837 704 2903 Mox
721 2840 896 2926 ingressus
921 2846 1030 2904 castra
1047 2838 1283 2916 Germanicus,
1302 2862 1369 2902 non
1383 2837 1522 2903 medici·

281 2965 360 3008 nam
375 2942 504 3009 illud...
520 2945 579 3011 sed
608 2945 740 3011 cladem
764 2946 954 3033 adpellans.
978 2946 1164 3036 .Sequitur
1192 2946 1347 3010 ardorem
1372 2945 1520 3010 militurn

281 3049 417 3116 Caesar.
437 3090 478 3102 —
498 3076 524 3132 1,
551 3052 605 3121 51.
632 3053 797 3121 Caesar...
816 3076 882 3142 quo
903 3054 1002 3119 latior
1031 3054 1205 3142 populatio
1233 3053 1362 3120 soret..
1394 3053 1520 3119 Cacsar

281 3159 443 3225 advectus
459 3159 501 3223 ad
515 3160 764 3226 vicensimanos
778 3184 859 3226 voce
876 3184 998 3248 magna
1010 3161 1073 3225 hoc
1088 3160 1175 3225 illud
1189 3169 1323 3249 tempus
1336 3160 1519 3226 obliteran-

283 3264 345 3331 dae
359 3266 536 3332 seditionis
550 3266 757 3334 clamitabat.
776 3307 818 3317 —
839 3294 864 3348 r,
890 3269 943 3334 52.
954 3267 1136 3354 (Tiberius)
1153 3267 1275 3333 bellica
1286 3291 1421 3357 quoque
1437 3269 1521 3332 Ger-

251 3449 254 3456 Ι
283 3374 407 3438 manici
423 3373 530 3460 gloria
555 3375 785 3461 angebatur...
804 3377 1015 3464 Cunctaque,
1032 3398 1119 3463 quae
1135 3374 1357 3440 Germanicus
1373 3374 1523 3440 indulse-

284 3488 347 3563 rat,
365 3482 627 3548 servavitetiam
644 3483 733 3570 apud
751 3483 964 3548 Pannonicos
981 3482 1450 3571 exercitusl‘liberius).-r‚
1468 3485 1520 3559 td.

285 3586 440 3652 Tiberius
474 3589 673 3677 Drususque
716 3596 750 3654 et
790 3589 955 3654 Claudius
998 3598 1032 3655 et
1068 3590 1292 3654 Germanicus
1331 3588 1524 3654 adiciuntur

286 3693 548 3783 (Augustalibus
563 3703 653 3761 sorte
666 3697 805 3783 ductis).
822 3734 865 3747 -
885 3722 912 3777 r,
932 3697 985 3762 55.
1010 3699 1120 3761 Druso
1142 3696 1285 3761 Caesare
1306 3694 1345 3761 C.
1364 3694 1524 3759 Norbano

286 3802 482 3867 consulibus
503 3803 696 3869 decernitur
726 3805 926 3870 Germanico
962 3803 1152 3892 triumphus
1177 3812 1334 3870 manente
1355 3803 1459 3868 bello.
1481 3838 1526 3854 —

291 3934 319 3991 1,
338 3909 392 3976 56.
416 3911 639 3976 Germanicus
668 3920 829 4000 quattuor
855 3912 1046 3999 legiones...
1071 3911 1235 3976 Caecinae
1269 3912 1414 3978 tradit...
1439 3911 1525 3977 Cum

287 4017 1526 4107 quidam(Chattorum)adGermanicumprofugissent...Caesarincenso

288 4121 408 4189 Mattio
429 4174 450 4190 ..
468 4132 585 4211 aperta
610 4125 791 4213 populatus
808 4126 911 4191 vertit
932 4124 973 4190 ad
1003 4125 1172 4190 llhenurn.
1190 4162 1233 4173 -
1253 4149 1281 4203 ι,
1303 4123 1359 4213 57.
1388 4124 1527 4190 Germa-

289 4231 364 4295 nico
378 4230 524 4318 pretium
545 4232 609 4297 luit
638 4241 835 4298 convertere
863 4256 997 4320 agmen.
1013 4272 1057 4282 —
1076 4256 1104 4308 ι,
1133 4231 1187 4297 58.
1219 4230 1344 4297 Caesar
1370 4232 1529 4305 elementi

253 4403 255 4408 .
288 4362 491 4427 responso...
517 4340 677 4426 (Segesti)
695 4340 809 4405 sedem
832 4349 944 4406 vetere
960 4341 994 4404 in
1014 4340 1188 4427 provincia
1208 4339 1399 4427 pollicetur.
1423 4338 1529 4404 Exer-

289 4447 393 4513 citum
414 4447 549 4514 reduxit
569 4471 759 4535 nomenque
780 4447 996 4536 imperatoris
1011 4456 1148 4513 auctore
1161 4445 1294 4511 Tiberio
1318 4447 1458 4534 accepit.
1485 4485 1529 4495 -

294 4578 322 4636 r,
350 4557 403 4645 59.
429 4556 633 4643 (Arminius)
661 4579 753 4621 arma
789 4557 823 4620 in
851 4554 1030 4620 Caesarem
1061 4578 1216 4644 poscens.
1234 4591 1276 4603 —
1301 4577 1328 4631 1,
1346 4554 1400 4620 60.
1431 4553 1528 4620 Vnde

291 4662 397 4727 maior
417 4663 552 4729 Caesari
565 4672 719 4731 metus...
747 4665 969 4730 Bructeros...
989 4664 1026 4728 L.
1047 4662 1230 4728 Stertinius
1256 4661 1364 4727 missu
1388 4662 1529 4726 Germa-

290 4769 466 4837 niciludit.
488 4810 531 4821 -
553 4796 579 4852 ι,
597 4770 652 4835 6ι.
683 4770 814 4859 Cupido
836 4771 1016 4837 Caesarem
1036 4770 1167 4835 invadit
1195 4768 1351 4833 solvendi
1373 4791 1530 4856 suprema

291 4877 457 4944 militibus
472 4879 617 4967 ducique
634 4879 765 4968 (Varo).
796 4918 835 4929 -
857 4904 886 4958 1,
907 4879 962 4944 62.
986 4878 1139 4943 Primum
1167 4877 1373 4944 exstruendo
1398 4875 1530 4944 tumulo

290 4986 475 5074 caespitem
502 4987 628 5053 Caesar
653 4987 809 5076 posuit...
835 4985 935 5066 Quod
968 4985 1102 5052 Tiberio
1122 4984 1212 5050 haud
1248 4984 1441 5073 probatum.
1471 5008 1531 5049 seu

311 5118 390 5171 Urnv·
409 5134 443 5170 os
460 5120 546 5171 Lron.
561 5146 590 5158 -
610 5120 692 5170 Fran
1407 5118 1436 5167 21
