3709 6234
281 868 333 923 ι168
877 872 961 924 NERO

322 1012 389 1076 iam
404 1012 504 1088 Nera,
529 1011 625 1076 cuius
641 1012 835 1076 immanitas
847 1012 999 1075 omnium
1017 1017 1157 1100 questus
1171 1009 1332 1089 anteibat,
1354 1009 1415 1075 sed
1430 1009 1558 1076 Seneca

324 1119 465 1184 adverso
484 1142 618 1183 rumore
634 1125 717 1198 erat,
732 1119 822 1206 quod
838 1117 989 1183 oratione
1010 1117 1070 1183 tali
1085 1117 1333 1183 confessionem
1354 1117 1559 1205 scripsisset.

323 1266 366 1275 —
391 1229 441 1304 14,
468 1250 516 1290 ra.
535 1224 628 1304 Quae
655 1224 836 1313 (prodigia)
856 1226 939 1291 adeo
954 1226 1027 1290 sine
1051 1249 1130 1290 cura
1154 1225 1255 1291 deum
1279 1223 1494 1303 eveniebant,
1525 1231 1563 1288 ut

325 1333 451 1399 multos
466 1341 541 1421 post
559 1357 667 1398 annos
682 1333 770 1398 Nero
787 1334 965 1422 imperium
978 1341 1012 1399 et
1026 1333 1154 1399 scelera
1170 1332 1430 1398 continuaverit.
1445 1368 1489 1382 -
1510 1333 1559 1408 14,

330 1445 380 1506 18.
414 1440 502 1504 Nero
521 1440 663 1528 probata
688 1440 819 1527 (Acilii)
842 1440 1019 1506 Strabonis
1040 1441 1219 1522 sententia,
1248 1464 1283 1505 se
1313 1439 1419 1504 nihilo
1448 1439 1562 1503 minus

325 1547 503 1612 subvenire
532 1548 631 1613 sociis
653 1546 935 1635 (Cyrenensibus)
961 1556 995 1613 et
1018 1558 1179 1637 usurpata
1200 1547 1384 1613 concedere
1412 1547 1559 1633 scripsit.

325 1695 368 1704 —
387 1658 438 1731 14,
457 1679 508 1721 20.
527 1655 660 1720 Nerone
672 1662 830 1743 quartum
845 1654 1002 1721 Cornelio
1022 1657 1130 1722 Cosso
1145 1654 1355 1721 consulibus.
1371 1691 1416 1704 -
1435 1656 1559 1733 14,11.

327 1762 548 1849 Eloquentiae
572 1762 698 1849 primas
730 1785 830 1827 nemo
869 1762 959 1842 tulit,
995 1763 1055 1828 sed
1083 1763 1246 1829 rictorem
1274 1785 1348 1828 esse
1380 1761 1561 1827 Caesarem

327 1869 595 1957 pronuntiatum.
610 1907 654 1919 -
676 1872 726 1948 14,
745 1892 800 1935 22.
815 1869 906 1935 luter
919 1893 1004 1959 quae
1023 1878 1057 1935 et
1076 1871 1170 1936 sidus
1193 1876 1341 1935 cometes
1353 1867 1494 1945 ellulsit,
1522 1867 1562 1931 de

327 2001 394 2064 (quo
420 1975 513 2063 vulgi
543 1976 656 2063 opinio
687 1983 751 2055 est,
782 1984 957 2066 tamquam
989 1978 1212 2044 mutationem
1246 1976 1335 2063 regis
1367 1974 1559 2062 portendat.

330 2083 437 2170 Igitur
463 2084 559 2171 quasi
579 2084 646 2149 iam
669 2083 808 2171 depulso
834 2084 979 2164 Nerone,
1002 2086 1159 2174 quisnam
1172 2084 1387 2170 deligeretur,
1405 2082 1572 2170 anquira-1

327 2191 418 2255 hant.
454 2191 496 2255 Et
522 2191 672 2255 omnium
705 2214 761 2255 ore
791 2191 970 2256 Rubellius
1012 2193 1154 2258 Plautus
1187 2190 1416 2257 celebratur...
1458 2188 1564 2254 Auxit

329 2321 498 2364 rumorem
533 2298 604 2387 pari
637 2299 786 2363 vanitate
820 2307 893 2364 orta
926 2299 1160 2387 interpretatio
1192 2298 1346 2385 lulguris.
1378 2296 1466 2361 Nam
1487 2296 1564 2385 quia

328 2405 572 2472 discumbentis
607 2405 749 2470 Neronis
772 2406 861 2496 apud
898 2407 1091 2473 Simbruina
1135 2416 1296 2495 stagna...
1337 2408 1422 2474 ictae
1460 2407 1566 2494 dapes

329 2537 512 2601 mensaque
537 2512 679 2578 disiecta
700 2522 771 2579 erat
801 2514 901 2601 idque
928 2514 1052 2579 linibus
1071 2515 1248 2580 Tiburtum
1271 2515 1450 2594 acciderat,
1477 2511 1564 2577 unde

329 2630 468 2708 paterna
486 2620 607 2686 Plauto
632 2620 768 2707 origo...
798 2621 888 2709 Ergo
914 2630 1088 2710 permotus
1121 2622 1174 2687 his
1207 2621 1296 2687 Nero
1323 2620 1497 2709 componit
1524 2618 1565 2685 ad

332 2727 491 2793 Plautum
522 2727 708 2807 litteras...,
735 2751 808 2792 esse
832 2728 883 2792 illi
902 2752 962 2817 per
983 2730 1102 2794 Asiam
1121 2731 1230 2794 avitos
1251 2752 1361 2816 agros,
1379 2730 1414 2793 in
1441 2727 1566 2817 quibus

330 2840 403 2899 tuta
424 2841 465 2901 ‚et
491 2833 660 2901 inturbida
689 2835 826 2900 iuventa
853 2834 1060 2904 frueretur...
1079 2835 1190 2902 lsdem
1205 2835 1324 2902 diebus
1339 2836 1443 2901 nimia
1462 2834 1565 2900 luxus

330 2941 452 3028 cupido
473 2941 647 3007 infamiam
671 2949 705 3007 et
723 2941 909 3030 periculum
937 2942 1063 3008 Neroni
1083 2943 1172 3023 tulit,
1200 2944 1279 3032 quia
1304 2943 1430 3009 lontem
1459 2964 1567 3031 aquae

332 3048 517 3116 llarciae...
538 3049 650 3114 nando
665 3050 863 3132 incesserat,
886 3048 1130 3139 videbaturque
1145 3060 1245 3139 potus
1265 3074 1378 3116 sacros
1398 3057 1433 3115 et
1460 3048 1567 3114 caeri-

331 3155 478 3219 moniam
495 3155 561 3221 loci
585 3180 723 3245 corpore
745 3157 814 3222 loto
843 3156 1022 3245 polluisse;
1055 3166 1235 3247 secutaque
1255 3181 1378 3246 anceps
1405 3156 1567 3222 valetudo

331 3262 415 3326 iram
436 3263 538 3328 deum
554 3263 756 3329 adlirnravit.
774 3302 817 3314 -
837 3267 887 3342 14,
907 3265 960 3329 26.
977 3265 1157 3351 (Corbulo)
1170 3266 1422 3353 possessionem
1444 3265 1567 3328 Arme·

332 3370 405 3433 niae
422 3369 618 3457 usurpabat,
642 3394 716 3435 011111
738 3372 1081 3459 advenitTigranesa
1101 3373 1233 3437 Nerone
1255 3358 1298 3437 ad
1322 3372 1567 3460 capessendum

332 3463 508 3564 imperium
534 3478 695 3543 delectus
727 3514 769 3527 -
801 3482 850 3559 14,
878 3504 930 3566 27.
959 3480 998 3544 ln
1023 3480 1119 3545 ltalia
1142 3489 1239 3545 retus
1256 3481 1417 3569 oppidum
1434 3479 1568 3544 Puteoli

332 3586 384 3649 ius
399 3586 548 3650 coloniae
569 3594 602 3650 et
630 3595 893 3672 cognomentum
917 3612 935 3650 a
965 3588 1098 3651 Nerone
1126 3590 1334 3675 apiscuntur.
1362 3627 1405 3635 -
1433 3591 1483 3663 14,
1512 3611 1566 3676 29.

338 3693 538 3758 Veranius...
559 3717 693 3780 magna,
715 3694 794 3758 dum
811 3694 909 3770 vixit,
930 3696 1121 3759 severitatis
1149 3696 1249 3768 lama,
1277 3694 1444 3783 supremis
1467 3703 1569 3760 testa-

336 3801 437 3864 menti
464 3799 575 3865 verbis
601 3801 795 3866 ambitionis
824 3802 1039 3882 manifestus;
1067 3803 1191 3890 quippe
1217 3803 1324 3868 multa
1348 3804 1381 3868 in
1399 3802 1568 3867 Neronem

334 3907 538 3971 adulatione.
562 3962 568 3974 .
595 3948 636 3960 -
665 3911 714 3985 14,
738 3908 791 3974 31.
817 3909 890 3973 llex
916 3909 1093 3974 lccnorum
1122 3911 1370 3997 Prasutagus..
1388 3910 1568 3975 Caesarem

334 4014 490 4078 heredem
524 4015 674 4103 duasque
709 4015 794 4079 lilias
823 4016 1014 4103 scripserat.
1044 4055 1086 4067 -
1120 4020 1167 4095 14,
1193 4018 1437 4106 38.Auxitquc
1454 4018 1568 4105 copias

335 4122 469 4197 Caesar,
493 4122 606 4185 missis
626 4123 673 4207 (in
700 4121 923 4211 Britanniam)
945 4148 986 4188 011
1004 4125 1183 4188 Germania
1206 4124 1339 4189 duobus
1367 4125 1570 4208 legionario-

335 4252 409 4292 rum
430 4228 578 4308 milibus,
602 4238 677 4292 octo
704 4229 917 4294 auxiliarium
946 4232 1141 4297 cohortibus
1170 4256 1206 4296 ac
1232 4231 1324 4296 mille
1354 4232 1568 4320 equitibus..

334 4372 378 4385 -
397 4338 446 4411 14,
465 4334 518 4424 39.
535 4336 588 4400 nd
606 4337 826 4424 spectandum
847 4338 1040 4403 Britanniae
1057 4348 1181 4403 statum
1202 4340 1326 4404 missus
1336 4347 1388 4404 est
1407 4363 1424 4403 e
1440 4338 1572 4405 libertis

337 4442 536 4528 Polyclitus,
557 4468 678 4530 magna
702 4443 845 4508 Neronis
868 4470 927 4533 spe
952 4470 1051 4533 posse
1075 4447 1274 4512 auctoritate
1294 4448 1365 4511 eius
1383 4470 1449 4510 uon
1469 4447 1571 4512 modo

336 4550 423 4613 inter
442 4549 591 4636 legatum
613 4559 930 4640 procuratoremque
952 4554 1164 4618 concordiam
1180 4555 1286 4640 gigni,
1307 4553 1413 4618 sedet
1427 4552 1572 4619 rebelles

336 4655 555 4722 barbarorum
576 4660 706 4723 animos
723 4683 803 4746 pace
819 4662 987 4747 componi.
1006 4699 1048 4710 —
1072 4664 1121 4740 14,
1144 4665 1197 4738 40.
1217 4661 1404 4748 (Asinium)
1426 4659 1571 4726 Marcel-

336 4762 406 4828 lunr
432 4767 591 4830 memoria
614 4768 776 4831 maiorum
798 4775 832 4832 et
857 4791 973 4855 preces
1003 4768 1157 4833 Caesaris
1186 4792 1313 4856 poenae
1333 4768 1441 4855 magis
1468 4792 1572 4857 quam

335 4872 492 4937 infamiae
508 4897 672 4940 exemere.
691 4916 727 4925 -
755 4878 802 4951 14,
824 4877 874 4952 44.
891 4875 976 4940 'lum
997 4877 1120 4941 Caesar
1146 4877 1308 4964 populum
1331 4877 1440 4941 edicto
1464 4876 1572 4942 incre-

337 4980 409 5068 puit
438 4989 539 5070 atque
572 5003 671 5049 omne
702 4984 776 5063 iter,
807 5006 873 5071 quo
903 4984 1054 5050 damnati
1087 4984 1129 5049 ad
1168 5007 1310 5071 poenam
1346 4984 1570 5064 ducebantur,
