3709 6234
367 843 421 901 448
902 847 1114 900 lllTlllllllATllS

412 991 490 1077 quia
515 989 656 1054 libertus
682 989 817 1054 Thermi
845 989 1012 1079 quaedam
1027 989 1069 1054 de
1084 987 1252 1076 Tigellino
1271 987 1452 1054 criminose
1466 986 1650 1064 detulerat,

413 1119 498 1184 quae
514 1097 717 1162 eruciatibus
735 1105 980 1162 tormentorum
998 1097 1082 1184 ipse,
1105 1104 1268 1184 patronus
1287 1096 1361 1160 eius
1379 1117 1461 1160 nece
1481 1095 1653 1160 immerita

415 1202 517 1269 luere.

369 1310 651 1379 MlSENEh'SlS.
670 1352 713 1363 -
731 1316 780 1390 ιε’),
799 1312 852 1375 δι.
872 1312 1047 1400 Epicharis
1067 1366 1073 1379 .
1107 1313 1142 1376 in
1158 1311 1344 1400 Campania
1360 1333 1466 1398 agens
1480 1310 1653 1400 primores

412 1419 659 1486 classiariorum
676 1420 919 1485 Misenensium
954 1419 1141 1484 labefacere
1157 1427 1190 1484 et
1207 1420 1413 1484 conscientia
1436 1417 1492 1505 (C.
1516 1417 1654 1482 Pisonis

412 1527 665 1606 coniurationis)
701 1527 843 1612 inligare
881 1528 997 1591 conisa
1029 1535 1092 1592 est.
1121 1565 1164 1575 -
1185 1525 1229 1600 ΙΙ,
1255 1551 1288 1614 9.
1319 1526 1425 1591 Datae
1450 1523 1653 1612 (Calpurnio

412 1633 761 1721 Asprenatileclasse
789 1635 976 1699 Misenensi
1004 1634 1090 1699 duae
1123 1634 1279 1698 triremes
1308 1633 1351 1698 ad
1375 1630 1654 1720 prosequendum

413 1741 548 1826 (salsum
569 1741 765 1828 Neronem).
791 1780 834 1789 -
850 1740 892 1817 ΙΙ,
916 1766 988 1808 roo.
1011 1740 1162 1806 Lucilius
1196 1742 1323 1806 Bassus
1345 1749 1423 1828 post
1453 1739 1652 1827 praelectu-

410 1871 482 1913 ram
498 1848 569 1912 alae
596 1848 785 1913 Ravennati
803 1847 904 1913 simul
926 1872 964 1913 ac
980 1848 1166 1913 Misenensi
1182 1848 1349 1913 classibus
1363 1846 1533 1913 nt'itellio
1551 1869 1652 1934 pree-

413 1955 585 2042 positus...
599 1994 642 2004 -
658 1955 717 2035 ΙΙΙ,
734 1954 785 2019 56.
809 1956 937 2020 Audita
952 1954 1140 2020 deiectione
1165 1955 1370 2020 Misenensis
1384 1953 1505 2020 classis
1529 1952 1652 2042 (Vitel-

415 2061 480 2127 lius
501 2063 668 2148 Mevania)
686 2063 828 2127 llomam
849 2063 1000 2128 revertit.
1018 2100 1062 2114 -
1081 2062 1142 2140 ΙΙΙ,
1166 2065 1219 2151 57.
1242 2062 1394 2127 Classem
1420 2061 1651 2126 Misenensem

417 2169 623 2234 ..Claudius
645 2169 852 2234 Faventinus
877 2171 1041 2235 centurio.
1065 2224 1071 2236 .
1091 2170 1132 2233 ad
1158 2169 1383 2235 delectionem
1410 2169 1525 2248 traxit,
1562 2167 1652 2233 lictis

415 2274 615 2363 Vespasiani
670 2275 825 2364 epistulis
859 2278 1006 2363 pretium
1045 2276 1249 2364 proditionis
1271 2283 1459 2342 ostentans.
1492 2275 1653 2340 Praeerat

413 2384 512 2448 classi
529 2383 691 2448 Claudius
723 2382 973 2470 Apollinaris...
1010 2383 1168 2448 Vitellius
1198 2382 1379 2448 Claudium
1408 2381 1592 2461 lulianum,
1623 2382 1653 2446 is

413 2514 520 2579 nuper
534 2492 677 2555 classem
699 2489 927 2555 Misenensem
948 2491 1043 2555 molli
1061 2491 1202 2578 imperio
1220 2499 1364 2570 rexerat,
1398 2489 1652 2578 permulcendis

414 2598 558 2664 militum
575 2597 697 2662 animis
710 2597 847 2684 delegit.
860 2636 902 2646 —
920 2597 980 2680 ΙΙΙ,
998 2598 1051 2663 60.
1070 2599 1256 2682 (Antonius
1268 2598 1402 2663 Primus
1417 2596 1506 2685 apud
1522 2595 1651 2662 milites

412 2706 640 2790 contionatur)
652 2729 668 2768 a
692 2703 761 2768 lam
776 2704 1005 2770 Misenensem
1025 2704 1168 2770 classem
1197 2713 1230 2770 et
1253 2704 1516 2793 pulcherrimam
1549 2705 1651 2769 Cam-

414 2814 531 2900 paniae
547 2835 638 2876 oram
660 2812 842 2876 descivisse
863 2812 919 2892 (ad
934 2822 1047 2900 partes
1066 2813 1160 2900 suas)
1183 2836 1212 2877 n.

368 2920 538 2985 MISENV
545 2919 590 2984 M.
607 2958 642 2966 -
660 2921 692 2996 4,
716 2919 747 2983 5.
766 2918 898 2984 ltaliam
919 2928 1062 3008 utroque
1078 2920 1162 2985 mari
1187 2920 1274 2984 duae
1309 2919 1449 3000 classes,
1474 2917 1651 2984 Misenum

414 3026 502 3114 apud
518 3034 550 3091 et
568 3026 806 3092 ltavennam...
824 3026 1073 3113 praesidebant.
1106 3067 1144 3076 -
1174 3027 1206 3102 6,
1222 3026 1275 3091 50.
1299 3026 1479 3112 (Tiberius)
1508 3025 1651 3091 mutatis

413 3135 547 3221 saepius
570 3133 653 3198 locis
690 3133 825 3198 tandem
860 3134 949 3221 apud
978 3134 1249 3222 promunturium
1280 3133 1403 3198 Miseni
1430 3132 1588 3198 consedit
1614 3133 1650 3198 in

411 3241 504 3314 villa.
527 3242 580 3306 cui
600 3241 627 3305 L
652 3240 814 3305 Lucullus
830 3241 1001 3328 quondam
1017 3242 1305 3317 dominus-14,
1321 3240 1352 3306 3.
1369 3240 1536 3305 Anicetus
1547 3239 1650 3305 liber·

410 3358 465 3414 tus
481 3349 582 3414 classi
595 3348 684 3436 apud
703 3348 870 3412 Misenum
892 3348 1091 3436 praefectus
1115 3387 1159 3398 -
1179 3354 1227 3424 rt.
1247 3350 1305 3423 t...
1326 3346 1450 3412 Baulos
1487 3346 1525 3411 ld
1546 3346 1650 3413 villae

410 3480 532 3522 nomen
553 3464 615 3521 est.
632 3479 717 3543 quae
739 3457 1010 3543 promunturium
1023 3455 1191 3520 Misenum
1208 3457 1295 3520 inter
1307 3463 1341 3520 et
1355 3455 1518 3520 Baianum
1535 3454 1647 3519 lacum

411 3567 496 3628 llexo
517 3565 600 3628 mari
616 3563 774 3628 adluitur.
800 3601 841 3610 -
861 3567 910 3638 ιά,
927 3589 960 3651 9.
976 3562 1126 3646 (Mortuo
1142 3564 1276 3627 demum
1294 3562 1425 3627 Nerone
1440 3561 1648 3649 Agrippina)

410 3672 671 3736 domesticorum
692 3694 769 3734 cura
785 3671 894 3733 levem
911 3670 1080 3734 tumulum
1101 3671 1230 3757 acecpit
1250 3670 1339 3733 viani
1356 3669 1479 3733 Miseni
1510 3676 1650 3755 propter

408 3788 440 3844 et
455 3779 571 3843 villam
597 3780 751 3843 Caesaris
776 3778 992 3843 dictatorie...
1015 3778 1200 3854 -1.t.62.
1235 3778 1401 3841 Anicetus
1426 3775 1527 3840 classi
1556 3776 1649 3863 apud

412 3887 590 3967 Misenum,
621 3894 656 3948 ut
687 3886 882 3966 memoravi,
914 3885 1174 3972 praelectus-
1212 3887 1261 3952 15.
1298 3884 1351 3960 46.
1381 3883 1647 3958 Gubernatores,

409 3993 563 4079 quamvis
584 3993 754 4056 saeviente
767 3991 899 4078 pelago.
917 4015 935 4055 a
950 3990 1091 4055 Formiis
1106 4014 1240 4055 inovere
1252 3998 1297 4072 et,
1316 3991 1411 4075 gravi
1421 3989 1551 4069 Africo,
1565 3990 1648 4055 dum

411 4099 681 4185 promunturium
698 4098 821 4162 Miseni
851 4122 1009 4184 superare
1034 4097 1256 4172 contendunt,
1299 4097 1462 4161 Cumanis
1491 4095 1649 4163 litoribus

410 4207 648 4293 impacti...—
670 4206 718 4282 15,
748 4209 800 4269 51.
831 4206 920 4269 Nero
954 4205 1060 4270 multo
1099 4205 1187 4292 apud
1228 4204 1386 4270 Puteolos
1420 4211 1453 4269 et
1476 4204 1648 4269 Misenum

410 4314 512 4377 maris
527 4337 591 4377 usu
606 4312 806 4378 laetabatur.

366 4419 694 4485 ΙΙΙΙἸΙΙΙΙΙΙΑΤΙΙδ11
718 4420 853 4503 (.-1).-
878 4443 908 4488 a.
934 4422 986 4483 55.
1010 4419 1071 4483 Cn.
1098 4419 1214 4483 Piso...
1245 4417 1381 4505 oblique
1407 4418 1649 4483 Germanicum

409 4525 651 4612 perstringens,
678 4525 769 4612 quod
800 4526 1073 4604 (Atheniensium
1103 4525 1331 4606 civitatem)...
1355 4524 1513 4589 comitale
1544 4525 1649 4589 nimia

409 4632 592 4698 coluisset:
611 4633 671 4696 hos
684 4633 773 4695 eninr
794 4655 866 4696 esse
882 4631 1089 4696 Mithridatis
1105 4632 1267 4696 adversus
1288 4631 1461 4706 Sullam...
1491 4633 1645 4698 socios...

408 4777 450 4788 —
472 4739 503 4816 3,
518 4738 572 4804 62.
596 4740 772 4825 Magnetes
789 4740 825 4803 l..
848 4739 1014 4826 Scipionis
1030 4747 1062 4803 et
1079 4740 1116 4804 l..
1141 4739 1255 4804 Sullae
1271 4739 1466 4804 constitutis
1489 4738 1647 4805 niteban-

402 4993 407 5026 Ι
426 4991 597 5040 Mithridates
617 4991 756 5054 &epuloni
