3709 6234
745 878 941 931 tcrt‘ltssnvs
1452 878 1482 932 11

250 1004 377 1070 Acrato
406 1025 444 1067 ac
467 1001 624 1068 Secundo
656 1000 843 1070 Carrinate.
877 1001 937 1069 llle
962 1002 1104 1070 libertus
1132 1003 1333 1093 cuicumque
1357 1005 1485 1092 llagitio

251 1117 471 1201 proruptus..
501 1149 537 1161 -
569 1109 677 1188 ibai.
695 1110 816 1197 (Barea
831 1109 982 1176 Soranus
998 1135 1057 1199 pro
1074 1111 1213 1177 consule
1229 1112 1346 1196 Asiae)
1372 1114 1483 1180 vim...

250 1216 399 1282 civitatis
425 1218 666 1305 Pergamenae,
696 1216 908 1305 prohibentis
945 1220 1110 1284 Acratum
1139 1219 1293 1285 Caesaris
1326 1219 1484 1285 libertum

249 1332 380 1390 statuas
404 1334 438 1392 et
452 1325 603 1413 picturas
621 1325 776 1406 avehere,
795 1324 939 1391 inultam
954 1326 1126 1394 omiserat.

200 1431 362 1503 ACTE¹.
398 1472 443 1484 -
473 1433 583 1514 13,12.
615 1432 774 1499 Ceterum
808 1433 951 1498 inlracta
982 1433 1146 1522 paulatim
1186 1435 1336 1522 potentia
1367 1435 1485 1500 matris

248 1541 387 1630 delapso
403 1540 538 1606 Nerone
557 1540 592 1606 in
611 1564 761 1606 amorem
788 1539 927 1606 libertae
947 1541 1001 1606 cui
1022 1539 1226 1607 vocabulum
1250 1544 1337 1607 Acte
1363 1542 1483 1625 luit...,

250 1671 292 1714 ne
307 1647 499 1714 senioribus
513 1647 649 1737 quidem
663 1648 827 1736 principis
846 1647 965 1713 amicis
987 1648 1259 1730 adversantibus,
1288 1649 1485 1716 muliercula

250 1756 343 1821 nulla
358 1757 560 1845 cuiusquam
581 1755 701 1821 iniuria
717 1755 893 1847 cupidines
917 1756 1080 1844 principis
1098 1756 1268 1845 explente.
1296 1797 1340 1805 —
1372 1756 1483 1839 13,(6.

247 1865 427 1954 (Loquitur
443 1864 626 1953 Poppaea).
645 1889 661 1930 a
681 1865 728 1930 At
743 1863 924 1942 Neronem,
937 1863 1065 1952 paelice
1080 1863 1203 1929 ancilla
1214 1871 1248 1929 et
1263 1864 1485 1930 adsuetudine

250 1973 355 2037 ,letes
379 1971 589 2049 devinctum,
620 1971 703 2036 nihil
729 1995 746 2037 e
770 1969 992 2037 contubernio
1026 1971 1141 2036 servili
1169 1971 1235 2036 nisi
1260 1970 1428 2037 abiectum
1453 1981 1487 2037 et

251 2078 427 2143 sordidum
444 2079 601 2146 traxisse.
627 2107 643 2139 o
667 2118 700 2129 -
729 2080 817 2156 ιάμι.
837 2078 955 2145 Tradit
976 2077 1159 2145 Cluvius...
1184 2079 1348 2145 Senecam
1369 2088 1486 2145 contra

250 2185 433 2251 muliebres
451 2187 693 2275 (Agrippinae)
714 2185 902 2252 inlecebras
920 2185 1111 2252 subsidium
1132 2211 1150 2252 a
1173 2186 1296 2253 femina
1324 2187 1487 2275 petivisse

251 2294 507 2383 immissamque
544 2296 655 2359 Acten
689 2293 857 2375 libertam,
898 2317 984 2383 quae
1021 2293 1123 2359 simul
1157 2317 1218 2359 suo
1255 2293 1405 2382 periculo
1453 2303 1487 2360 el

250 2399 388 2465 inlamia
427 2399 571 2467 Neronis
607 2403 707 2467 anxia
738 2401 884 2467 deferret
927 2400 1167 2489 pervulgatum
1195 2424 1270 2467 esse
1319 2402 1485 2467 incestum

249 2508 418 2594 gloriante
469 2517 577 2574 matre
609 2531 671 2573 nec
726 2508 931 2575 toleraturos
975 2508 1102 2574 milites
1148 2509 1279 2596 profani
1324 2508 1487 2599 principis

251 2614 467 2703 imperiumff.

207 2720 426 2798 ACTIACA,
460 2722 538 2789 VM.
572 2761 612 2773 -
636 2721 700 2791 13.
743 2721 823 2809 (Qui
865 2726 1027 2789 extremis
1076 2723 1225 2808 Augusti
1264 2723 1486 2811 temporibus)

250 2831 399 2895 iuniores
421 2831 544 2918 (erant,
571 2831 616 2917 ei)
647 2838 725 2918 post
745 2830 921 2896 Actiacam
947 2832 1167 2897 victoriani...
1188 2832 1259 2895 nati
1286 2836 1422 2919 (erant).
1443 2870 1488 2883 -

255 2940 342 3014 ala.
362 2937 542 3025 (Loquitur
558 2936 796 3024 Germanicus)
820 2965 835 2998 «
856 2939 963 3003 llivus
979 2942 1158 3025 Augustus
1174 2936 1270 3002 vultu
1293 2946 1326 3003 et
1349 2946 1487 3025 aspectu

251 3044 411 3109 Actiacas
444 3042 596 3130 legiones
637 3045 814 3110 exterruit.
850 3075 864 3102 »ι
890 3085 934 3093 -
968 3046 1058 3126 2,53.
1094 3045 1359 3110 Germanicus...
1392 3046 1486 3110 sinus

250 3152 390 3217 Actiaca
402 3151 543 3217 victoria
558 3150 717 3217 inclutos.
741 3206 747 3218 .
765 3152 860 3218 adiit.
887 3195 911 3204 -
939 3152 1030 3230 3‚55.
1048 3152 1205 3219 Luxus...
1225 3174 1372 3228 mensae,
1387 3175 1405 3215 a
1421 3153 1487 3217 line

250 3258 382 3324 Actiaci
405 3256 487 3324 belli
507 3257 550 3323 ad
569 3281 606 3323 ca
622 3282 727 3337 arma,
746 3259 823 3347 quis
838 3258 977 3325 Servius
1002 3259 1111 3324 Galba
1127 3282 1238 3324 rerum
1257 3259 1400 3347 adeptus
1421 3268 1484 3341 est,

250 3388 310 3453 per
323 3388 433 3430 annos
448 3373 585 3431 centum
601 3365 749 3454 prolusis
773 3366 967 3454 sumptibus
996 3367 1177 3433 exerciti...
1195 3403 1239 3415 -
1266 3366 1336 3444 (5.
1365 3366 1484 3430 Proxi-

250 3496 386 3539 mum...
432 3471 564 3537 Galliae
596 3472 679 3539 litus
711 3481 904 3539 constratae
944 3497 1050 3540 naves
1098 3472 1351 3562 praesidebant,
1403 3497 1489 3562 quas

250 3580 392 3646 Actiaca
404 3579 545 3645 victoria
556 3589 672 3668 captas
683 3582 863 3668 Augustus
872 3581 905 3645 in
917 3582 1080 3669 oppidum
1092 3579 1324 3645 Foroiuliense
1335 3581 1484 3646 miserat.

248 3726 290 3736 -
314 3685 423 3753 roal.
442 3686 509 3774 (Ob
523 3688 738 3775 puerperium
763 3687 939 3777 Poppaeae
957 3687 1100 3753 Neronis
1113 3688 1229 3753 uxoris
1244 3688 1416 3752 decretum
1433 3696 1484 3753 est

249 3819 267 3859 a
289 3794 426 3880 senatu)
440 3801 610 3859 certamen
631 3793 674 3858 ad
689 3795 862 3883 exemplar
874 3796 1033 3860 Actiacae
1054 3794 1239 3881 religionis

204 3900 395 3967 sctit-'lt
416 3938 458 3950 -
479 3900 505 3980 l,
529 3926 555 3967 r.
575 3901 760 3989 Postquam
776 3901 939 3967 bellatum
956 3903 1045 3990 apud
1072 3903 1210 3968 Actium
1232 3910 1333 3990 atque
1349 3925 1484 3967 omnem

249 4008 437 4097 potentiam
455 4007 498 4071 ad
518 4031 623 4072 unum
638 4008 784 4073 conlerri
799 4009 892 4097 pacis
908 4009 1072 4076 interluit.

204 4113 521 4181 ‚iCTt'Mssltt's³.
561 4152 606 4166 -
639 4116 748 4191 rr,16.
771 4115 916 4204 (italico)
949 4125 1171 4205 paternum...
1198 4140 1307 4204 genus
1334 4140 1351 4182 e
1381 4117 1486 4184 Floro

249 4223 351 4288 lratre
371 4222 528 4301 Arminii,
553 4230 660 4287 mater
678 4246 720 4287 cx
736 4225 921 4289 Actumero
944 4224 1096 4312 principe
1119 4225 1319 4289 Chattorum
1341 4233 1425 4293 crat.
1443 4265 1487 4277 -

255 4354 365 4417 rr,r7.
385 4328 596 4416 (Disserebat
620 4330 710 4418 apud
721 4354 800 4396 suos
813 4330 966 4420 italicus)
992 4332 1152 4397 virtutem
1179 4333 1426 4419 experirentur,
1443 4358 1485 4400 on

249 4436 391 4522 dignum
408 4459 444 4502 se
464 4445 584 4525 patruo
598 4437 767 4519 Arminio,
785 4462 848 4503 avo
869 4441 1054 4504 Actumero
1069 4438 1078 4479 '¹
1100 4437 1288 4527 praeberet.

240 4668 371 4717 llllnndie
382 4673 461 4719 Acte.
480 4672 593 4723 Peterson.
607 4672 637 4722 C.
654 4671 709 4728 848.

237 4747 249 4783 ²
266 4748 296 4796 t'.
310 4750 402 4807 etianr,
419 4751 455 4810 ιδ,
470 4751 510 4800 13:
531 4759 567 4807 rt.
582 4752 622 4802 63.

238 4831 249 4860 ³
268 4828 389 4879 Paosroe.
403 4846 441 4894 77.
456 4858 482 4867 -
499 4831 606 4888 Strabo,
618 4850 642 4897 7.
657 4848 703 4896 ²9²
714 4849 719 4882 :
732 4835 915 4900 Ὀυκρομήρου.
936 4836 975 4883 lle
991 4836 1109 4883 nominis
1123 4834 1208 4883 lornro
1231 4833 1265 4884 el.
1280 4833 1484 4885 tter-‚tremore

206 4909 337 4958 zeitschr.
351 4910 373 4973 s.
385 4910 507 4962 deuter-lt.
523 4912 655 4970 retieret..
671 4912 716 4961 lx.
727 4914 782 4965 223.

239 4991 250 5026 ⁴
263 4990 290 5051 Ι
305 5007 310 5041 :
326 4994 477 5048 catamare,
