3709 6234
840 887 937 941 ALPES

246 1008 448 1076 ALIENVS
465 1009 681 1088 CAECINA,
699 1032 732 1075 v.
751 1009 973 1099 (CAECINA
988 1009 1215 1094 ALIENVS),

245 1115 394 1183 ALISO.
414 1154 460 1169 -
485 1142 516 1199 2,
533 1143 564 1207 7.
588 1116 680 1183 Inter
694 1115 873 1182 castellum
886 1117 1064 1184 Alisonem
1075 1142 1113 1183 ac
1125 1118 1294 1183 Rhenum.

245 1225 258 1249 '
272 1222 312 1303 Q.
337 1223 577 1303 ALLEDIVS,
595 1250 628 1291 v.
644 1223 685 1302 Q.
704 1223 880 1293 TEDIVS.

243 1331 475 1398 ALLEDIVS
495 1331 700 1399 SEVERVS
713 1332 787 1397 ¹.—
812 1358 862 1410 12,
880 1358 911 1421 7.
932 1332 1130 1400 Claudius...
1149 1334 1529 1422 senatum...ingressus

290 1440 464 1506 decretum
490 1440 652 1528 postulat,
680 1466 746 1532 quo
775 1445 883 1508 iustae
911 1441 1002 1507 inter
1030 1451 1169 1529 patruos
1198 1441 1407 1531 fratrumque
1441 1444 1528 1509 filias

290 1546 427 1635 nuptiae
443 1548 546 1613 etiarn
570 1549 604 1613 in
619 1558 792 1638 posterum
812 1556 1053 1616 statuerentur.
1069 1548 1139 1614 Nec
1169 1555 1284 1614 tamen
1303 1559 1457 1638 repertus
1477 1559 1529 1616 est

289 1656 356 1720 nisi
389 1677 477 1721 unus
507 1654 585 1720 talis
612 1657 819 1723 matrimonii
845 1657 991 1745 cupitor,
1020 1655 1210 1721 Alledius‘²
1246 1656 1393 1722 Severus
1424 1681 1527 1746 eques

290 1763 477 1842 Romame,
517 1784 619 1852 quem
639 1764 791 1854 plerique
807 1763 1017 1851 Agrippinae
1032 1763 1141 1850 gratia
1156 1762 1344 1850 impulsum
1362 1763 1525 1831 serebant.

242 1873 255 1896 ·
271 1869 310 1938 Τ.
343 1868 571 1936 ALLEDIVS
596 1870 814 1951 SEVERVS,
835 1896 868 1937 v.
887 1869 1115 1935 ALLEDIVS
1133 1869 1349 1939 SEVERVS.

242 1978 482 2045 ALLIARIA.
519 2019 561 2029 -
608 2004 639 2060 r,
671 1980 726 2046 53.
764 1978 997 2069 (Sempronius
1025 1978 1212 2068 Gracchus)
1253 1979 1355 2046 breve
1395 1988 1529 2069 tempus

288 2088 423 2177 petivit,
440 2094 478 2153 ut
496 2109 654 2175 suprema
671 2086 831 2152 mandata
846 2087 946 2153 uxori
962 2086 1123 2152 Alliariae
1144 2111 1202 2175 per
1217 2088 1349 2154 litteras
1364 2089 1471 2155 daret.

244 2192 488 2261 ALLIENSIS
505 2194 697 2261 CLADES.
715 2193 818 2275 -ΙΙ,
837 2218 892 2282 9ι.
916 2194 1018 2282 Apud
1030 2194 1244 2262 clvitatem...
1267 2197 1392 2263 funesti
1406 2196 1529 2262 ominis

287 2302 362 2369 loeo
379 2310 555 2392 acceptum
571 2309 633 2380 est,
646 2302 738 2392 quod
753 2302 941 2367 maximum
957 2302 1192 2390 pontificatum
1208 2303 1352 2392 adeptus
1368 2304 1528 2370 Vitellius

287 2410 330 2476 de
348 2410 564 2477 caerimoniis
588 2409 733 2499 publicis
760 2408 823 2476 XV
849 2408 1013 2474 kalendas
1042 2410 1219 2496 Augustas
1243 2411 1418 2496 edixisset,
1441 2412 1528 2476 anti-

287 2518 405 2605 quItus
423 2518 572 2584 infausto
587 2517 642 2583 die
658 2516 871 2582 Cremerensi
887 2515 1100 2606 Alliensique
1116 2516 1282 2583 cladibus

243 2627 255 2648 '
281 2624 320 2691 Τ.
338 2623 503 2692 ALLIVS
516 2622 735 2705 GEMINVS,
748 2647 782 2690 v.
804 2623 997 2689 TVLLIVS
1013 2624 1231 2690 GEMINVS.

242 2731 613 2800 ALLOBROGES.-
623 2732 649 2810 1,
659 2731 713 2798 66.
729 2730 834 2797 Lento
846 2730 967 2797 deinde
979 2732 1113 2818 agmine
1129 2756 1188 2820 per
1204 2733 1289 2798 IInes
1301 2733 1527 2822 Allobrogum

287 2864 326 2907 ae
342 2840 585 2907 Vocontiorum
600 2839 724 2906 ductus
735 2840 904 2904 exercitus
918 2838 1028 2927 (Fabii
1043 2838 1226 2924 Valentis).

242 2947 403 3014 ALPES.
431 2988 477 3000 -
509 2972 558 3030 ιι,
582 2951 635 3025 at.
668 2947 849 3036 (Loquitur
874 2946 1038 3012 Claudius
1071 2946 1208 3037 Caesar)
1229 2970 1235 3016 :
1259 2948 1406 3038 «Neque
1437 2951 1528 3016 enim

290 3057 452 3145 ignoro...
482 3064 655 3145 postremo
682 3055 792 3144 ipsam
826 3053 989 3143 (Italiam)
1014 3055 1056 3119 ad
1088 3055 1196 3143 Alpes
1229 3066 1420 3144 promotam
1437 3082 1528 3125 n.-

294 3166 345 3241 15,
367 3166 421 3231 32.
445 3162 574 3229 Eodem
609 3186 699 3229 anno
724 3162 850 3228 Caesar
877 3162 1032 3228 nationes
1065 3162 1207 3251 Alpium
1232 3168 1477 3233 maritimarum
1492 3168 1527 3232 in

287 3272 341 3336 ius
361 3272 450 3338 Latii
464 3271 705 3338 transtulit-
717 3271 743 3353 I,
763 3270 815 3337 23.
834 3271 984 3336 Labores
1000 3271 1199 3338 itinerum...
1214 3273 1361 3337 atrocius
1376 3273 1527 3361 accipie-

288 3378 425 3459 bantur,
442 3403 519 3446 cunr
552 3379 758 3467 Campaniae
786 3377 880 3444 lacus
901 3387 934 3445 et
963 3379 1112 3444 Achaiae
1136 3379 1238 3444 urbes
1253 3380 1419 3445 classibus
1434 3381 1526 3446 adire

289 3486 380 3553 solili
402 3488 613 3575 Pyrenaeum
640 3495 674 3552 et
703 3486 810 3575 Alpes
833 3495 868 3551 et
882 3487 1048 3551 immensa
1076 3487 1205 3551 viarum
1226 3488 1335 3575 spatia
1348 3512 1447 3576 aegre
1463 3488 1526 3554 sub

288 3593 393 3658 armis
414 3595 634 3661 enIterentur.
659 3634 702 3646 -
722 3593 749 3673 I,
771 3592 826 3661 61.
851 3594 976 3659 Fabius
992 3593 1161 3662 Valens...
1181 3593 1351 3661 Cottianis
1378 3596 1526 3685 Alpibus

291 3700 423 3766 ltaliam
439 3703 674 3791 inrumpere...
702 3703 859 3768 iussus...
877 3743 921 3751 —
941 3702 966 3779 I,
983 3701 1038 3768 66.
1053 3702 1108 3769 Sic
1129 3703 1171 3768 ad
1186 3702 1294 3790 Alpes
1310 3712 1523 3791 perventum.

289 3808 373 3888 -Ι,
391 3833 445 3898 7⁰·
463 3809 664 3893 Caecina...,
697 3810 799 3874 simul
827 3810 1011 3875 transItum
1026 3809 1169 3899 Alpium
1190 3834 1355 3898 parans...
1375 3811 1525 3878 Poenino

290 3917 410 3983 itinere
439 3916 688 4004 subsignanum
713 3917 857 3984 militem
870 3924 904 3983 et
924 3941 1027 4005 grase
1040 3916 1212 4006 legionum
1237 3942 1359 4006 agmen
1375 3919 1526 3985 hibernis

289 4024 399 4091 adhuc
415 4024 565 4113 Alpibus
578 4025 784 4091 transduxit.
802 4063 845 4073 —
861 4025 888 4106 1,
906 4026 960 4113 87.
979 4024 1122 4104 Quando
1138 4026 1308 4091 Poeninae
1326 4026 1525 4115 Cottiaeque

290 4133 396 4223 Alpes
409 4140 443 4200 et
457 4134 561 4200 ceteri
574 4133 765 4200 Galliarum
794 4133 906 4199 aditus
935 4131 1128 4198 Vitellianis
1156 4134 1360 4199 exercitibus
1388 4133 1525 4199 claude-

289 4240 449 4308 bantur...
478 4279 519 4291 -
546 4241 572 4319 Ι,
595 4241 649 4329 89.
669 4238 711 4304 Et
739 4239 883 4304 Caecina
903 4239 970 4303 iam
986 4238 1093 4327 Alpes
1109 4247 1342 4328 transgressus
1362 4242 1524 4307 exstimu-

289 4346 381 4414 labat
392 4346 604 4435 (Othonem).
621 4347 721 4428 -ΙΙ,
744 4371 792 4412 ιι.
810 4346 1037 4433 Transgresso
1050 4348 1118 4413 ianr
1132 4347 1240 4437 Alpes
1250 4349 1407 4427 Caecina,
1423 4373 1524 4437 quem

288 4456 363 4522 sisti
390 4456 481 4523 intra
512 4455 642 4522 Gallias
662 4477 761 4543 posse
790 4461 986 4543 speraverat
1019 4453 1152 4543 (Otho).
1169 4494 1213 4508 —-
1233 4456 1277 4535 ΙΙ,
1312 4480 1362 4523 12.
1387 4456 1525 4523 Blandi-

280 4679 417 4730 ¹Prrosor.
480 4681 502 4728 Γ.

275 4762 286 4796 ²
303 4760 347 4813 U:
363 4680 502 4811 auguill.
518 4760 594 4810 Corr.
612 4762 709 4811 Ritter.
726 4788 756 4797 -
770 4762 894 4826 Llpsius:
913 4762 941 4811 T.
953 4762 1088 4816 Alledius.
1106 4791 1135 4800 -
1150 4783 1163 4813 r
1181 4765 1270 4814 Prima
1286 4767 1376 4816 Ilttera
1391 4768 1524 4824 adhaesit,

242 4842 349 4905 opinor,
365 4857 398 4891 ex
415 4845 574 4904 antegressa
588 4842 725 4892 vocabulo
738 4842 855 4907 cupr'tor.
872 4842 1012 4905 Lipsius...
1028 4844 1155 4908 imperite
1170 4846 1284 4896 otlendit
1296 4847 1427 4897 adversus
1438 4848 1524 4913 legem

242 4939 258 4972 a
280 4938 322 4972 rna
348 4923 382 4972 ad
412 4923 448 4983 ιδ,
473 4922 684 4975 tor-indicatam
716 4943 728 4970 ι
751 4923 883 4989 (Itu-run).
904 4923 991 4981 Quam
1016 4924 1102 4989 Iegem
1126 4943 1152 4979 x.
1177 4928 1203 4977 in
1230 4931 1294 4978 nota
1320 4931 1352 4978 ad
1379 4928 1523 4980 Caninium

245 5004 379 5056 Rebilum.
