3709 6234
397 871 412 924 l

413 871 448 924 78
995 875 1081 928 netto

442 1013 615 1080 ltaliam...
635 1049 675 1064 —-
697 1013 741 1093 ΙΙ,
764 1015 817 1091 54.
836 1013 971 1080 Coenus
991 1015 1134 1081 libertus
1150 1011 1306 1080 Neronis.
1326 1012 1429 1094 -ll,
1449 1015 1503 1084 58.
1517 1013 1681 1078 Lucceius

441 1121 588 1186 Albinus
603 1121 826 1210 (procurator)
847 1146 865 1186 a
886 1122 1020 1189 Nerone
1043 1121 1275 1188 Mauretaniae
1300 1119 1513 1186 Caesariensi
1542 1143 1680 1209 praepo-

440 1230 537 1298 situs.
560 1268 603 1278 -
633 1229 677 1302 ΙΙ,
700 1229 753 1296 66.
778 1230 916 1295 ltemitti
940 1229 1281 1319 (quartadecimanos)
1298 1229 1332 1294 in
1348 1229 1575 1308 Britanniam,
1591 1228 1679 1293 unde

440 1361 458 1402 a
483 1337 614 1402 Nerone
644 1337 743 1402 acciti
772 1346 879 1414 erant,
910 1337 1039 1425 placuit
1069 1337 1246 1424 (Vitellio).
1271 1376 1314 1387 -
1340 1336 1383 1419 ll,
1402 1361 1456 1425 7¹·
1474 1335 1632 1424 Namque
1646 1344 1678 1400 et

440 1444 608 1510 Neronem
629 1446 740 1534 ipsum
759 1444 918 1510 Vitellius
939 1446 1161 1512 admiratione
1181 1443 1386 1522 celebrabat,
1403 1443 1525 1509 sectari
1541 1453 1677 1510 cantan-

439 1560 506 1618 tem
522 1552 654 1632 solitus,
671 1576 738 1617 non
753 1553 969 1626 necessitate,
984 1577 1052 1644 qua
1064 1553 1326 1618 honestissimus
1340 1552 1497 1642 quisque,
1520 1552 1583 1618 sed
1597 1552 1677 1618 luxu

439 1668 471 1726 et
491 1661 628 1746 saginae
648 1662 859 1749 mancipatus
880 1669 1121 1750 emptasque...
1150 1660 1320 1725 Pedanius
1342 1658 1443 1726 Costa
1466 1659 1676 1748 (designatus

438 1767 570 1853 consul)
610 1767 778 1833 omittitur
809 1771 841 1852 (a
877 1769 1041 1858 Vitellio),
1080 1769 1234 1855 ingratus
1263 1766 1408 1855 principi
1438 1773 1476 1832 ut
1514 1767 1675 1833 adversus

438 1874 604 1940 Neronem
626 1899 728 1940 ausus
748 1883 782 1941 et
798 1876 948 1962 Verginii
964 1874 1213 1943 exstimulator.
1235 1913 1278 1924 —
1304 1874 1347 1949 ΙΙ,
1364 1873 1417 1964 76.
1447 1873 1575 1964 (Verba
1599 1875 1675 1941 lacit

438 1982 525 2071 apud
554 1982 799 2071 Vespasianum
837 1983 1029 2072 Mucianus)
1074 1982 1193 2047 «Non
1222 1982 1386 2047 adversus
1412 1981 1489 2046 Divi
1527 1981 1675 2070 Augusti

438 2091 634 2156 acerrimam
650 2099 798 2157 mentem
815 2115 876 2157 nec
890 2092 1053 2157 adversus
1067 2091 1299 2157 cautissimam
1312 2089 1436 2155 Tiberii
1452 2098 1671 2166 senectutem,

437 2220 479 2264 ne
500 2207 616 2264 eontra
631 2199 707 2264 Gaii
726 2199 861 2287 quidem
887 2206 945 2264 aut
971 2199 1104 2264 Claudii
1123 2198 1178 2264 vel
1204 2197 1348 2263 Neronis
1370 2197 1548 2263 fundatam
1574 2197 1672 2284 longo

437 2306 578 2395 imperio
605 2307 744 2372 domum
772 2308 1029 2394 exsurgimus...
1056 2309 1110 2371 An
1131 2307 1257 2372 excidit
1287 2306 1475 2372 trucidatus
1498 2305 1671 2371 Corbulo?

438 2414 647 2502 splendidior
662 2415 790 2503 origine
807 2439 908 2504 quam
924 2439 986 2480 nos
1002 2438 1131 2494 sumus,
1143 2413 1262 2497 latcor,
1277 2414 1335 2480 sed
1350 2421 1384 2479 et
1397 2412 1487 2479 Nero
1498 2413 1672 2479 nobilitate

437 2522 783 2590 nataliumVitellium
799 2523 961 2589 anteibat.
974 2563 1017 2572 -
1033 2523 1077 2603 ll,
1090 2521 1143 2586 86.
1163 2521 1350 2608 (Antonius
1361 2521 1496 2586 Primus
1510 2521 1671 2609 septimae

435 2629 561 2717 legioni
580 2629 766 2696 Galbianae
786 2630 952 2716 legatusa
977 2629 1085 2696 Galba
1101 2629 1326 2718 praepositus)
1341 2627 1474 2718 legibus
1493 2652 1623 2695 nocens
1641 2636 1672 2694 et

436 2744 586 2825 tempore
601 2735 745 2801 Neronis
766 2736 841 2801 lalsi
864 2736 1046 2802 damnatus
1064 2737 1152 2801 inter
1170 2735 1235 2800 alia
1256 2735 1338 2801 belli
1356 2734 1446 2800 mala
1465 2735 1671 2802 senatorium

436 2843 588 2908 ordinem
604 2844 859 2930 reciperaverat.
881 2844 984 2918 -ll,
1002 2845 1056 2933 95.
1075 2845 1217 2912 Laetum
1235 2843 1429 2909 foedissimo
1447 2843 1571 2932 cuique
1585 2842 1672 2932 apud

435 2949 542 3014 bonos
557 2950 703 3015 invidiae
723 2950 797 3028 suit,
816 2951 907 3039 quod
922 2953 1105 3017 exstructis
1125 2953 1158 3017 in
1173 2976 1292 3040 eampo
1307 2951 1431 3016 Martio
1446 2949 1514 3015 aris
1535 2950 1671 3017 inferias

436 3055 561 3123 Neroni
587 3058 722 3123 lecisset
745 3059 945 3148 (Vitellius).
981 3099 1023 3109 -
1049 3059 1109 3136 ΙΙΙ,
1142 3061 1173 3128 a.
1200 3060 1321 3125 Arrius
1350 3057 1501 3124 Varus...
1533 3060 1671 3124 seeretis

434 3164 523 3252 apud
554 3162 723 3231 Neronem
744 3165 957 3230 sermonibus
983 3165 1152 3232 ferebatur
1173 3165 1377 3231 Corbulonis
1397 3165 1542 3230 virtutes
1558 3164 1670 3232 crimi-

434 3282 545 3339 natus.
563 3309 607 3324 -
627 3270 687 3345 ΙΙΙ,
706 3272 759 3337 62.
772 3273 915 3361 (Fabius
936 3273 1078 3361 Valens)
1091 3274 1219 3339 ludicro
1242 3272 1453 3338 luvenalium
1463 3272 1527 3338 sub
1539 3271 1670 3339 Nerone

432 3381 524 3444 velut
538 3404 579 3445 cx
604 3381 816 3453 necessitate,
833 3405 912 3445 mox
925 3390 1044 3468 sponte
1059 3382 1180 3446 mimos
1195 3381 1358 3446 actitavit.
1377 3420 1420 3430 —
1437 3379 1497 3460 ΙΙΙ,
1520 3380 1576 3444 68,
1597 3377 1669 3445 Nox

432 3496 465 3552 et
481 3488 634 3575 ignotum
656 3512 712 3552 rus
731 3488 842 3574 lugam
861 3488 1005 3553 Neronis
1021 3487 1279 3555 absconderant.
1299 3527 1339 3538 -
1369 3487 1427 3569 IV,
1446 3511 1476 3575 7.
1491 3488 1670 3576 (Loquitur

433 3594 610 3660 llelvidius
641 3596 790 3683 l'riscnsl
833 3626 847 3656 a
875 3597 1006 3662 ...Satis
1024 3596 1156 3684 (Epriol
1179 3595 1351 3672 Marcello,
1382 3594 1471 3684 quod
1500 3595 1668 3661 Neronem

431 3703 463 3767 in
483 3703 622 3767 exitium
649 3711 697 3767 tot
722 3704 952 3768 innocentium
974 3704 1187 3791 impulerit...
1209 3731 1223 3764 n
1248 3743 1291 3752 -
1322 3702 1380 3776 lV,
1398 3703 1430 3769 8.
1458 3703 1669 3792 (Respondet

432 3810 552 3896 liprins
570 3810 766 3882 llaruellusl
806 3839 820 3871 a
841 3811 957 3876 ...Non
977 3813 1084 3898 magis
1113 3836 1171 3877 sua
1192 3811 1341 3877 oratione
1360 3810 1541 3874 Thraseam
1567 3833 1667 3899 (luam

432 3917 554 3980 iudicio
589 3926 726 3981 senatus
757 3919 947 3999 adllictum3
995 3921 1170 3985 saevitiam
1201 3918 1345 3984 Neronis
1384 3942 1442 4006 per
1471 3919 1544 3983 eius
1578 3918 1668 3984 modi

432 4025 597 4109 imagines
613 4025 782 4103 inlusisse,
801 4050 862 4090 nec
879 4027 990 4090 minus
1005 4027 1067 4091 sibi
1085 4029 1219 4092 anmam
1241 4027 1342 4092 talem
1363 4026 1546 4091 amicitiam
1566 4051 1666 4116 quam

431 4132 506 4196 aliis
537 4132 722 4197 exilium.»
754 4172 784 4183 -
808 4133 864 4200 ΙΙΙ,
894 4133 943 4199 ι3.
979 4134 1122 4200 lnicctac
1143 4138 1177 4218 (a
1207 4133 1347 4199 Fonteio
1370 4132 1533 4220 Capitone
1569 4133 1666 4222 lulio)

433 4240 533 4305 Civili
560 4248 710 4308 catenae.
736 4240 926 4328 missusque
957 4241 999 4305 ad
1027 4242 1238 4307 Neronem...
1269 4242 1392 4329 (esa...
1426 4276 1471 4289 -
1507 4240 1565 4320 lV,
1612 4245 1665 4319 Ar.

430 4347 640 4413 Sariolenum
656 4347 819 4412 Voculam
840 4356 872 4412 et
888 4348 1036 4413 Nonium
1047 4350 1221 4415 Attianum
1242 4358 1275 4413 et
1290 4348 1439 4414 Cestium
1457 4348 1623 4414 Severum
1643 4400 1663 4416 ..

430 4454 555 4519 crebris
576 4454 664 4542 apud
688 4455 854 4519 Neronem
874 4456 1101 4521 delationibus
1118 4457 1306 4522 famosos...
1323 4454 1378 4518 ad
1395 4454 1552 4520 Paccium
1568 4457 1666 4522 Atri-

429 4587 549 4628 eanum
571 4565 771 4650 transgressi
786 4567 992 4650 (senatores)
1008 4589 1085 4629 eum
1099 4588 1231 4653 quoquc
1251 4563 1465 4651 proturbant,
1490 4570 1665 4653 tamquam

430 4671 555 4735 Neroni
594 4671 788 4735 Scribonios
828 4672 948 4737 [ratres
991 4672 1168 4737 concordia
1208 4670 1395 4759 opibusque
1434 4669 1585 4757 insignes
1624 4673 1665 4738 ad

427 4779 566 4843 exitium
589 4780 855 4844 monstravisset.
875 4817 917 4828 -
945 4781 1001 4858 ll',
1024 4779 1095 4857 ΙΙΙ.
1118 4779 1272 4868 (Aquilio
1294 4778 1484 4867 Regulo)...
1516 4781 1665 4846 occurrit

415 5005 420 5040 ¹
440 5006 468 5053 ln
480 5007 575 5055 codem
591 5022 651 5070 cap.
667 5007 722 5056 lob.
742 5006 839 5056 lltillcr
853 5006 991 5057 coniecit:
1011 5011 1105 5072 sponte
1122 5008 1245 5057 Caesaris
1257 5013 1298 5070 (z
1313 5007 1444 5070 beronis)
1462 5007 1664 5060 accusationem
