3709 6234
786 865 996 921 Genuamcvs
1480 865 1534 921 325

290 1015 356 1076 tur.
379 1030 495 1089 r-2‚
516 1008 570 1098 78.
597 1008 718 1074 Piso...
749 1007 904 1073 missis...
934 1006 978 1072 ad
1005 1006 1176 1074 Tiberium
1209 1009 1365 1097 epistulis
1399 1009 1533 1074 incusat

291 1115 532 1181 Germanicum
544 1115 646 1181 luxus
662 1123 695 1181 et
707 1113 897 1203 superbiae.
924 1152 969 1166 —
981 1139 1011 1194 2,
1030 1139 1084 1204 79.
1104 1116 1282 1183 Sentius...
1304 1139 1430 1205 quos...
1451 1117 1533 1183 Ger-

243 1289 245 1296 ,
291 1224 414 1289 manici
429 1247 596 1289 memores
605 1232 663 1289 aut
678 1222 824 1288 inimicis
833 1223 905 1287 eius
917 1222 1078 1288 adversos
1087 1232 1305 1310 cognoverat,
1318 1224 1530 1292 contrahit...

289 1369 332 1384 -
347 1355 377 1409 α,
396 1336 436 1398 82
466 1332 513 1397 At
529 1332 669 1409 llomae,
687 1338 869 1419 postquam
886 1331 1081 1396 Germanici
1112 1330 1270 1398 valetudo
1308 1331 1530 1419 percrebruit,

289 1437 397 1518 dolor,
415 1439 475 1520 ira,
491 1446 525 1505 et
544 1437 768 1527 erumpebant
783 1445 965 1527 questus...
993 1437 1093 1504 Forte
1120 1438 1359 1526 negotiatores,
1395 1439 1533 1504 vivente

291 1546 609 1612 adhchermanico
621 1545 717 1611 Suria
727 1546 866 1633 egressi,
879 1545 1019 1611 laetiora
1027 1546 1069 1611 de
1081 1544 1274 1612 valetudine
1285 1547 1357 1612 eius
1367 1546 1531 1613 adtulere.

288 1690 333 1704 -
357 1678 388 1734 α,
418 1653 472 1720 83.
502 1653 668 1730 Honores,
689 1659 728 1718 ut
752 1654 828 1741 quis
857 1676 972 1719 amore
1000 1654 1034 1718 in
1056 1653 1295 1719 Germanicum
1316 1662 1374 1719 aut
1394 1653 1532 1740 ingenio

290 1759 436 1837 validus,
467 1761 590 1849 reperti
622 1761 873 1848 decretique...,
910 1784 996 1826 neve
1025 1762 1102 1849 quis
1127 1762 1249 1826 flamen
1274 1769 1332 1827 aut
1358 1784 1467 1849 augur
1497 1761 1531 1826 in

288 1867 401 1935 locum
426 1869 619 1934 Germanici
657 1868 722 1933 nisi
756 1868 867 1956 gentis
895 1868 999 1934 luliae
1023 1876 1232 1935 crearetur...
1257 1868 1423 1956 Equester
1450 1869 1533 1934 ordo

292 1997 437 2042 cuneum
459 1976 651 2041 Germanici
664 1975 860 2064 adpellavit,
879 1976 935 2064 qui
952 1976 1120 2042 iuniorum
1141 1976 1327 2042 dicebatur.
1355 2015 1394 2024 -
1423 2002 1453 2055 2,
1476 1979 1531 2052 84.

291 2083 432 2150 Recenti
460 2082 570 2148 adhuc
590 2083 758 2148 maestitia
784 2107 880 2148 soror
907 2084 1101 2149 Germanici
1131 2083 1237 2163 Livia,
1269 2092 1375 2172 nupta
1405 2084 1529 2162 Druso,

292 2191 378 2256 duos
393 2191 501 2256 virilis
519 2215 621 2256 sexus
642 2190 743 2256 simul
766 2191 864 2255 enixa
885 2199 978 2256 est...
1001 2190 1068 2256 Sed
1089 2191 1214 2280 populo
1242 2191 1301 2257 tali
1325 2191 1360 2256 in
1384 2199 1533 2279 tempore

290 2298 324 2363 id
340 2322 475 2387 quoquc
489 2298 640 2364 dolorem
667 2298 757 2379 tulit,
774 2306 950 2387 tamquam
965 2307 1085 2364 auctus
1105 2299 1220 2364 liberis
1242 2299 1373 2363 Drusus
1394 2299 1532 2363 domum

289 2405 481 2472 Germanici
502 2407 610 2493 magis
639 2413 786 2494 urgeret.
804 2444 848 2455 —
868 2407 900 2486 3,
923 2431 950 2471 r.
968 2406 1129 2472 Adventu
1155 2407 1394 2495 (Agrippinae)
1417 2406 1532 2471 audito

289 2514 429 2579 intimus
454 2515 599 2602 quisque
619 2514 804 2579 amicorum
825 2520 859 2578 et
877 2513 1030 2602 plerique
1056 2514 1231 2594 militareS,
1259 2521 1296 2579 ut
1319 2514 1444 2602 quique
1469 2512 1533 2578 sub

293 2620 495 2686 Germanico
512 2622 683 2709 stipendia
697 2620 902 2698 fecerant...,
914 2645 1010 2686 ruere
1031 2622 1073 2686 ad
1088 2621 1248 2709 oppidum
1269 2620 1529 2689 brundisium...

288 2767 331 2778 -
363 2728 394 2807 3,
427 2755 457 2794 2.
493 2728 623 2794 Drusus
652 2729 866 2794 Tarracinam
902 2753 1102 2817 progressus
1135 2737 1187 2795 est
1226 2753 1347 2796 cum...
1373 2729 1529 2797 liberis...

291 2837 496 2913 Germanici,
531 2838 588 2923 qui
619 2837 651 2900 in
683 2836 764 2901 urbe
799 2836 973 2902 luerunt...
1010 2836 1180 2903 Aberat...
1216 2836 1378 2911 adulatio,
1418 2837 1532 2923 gnaris

288 2943 446 3008 omnibus
470 2942 594 3008 laetam
609 2942 742 3007 Tiberio
762 2943 956 3008 Germanici
976 2951 1119 3009 mortem
1146 2944 1233 3010 male
1252 2944 1471 3009 dissimulari.
1491 2982 1532 2995 -

293 3050 326 3129 3,
341 3049 374 3118 5.
394 3050 500 3114 Fuere
520 3051 619 3139 qui...
637 3051 724 3137 (cum
745 3050 915 3138 exsequiis
931 3051 1137 3137 Germanici)
1149 3059 1426 3139 compararent...
1448 3075 1533 3140 quac

289 3158 324 3222 in
355 3157 504 3221 Drusum
535 3165 666 3244 patrem
696 3156 890 3222 Germanici
923 3157 1051 3222 honora
1090 3167 1124 3224 et
1157 3158 1336 3243 magnilica
1351 3159 1531 3245 Augustus

291 3265 465 3333 lecisset...
484 3267 531 3331 nt
546 3265 746 3331 Germanico
771 3287 812 3330 nc
839 3265 960 3330 solitos
983 3265 1120 3353 quidem
1147 3273 1180 3330 et
1207 3266 1406 3353 cuicumque
1427 3264 1532 3329 nobili

291 3374 424 3440 debitos
440 3373 584 3438 honores
600 3373 796 3458 contigisse.
817 3411 857 3423 -
887 3373 919 3452 3,
944 3375 976 3438 8.
1002 3374 1133 3437 Drusus
1158 3371 1315 3439 Pisoni...
1344 3372 1529 3460 respondit,

293 3480 436 3549 ...malle
450 3480 535 3545 falsa
552 3483 616 3566 (ea,
639 3481 775 3568 quaein
796 3503 873 3544 eum
898 3480 1100 3568 iacerentur)
1136 3488 1149 3545 t
1164 3480 1288 3556 inania,
1302 3502 1363 3543 nee
1373 3479 1530 3567 cuiquam

293 3596 437 3654 mortem
459 3588 651 3652 Germanici
677 3588 855 3653 exitiosam
883 3610 970 3653 esse.
986 3624 1030 3637 -
1046 3587 1077 3662 3,
1104 3610 1153 3652 ιο.
1177 3588 1302 3652 Gontra
1322 3585 1480 3651 Vitellius
1499 3596 1532 3653 ct

291 3694 457 3761 Veranius
476 3695 645 3783 ceterique
665 3695 905 3759 Germanicum
932 3694 1083 3759 comitati
1110 3692 1294 3759 tendebant
1318 3692 1429 3758 nullas
1457 3717 1531 3761 esse

288 3803 586 3892 partesTrioni...,
609 3825 685 3868 se...
705 3802 862 3867 mandata
890 3801 1084 3867 Germanici
1112 3800 1312 3888 perlaturos.
1340 3840 1383 3850 —
1409 3800 1441 3883 3,
1477 3825 1510 3866 rr

288 3910 437 3975 Adrecta
470 3911 563 3974 omni
587 3910 736 3991 civitate,
767 3916 894 3997 quanta
926 3909 1010 3974 tides
1047 3909 1164 3974 amieis
1198 3909 1402 3988 Germanici,
1444 3933 1530 3997 quae

290 4017 412 4082 fiducia
433 4041 488 4082 reo
509 4016 588 4106 (Cn.
615 4017 758 4102 Pisoni).
786 4056 829 4066 —
850 4018 881 4098 3,
911 4042 961 4082 ra.
985 4017 1046 4082 Die
1067 4025 1206 4082 senatus
1227 4017 1396 4102 (Tiberius
1415 4016 1531 4082 disse·

290 4123 413 4210 ruit)...
446 4123 644 4189 Pisonem...
672 4122 903 4187 adiutorem..
931 4123 1132 4187 Germanico
1152 4122 1269 4188 datum
1293 4146 1312 4187 a
1337 4145 1372 4188 se
1393 4131 1530 4189 auctore

291 4237 410 4296 senatu
431 4230 531 4295 rebus
544 4230 631 4317 apud
648 4231 821 4295 Orientem
842 4229 1161 4296 administrandis...
1186 4259 1201 4291 (ι
1229 4230 1331 4296 ...Sin
1358 4229 1530 4297 lacinus...

291 4336 471 4422 detegitur,
495 4360 556 4400 vos
575 4360 654 4401 vero
679 4344 712 4401 et
741 4336 866 4400 liberos
885 4337 1079 4401 Germanici
1104 4344 1136 4402 et
1170 4359 1232 4400 nos
1246 4343 1405 4425 parentes
1433 4338 1531 4403 iustis

291 4443 425 4508 solaciis
445 4443 620 4509 adlicite...
643 4442 759 4531 Neque
784 4466 877 4508 reum
898 4443 1072 4531 prohibeo,
1097 4466 1164 4531 quo
1187 4444 1298 4508 minus
1314 4452 1435 4509 cuncta
1451 4469 1529 4534 pro-

292 4550 389 4627 lerat,
408 4550 587 4638 quibuS...,
604 4551 632 4614 si
651 4573 717 4638 qua
738 4550 800 4615 luit
818 4551 980 4638 iniquitas
999 4550 1204 4626 Germanici,
1225 4552 1363 4638 coargui
1379 4552 1529 4639 possit...

294 4656 331 4721 ld
356 4657 466 4723 solum
487 4658 688 4722 Germanico
713 4680 814 4746 super
833 4657 925 4744 leges
949 4657 1230 4744 praestiterimus
1261 4658 1352 4746 quod
1376 4659 1411 4723 in
1440 4660 1531 4726 curia

291 4765 405 4853 potius
438 4786 540 4853 quam
573 4765 608 4829 in
642 4764 755 4831 toro...
796 4764 838 4829 de
871 4771 979 4829 morte
1008 4765 1081 4829 eius
1105 4765 1307 4853 anquiritur.
1338 4804 1381 4814 —
1417 4765 1448 4843 3,
1479 4766 1529 4833 ι3.

290 4871 545 4960 (Accusatores)
562 4871 714 4937 obiecere
735 4870 811 4937 odio
831 4871 1024 4937 Germanici
1043 4880 1077 4938 et
1100 4895 1211 4937 rerum
1232 4895 1397 4939 novarum
1417 4873 1530 4938 studio

287 4978 387 5066 (Cn.)
404 4979 561 5044 Pisonem
574 4978 698 5066 vulgus
711 4978 898 5046 militum...
917 4979 1164 5069 corrupisse...,
1181 4988 1299 5046 eontra
1314 4980 1348 5045 in
1364 4981 1530 5069 optimum
