3709 6234
364 848 415 905 192
877 844 1005 898 nlncvs
1024 845 1142 898 CICERO

404 990 499 1071 bant,
522 1013 589 1078 quo
606 987 740 1076 plenius
753 985 956 1051 ludaeorum
972 992 1005 1051 et
1022 984 1295 1051 Christianorum
1311 984 1430 1072 religio
1445 982 1640 1064 tolleretur3

406 1088 531 1178 quippe
542 1088 602 1151 has
618 1084 811 1171 religioneS,
828 1082 908 1149 licet
927 1083 1114 1149 contrarias
1130 1083 1205 1162 sihi,
1221 1082 1329 1148 isdem
1345 1091 1458 1149 tamen
1474 1081 1516 1147 ab
1529 1089 1644 1147 aucto·

405 1195 498 1260 ribus
514 1193 694 1284 prolectas,
713 1191 926 1257 Christianos
939 1214 981 1256 ex
997 1191 1130 1256 ludaeis
1145 1190 1376 1277 exstitisse...)

362 1302 642 1371 ClBYllATlCA
667 1300 859 1368 ClVlTAS.
876 1339 919 1349 -
934 1305 967 1382 l,
984 1302 1035 1367 13.
1052 1302 1197 1368 Facta...
1220 1309 1354 1367 auctore
1368 1298 1531 1386 (Tiberio)
1545 1323 1643 1364 sena-

405 1420 461 1478 tus
479 1410 647 1485 consulta,
662 1416 702 1473 ut
725 1408 855 1473 civitati
883 1408 1098 1496 Cibyraticae
1124 1409 1214 1497 apud
1233 1409 1393 1475 Asiam...
1418 1415 1512 1473 motu
1537 1415 1644 1473 terrae

402 1518 578 1585 labefactis
595 1515 835 1581 subveniretur
850 1517 1050 1581 remissione
1061 1516 1179 1582 tributi
1195 1517 1230 1580 in
1244 1516 1440 1581 triennium.

360 1624 549 1693 MARCVS
564 1621 745 1699 CICERO,
767 1622 1014 1689 CICERO¹.-
1029 1626 1062 1704 Δ,
1082 1622 1135 1702 34.
1155 1624 1336 1713 (Loquitur
1351 1622 1545 1688 Cremutius
1561 1622 1644 1688 Cor-

403 1734 482 1821 dus)
498 1759 514 1798 a
537 1732 687 1799 ...Marci
716 1730 889 1796 Ciceronis
919 1731 1020 1811 libro,
1051 1755 1118 1820 quo
1153 1732 1317 1802 Catonem
1347 1731 1439 1797 caelo
1470 1731 1640 1820 aequavit,

403 1841 485 1930 quid
499 1839 591 1905 aliud
607 1839 754 1904 dictator
783 1837 919 1920 Caesar,
944 1862 1046 1927 quarn
1069 1838 1232 1926 rescripta
1257 1838 1421 1919 oratione,
1445 1838 1539 1903 velut
1553 1837 1643 1925 apud

404 1948 544 2028 iudices
569 1945 768 2034 respondit?
786 1973 801 2006 n
822 1982 865 1995 -
891 1946 930 2024 0,
954 1970 1004 2012 12.
1041 1947 1224 2036 (Loquitur
1258 1946 1450 2031 Maternus)
1490 1946 1646 2012 «Plures

403 2056 502 2121 hodie
522 2054 683 2141 reperies
706 2054 765 2141 qui
785 2053 960 2118 Ciceronis
976 2053 1120 2140 gloriam
1136 2077 1238 2143 quam
1270 2055 1329 2143 qui
1344 2054 1486 2140 Vergilii
1506 2054 1643 2118 detrec-

404 2171 488 2228 tent.
510 2162 656 2226 n-15.
680 2160 863 2249 (Loquitur
888 2160 1067 2246 Messalla)
1104 2162 1245 2228 «Video
1279 2161 1381 2227 etiam
1411 2160 1522 2225 Graiis
1555 2162 1644 2226 acci-

404 2270 508 2350 disse,
530 2279 568 2334 ut
583 2267 720 2355 longius
735 2267 826 2332 absit
845 2268 889 2331 ab
910 2268 1081 2333 Aeschine
1097 2276 1131 2333 et
1156 2268 1385 2335 Demosthene
1400 2268 1566 2334 Sacerdos
1580 2268 1643 2332 iste

402 2376 581 2443 Nicetes...
600 2399 702 2464 quam
724 2374 927 2463 (Domitius)
956 2375 1039 2440 Aser
1072 2383 1131 2442 aut
1146 2374 1283 2464 (lulius)
1313 2376 1495 2442 Africanus
1509 2385 1642 2441 autres

403 2485 468 2573 ipsi
491 2510 510 2549 a
530 2484 693 2549 Cicerone
715 2489 774 2547 aut
799 2483 921 2547 Asinio
957 2483 1193 2550 recessistis».
1213 2522 1253 2535 -
1275 2483 1322 2549 16.
1341 2484 1521 2574 (Loquitur
1536 2484 1642 2573 Aper)

405 2592 490 2676 «Si,
522 2598 560 2656 ut
589 2590 708 2657 Cicero
736 2590 771 2654 in
799 2590 983 2655 Hortensio
1022 2591 1151 2671 scribit,
1180 2591 1209 2656 is
1242 2599 1294 2658 est
1321 2614 1465 2679 magnus
1485 2599 1519 2657 et
1542 2613 1644 2655 verus

404 2721 609 2787 annusque
641 2696 759 2763 eadem
779 2688 908 2786 positio
938 2697 1024 2763 caeli
1053 2698 1283 2787 siderumque,
1301 2722 1480 2788 quaecum
1496 2698 1642 2763 maxime

402 2814 465 2887 est,
484 2828 619 2873 rursum
639 2804 824 2871 exsistet...
844 2829 861 2869 n
874 2840 919 2855 -
939 2828 989 2892 ¹7·
1014 2833 1029 2866 «
1053 2805 1256 2871 Nostrorum
1284 2813 1477 2893 temporum
1506 2805 1641 2871 disertis

402 2921 606 3002 anteponere
622 2911 782 2978 soletis...
799 2911 998 2978 Ciceronem
1019 2921 1052 2978 et
1068 2912 1250 2988 Caesarem
1276 2922 1310 2979 et
1334 2913 1488 2983 Caelium
1506 2920 1539 2979 et
1556 2911 1641 2980 Cal-

402 3043 483 3085 vum
497 3027 531 3086 et
546 3020 689 3085 Brutum
715 3027 748 3084 et
768 3019 927 3085 Asinium
961 3027 995 3085 et
1023 3019 1251 3088 Messalam...
1271 3020 1316 3086 Vt
1330 3020 1371 3085 de
1387 3020 1551 3086 Cicerone
1567 3020 1641 3108 ipso

401 3128 532 3217 loquar,
564 3127 676 3193 Hirtio
696 3150 818 3214 nempe
837 3135 871 3192 et
896 3126 1009 3192 Pansa
1023 3128 1234 3204 consulibus,
1251 3135 1290 3193 ut
1303 3128 1381 3193 Tiro
1411 3127 1554 3194 libertus
1569 3127 1641 3193 eius

401 3236 530 3313 scribit,
546 3235 690 3323 septimo
706 3234 783 3298 idus
799 3235 1000 3300 Decembres
1019 3234 1152 3301 occisus
1168 3243 1261 3302 est...
1285 3235 1430 3302 Centum
1453 3243 1487 3302 et
1519 3235 1642 3322 viginti

401 3344 479 3408 anni
495 3342 537 3408 ab
556 3342 697 3408 interitu
709 3341 883 3408 Ciceronis
903 3344 938 3407 in
959 3344 1049 3407 hunc
1064 3343 1154 3408 diem
1170 3342 1392 3430 colliguntur,
1410 3343 1513 3408 unius
1525 3342 1635 3407 homi-

398 3452 451 3516 nis
470 3458 564 3516 aetas
583 3501 605 3517 ..
624 3452 742 3538 Aeque
761 3450 852 3515 idem
869 3460 903 3515 et
923 3450 1106 3517 Caesarem
1126 3452 1238 3539 ipsum
1254 3460 1288 3516 et
1303 3452 1503 3517 Ciceronem
1523 3450 1640 3515 audire

399 3560 511 3647 potuit
523 3567 556 3624 et
575 3559 703 3622 nostris
728 3582 862 3647 quoque
888 3558 1080 3623 actionibus
1108 3559 1283 3626 interesse.
1304 3587 1318 3620 n
1336 3597 1378 3607 -
1399 3562 1448 3625 18.
1468 3559 1640 3624 «Vtinam

398 3666 493 3732 nulla
509 3674 604 3754 parte
619 3667 776 3731 imitatus
792 3673 884 3731 esset
896 3666 1062 3752 (oratores
1089 3689 1167 3732 vere
1196 3667 1370 3755 antiquos)
1389 3666 1515 3731 Calvus
1530 3674 1642 3733 vester

400 3781 457 3839 aut
473 3772 609 3839 Caelius
629 3781 688 3837 aut
708 3773 781 3859 ipse
807 3772 967 3838 Cicero...
985 3772 1130 3859 (Catone
1157 3782 1190 3838 et
1205 3773 1244 3838 C.
1267 3774 1433 3861 Graccho)
1449 3773 1642 3839 distinctior

400 3888 433 3946 et
446 3879 607 3944 urbanior
636 3888 670 3944 et
701 3878 801 3944 altior
817 3879 948 3956 Cicero,
966 3879 1129 3945 Cicerone
1151 3879 1265 3945 mitior
1279 3880 1447 3947 Corvinus
1460 3888 1494 3946 et
1509 3880 1641 3945 dulcior

400 3986 483 4052 etin
494 3984 606 4050 verbis
627 3986 736 4072 magis
754 3984 990 4052 elaboratus...
1008 3986 1099 4051 Satis
1116 3994 1249 4053 constat
1276 4010 1317 4052 ne
1333 3987 1489 4053 Ciceroni
1503 3988 1639 4077 quidem

400 4093 644 4160 obtrectatores
660 4092 820 4173 defuisse,
837 4091 1107 4180 quibusinssatus
1122 4101 1156 4159 et
1171 4103 1306 4160 tumens
1318 4118 1378 4160 nec
1389 4096 1472 4161 satis
1487 4119 1638 4184 pressus,

399 4201 459 4266 sed
487 4223 589 4288 supra
621 4199 759 4264 modum
792 4199 970 4265 exsultans
1000 4208 1033 4265 et
1067 4204 1281 4289 superfluens
1305 4211 1339 4268 et
1358 4227 1478 4290 parum
1504 4203 1641 4269 Atticus

346 4315 350 4321 '
400 4308 582 4373 videretur.
610 4307 756 4393 Legistis
770 4309 888 4396 utique
911 4314 945 4373 et
960 4306 1059 4373 Calvi
1073 4316 1107 4374 et
1122 4309 1217 4375 Bruti
1243 4310 1286 4375 ad
1301 4310 1499 4376 Ciceronem
1515 4312 1639 4376 missas

397 4414 573 4503 epistulae,
601 4414 788 4502 exquibus
817 4413 916 4479 facile
946 4423 998 4480 est
1027 4414 1281 4503 deprehendere
1319 4417 1465 4484 Calvum
1503 4419 1638 4507 quidem

396 4522 551 4589 Ciceroni
578 4522 690 4586 visum
709 4544 918 4608 exsanguem
949 4530 982 4587 ct
1008 4523 1154 4601 aridum,
1187 4524 1329 4589 Brutum
1345 4532 1458 4590 autem
1492 4526 1638 4590 otiosum

397 4638 498 4719 atque
531 4629 748 4708 diiunctum3
772 4653 957 4718 rursusque
992 4630 1192 4696 Ciceronem
1212 4655 1230 4697 a
1254 4631 1359 4697 Calvo
1387 4631 1524 4721 quidem
1551 4633 1638 4698 male

398 4737 532 4802 audisse¹
560 4745 732 4824 tamquam
754 4736 903 4801 solutum
933 4744 967 4802 et
994 4761 1202 4819 enervem,a
1229 4738 1333 4804 Bruto
1366 4747 1520 4805 autem...
1552 4750 1640 4806 tam·

388 4967 394 5000 ¹
414 4966 451 5017 M.
467 4966 572 5014 Tullius
586 4966 689 5015 Cicero.
