3709 6234
670 863 831 918 vstunlvs
851 864 996 918 uasssts
1420 858 1474 915 699
1509 923 1514 932 Ι

192 1002 421 1070 vainans
438 1004 681 1086 reaumaus,
699 1004 940 1073 inuisum.
957 1045 1001 1056 -
1016 1008 1134 1086 isto.
1158 1003 1473 1071 nominationibus

234 1120 305 1177 erat
324 1113 523 1200 praetorius,
550 1112 653 1178 simul
671 1113 772 1201 longa
790 1121 937 1192 senecta,
966 1113 1066 1180 simul
1094 1112 1238 1179 orbitate
1272 1121 1305 1179 et
1332 1114 1474 1201 pecunia

236 1220 368 1285 insidiis
383 1219 563 1288 obnoxius,
582 1222 621 1287 lli
640 1222 850 1310 propinquus
865 1221 1020 1288 Valerius
1047 1220 1229 1300 Fabianus,
1259 1219 1493 1330 capessendiq

235 1327 420 1393 honoribus
439 1328 641 1407 destinatus,
675 1328 826 1395 subdidit
853 1336 1138 1395 testamentum...
1171 1328 1278 1414 Igitur
1304 1326 1475 1393 Fabianus

235 1433 368 1499 tabulas
381 1436 493 1514 sociis,
514 1460 602 1526 quos
613 1438 857 1518 memoravi...
875 1436 1047 1523 obsignat.
1065 1434 1163 1514 Quod
1172 1435 1260 1523 apud
1273 1442 1386 1522 patres
1396 1457 1475 1499 con-

235 1542 375 1621 rictum,
398 1552 431 1608 et
449 1542 620 1610 Fabianus
640 1545 878 1632 Antoniusque
897 1544 1062 1632 (Primus)
1078 1566 1156 1608 eum
1168 1542 1324 1630 (Vinicio)
1351 1542 1474 1606 llulino

235 1657 268 1714 et
283 1650 439 1716 Terentio
462 1651 634 1738 (Lentino)
648 1650 722 1739 lege
737 1650 895 1718 Cornelia
906 1650 1122 1718 damnantur.
1137 1687 1181 1699 -
1199 1651 1248 1730 rt,
1271 1650 1325 1726 dr.
1349 1648 1475 1714 Percu-

236 1756 276 1822 lit
296 1758 324 1821 is
350 1757 423 1823 dies
445 1758 643 1847 Pompeium
663 1781 798 1848 quoque
824 1759 1062 1837 Aelianum...,
1078 1766 1250 1847 tamquam
1269 1757 1472 1844 flagitiorum

239 1864 377 1930 Fabiani
389 1889 543 1953 gnarum.

195 1971 422 2038 VALEttle
452 1974 628 2052 FESTVS,
652 1974 852 2040 FESTt'St
878 1972 984 2050 -ll,
1015 1979 1070 2063 98.
1106 1974 1158 2038 Ac
1181 1973 1289 2061 primo
1319 1971 1474 2038 Valerius

237 2079 357 2145 Festus
386 2080 518 2166 legatus
548 2082 719 2169 (legionis)
752 2081 864 2147 studia
890 2081 1097 2169 (provinciae
1122 2080 1271 2168 Africae)
1307 2104 1383 2145 cum
1408 2079 1473 2144 lide

236 2187 321 2253 iuvit
338 2208 345 2269 ;
369 2211 446 2252 mox
461 2188 615 2270 nutabat,
631 2188 742 2278 palam
756 2188 911 2277 epistulis
924 2188 1112 2277 edictisque
1125 2186 1313 2253 Vitellium.
1332 2186 1475 2252 occultis

236 2295 364 2360 nuntiis
393 2297 634 2383 Vespasianum
663 2296 794 2364 fovens.
813 2335 853 2346 -
876 2295 934 2377 IV,
969 2299 1023 2385 (9.
1049 2295 1116 2361 Sed
1139 2303 1212 2361 tum
1247 2295 1416 2381 legionem
1439 2294 1473 2360 in

237 2402 352 2467 Africa
368 2402 506 2489 regebat
522 2405 549 2465 t'
552 2403 676 2469 alerius
692 2405 717 2469 F
720 2411 825 2480 estus,
846 2411 1066 2492 sumptuosae
1091 2402 1339 2468 adulescentiae
1365 2424 1473 2492 neque

235 2511 516 2599 modicacupiens
532 2520 564 2578 ct
580 2512 755 2578 adfinitate
771 2511 898 2579 Vitellii
920 2512 1084 2577 anxius...
1105 2549 1149 2559 —
1169 2511 1227 2588 ll',
1248 2509 1301 2576 50.
1322 2508 1388 2576 Sed
1415 2510 1474 2575 ubi

238 2618 336 2684 Festo
364 2621 592 2685 consternatio
624 2619 731 2709 vulgi,
772 2621 980 2686 centurionis
1007 2618 1250 2708 supplicium...
1282 2617 1470 2696 innotuere,

234 2727 365 2814 equites
381 2728 415 2791 in
428 2750 545 2792 necem
558 2728 693 2793 Pisonis
714 2727 956 2815 (proconsulis)
971 2727 1102 2793 mittit..
1136 2726 1257 2791 Festus
1270 2724 1472 2800 Adrumet0,

234 2832 291 2897 ubi
311 2833 587 2922 speculabundus
602 2834 812 2914 substiterat,
830 2835 871 2899 ad
885 2835 1054 2922 legionem
1073 2832 1259 2900 contendit.
1282 2885 1289 2899 .

193 2939 420 3006 t'ALEltlt'S
437 2941 678 3009 MillllNl'Sl.
695 2942 796 3021 -ΙΙ,
815 2966 869 3030 7¹·
883 2941 1056 3007 Valerium
1076 2941 1244 3005 Marinum
1268 2938 1473 3006 destinatum

236 3070 254 3111 a
270 3046 380 3112 Galba
402 3049 720 3115 eonsulemdistulit
733 3048 935 3138 (Vitellius),
952 3048 1045 3114 nulla
1063 3049 1203 3128 ollensa,
1218 3048 1278 3113 sed
1299 3048 1416 3112 mitem
1441 3055 1474 3113 et

236 3155 392 3220 iniuriam
408 3158 557 3242 segniter
573 3156 733 3223 laturum.

192 3261 448 3350 (t'nnltrtIVS)
466 3263 677 3329 MESSALA
694 3262 894 3329 COlll'lNV
897 3263 933 3343 S,
946 3286 978 3330 v.
994 3262 1216 3328 MESSALA.

192 3368 434 3455 (VALERIVS
463 3369 702 3458 MESSALA),
730 3369 942 3436 MESSALA
971 3368 1209 3449 l'ALElthS,
1243 3366 1472 3433 VALEltlvs

237 3474 536 3555 MESSALlNVS,
556 3476 815 3543 MESSALINV
818 3477 841 3541 S
853 3476 877 3542 ³.
891 3513 934 3525 -
954 3501 980 3553 1,
993 3479 1024 3542 8.
1041 3475 1199 3541 Addebat
1215 3473 1361 3540 Messala
1373 3474 1473 3540 Vale-

237 3584 306 3647 rius
331 3583 562 3648 renovandum
584 3608 644 3672 per
665 3607 772 3649 annos
793 3591 1041 3649 sacramentum
1071 3584 1105 3648 in
1135 3605 1257 3648 nomen
1278 3581 1413 3647 Tiberii.
1430 3619 1473 3630 -υ

237 3691 269 3766 ΖΙ,
298 3692 346 3755 ι8.
370 3690 563 3777 (Tiberius),
588 3715 665 3757 cum
690 3690 846 3757 Valerius
869 3690 1075 3756 Messalinus
1101 3691 1237 3778 signum
1270 3713 1409 3754 aureum
1439 3689 1473 3753 in

236 3796 318 3862 aede
338 3796 458 3863 Martis
475 3798 642 3866 l'ltoris..
661 3799 896 3886 (statuendum
909 3796 1347 3884 censuisset),prohibuit...
1363 3794 1473 3860 Addi-

236 3903 333 3969 derat
347 3904 554 3970 Messalinus
572 3905 704 3970 'liberio
720 3912 754 3970 et
773 3907 950 3993 Augustae
967 3911 1001 3970 et
1019 3905 1190 3970 Antoniae
1210 3911 1244 3969 et
1266 3903 1473 3991 Agrippinae

239 4011 415 4100 Drusoque
429 4011 472 4076 ob
491 4013 676 4077 vindictam
699 4013 892 4078 Germanici
920 4021 1035 4100 grates
1063 4013 1223 4098 agendas,
1247 4011 1473 4099 omiseratque

238 4117 372 4184 Claudii
392 4122 608 4186 mentionem.
628 4121 669 4186 Et
685 4119 906 4186 Messalinum
922 4119 1057 4208 quidem
1086 4120 1123 4188 L.
1153 4120 1327 4206 Asprenas
1353 4125 1474 4184 senatu

234 4249 347 4292 coram
368 4235 585 4315 percontatus
604 4236 668 4300 est.
686 4251 728 4292 an
748 4225 897 4315 prudens
912 4227 1140 4315 praeterisset.
1168 4264 1210 4276 -
1244 4224 1278 4306 3,
1295 4225 1350 4302 34.
1373 4223 1472 4290 Vale-

236 4335 305 4399 rius
327 4334 543 4415 Messalinus
569 4336 623 4401 cui
644 4358 765 4423 parens
789 4333 948 4404 Messala.
976 4334 1151 4424 ineratque
1173 4333 1284 4419 imago
1313 4340 1472 4420 paternae

237 4442 424 4523 facundiae,
437 4443 611 4531 respondit
631 4442 808 4530 (Caecinae
819 4443 1000 4529 Severo)...

225 4762 232 4794 ί
250 4758 457 4821 C,Ca1petanus
473 4755 746 4811 ltantiusQuirinulis
764 4755 888 4803 Valerius
907 4755 1012 4802 Festus.
1031 4752 1154 4804 Pnosor..
1171 4750 1199 4806 C,
1216 4752 1267 4808 aar.

223 4842 234 4876 Ι
255 4841 283 4892 Ρ.
300 4839 424 4887 Valerius
440 4836 571 4886 Marinus.
587 4837 766 4899 Pn0s01·.,76;
785 4836 820 4884 cl.
838 4836 878 4899 75.

221 4923 233 4954 ³
251 4921 289 4970 M.
308 4920 430 4968 Valerius
448 4916 580 4966 Coruinus
595 4917 709 4966 Messala
726 4918 765 4966 set
778 4916 951 4976 Messalinus,
975 4914 1045 4964 ttlius
1063 4913 1110 4975 (M.
1130 4913 1244 4972 Valerii}
1261 4910 1394 4972 Messalae
1408 4909 1471 4972 Cor·

194 5003 257 5067 s'ipi.
275 5027 306 5038 -
323 4999 444 5064 Pnosor..
460 4998 500 5062 93.
