3709 6234
850 876 935 930 NERO
953 877 1038 932 uiuo
1526 880 1581 937 479

346 1015 432 1081 truci
452 1017 604 1083 oratione
616 1016 754 1082 Curtius
770 1018 997 1085 Montanus...
1016 1047 1031 1085 ιι
1050 1020 1122 1084 Hoc
1138 1029 1239 1099 certe,
1256 1021 1376 1109 inquit,
1399 1023 1488 1089 Nero
1510 1049 1578 1090 non

344 1124 456 1212 coegit
477 1147 539 1191 nec
563 1125 764 1212 dignitatem
793 1133 851 1191 aut
879 1126 1024 1193 salutem
1052 1126 1109 1192 illa
1130 1128 1270 1194 saevitia
1294 1129 1509 1196 redemisti...
1532 1133 1577 1198 Te

342 1255 498 1298 securum
515 1232 753 1322 reliquerat...,
771 1234 856 1299 nihil
871 1235 962 1323 quod
982 1259 1024 1300 ex
1044 1243 1075 1301 te
1091 1236 1342 1325 concupisceret
1365 1238 1466 1320 Nero,
1494 1240 1577 1305 nihil

343 1340 433 1429 quod
462 1341 637 1410 timeret...
670 1342 756 1407 Cum
792 1343 973 1428 segnitiam
1007 1343 1150 1409 Neronis
1177 1344 1368 1428 incusares,
1399 1346 1489 1436 quod
1519 1371 1578 1434 per

342 1447 497 1536 singulas
526 1449 645 1514 domos
674 1473 776 1539 seque
801 1458 834 1515 et
854 1450 1023 1516 delatores
1056 1452 1233 1539 fatigaret:
1258 1477 1355 1540 posse
1382 1455 1577 1520 universum

341 1564 496 1622 senatum
511 1580 579 1622 una
598 1581 680 1622 voce
696 1556 887 1623 subverti...
905 1559 960 1622 An
976 1558 1143 1624 Neronem
1159 1567 1347 1626 extremum
1363 1561 1576 1627 dominorum

342 1664 493 1753 putatis?
528 1664 621 1730 Idem
654 1665 871 1731 crediderunt
900 1667 956 1754 qui
984 1666 1129 1743 Tiberio,
1167 1668 1226 1756 qui
1262 1669 1346 1733 Gaio
1379 1669 1578 1758 superstites

342 1770 491 1854 luerunt,
514 1795 591 1837 cum
612 1772 748 1837 interim
773 1772 1001 1838 intestabilior
1014 1782 1048 1840 et
1062 1774 1193 1839 saevior
1204 1783 1343 1841 exortus
1362 1785 1455 1843 cst...
1479 1776 1578 1842 lilan-

340 1879 490 1967 guimus‚
507 1887 621 1968 patres
638 1880 833 1969 conscripti.
857 1905 917 1946 nec
938 1881 1004 1946 iam
1024 1881 1081 1948 ille
1097 1891 1235 1949 senatus
1250 1908 1378 1965 sumus,
1395 1885 1451 1974 qui
1468 1886 1578 1950 occiso

341 1985 475 2053 Nerone
490 1987 657 2054 delatores
674 1997 707 2054 et
720 1989 894 2054 ministros
919 2013 1011 2054 more
1036 1990 1201 2056 maiorum
1230 1991 1419 2079 puniendos
1448 1993 1578 2080 flagita·

341 2093 412 2161 bat.
437 2123 453 2156 u
469 2133 513 2144 -
528 2094 585 2174 lu,
601 2096 654 2173 43.
672 2096 704 2159 Α
724 2096 823 2161 laude
839 2096 951 2162 Cluvii
969 2098 1045 2163 lluli
1061 2122 1171 2175 orsus,
1189 2099 1247 2187 qui
1271 2100 1410 2187 perinde
1432 2100 1527 2166 diues
1546 2109 1579 2166 et

341 2201 533 2292 eloquentia
550 2204 663 2269 clarus
682 2203 769 2269 nulli
787 2227 949 2293 umquam
977 2204 1040 2270 sub
1066 2205 1198 2272 Nerone
1223 2207 1409 2294 periculum
1426 2207 1579 2273 lacessis-

341 2319 404 2377 set.
419 2348 460 2361 -
478 2310 536 2391 IV,
554 2313 609 2389 44.
634 2311 825 2390 Mucianus,
847 2335 889 2377 ne
909 2313 1023 2399 sperni
1043 2322 1182 2379 senatus
1206 2314 1367 2380 iudicium
1392 2324 1426 2381 et
1447 2316 1577 2381 cunctis

340 2417 404 2483 sub
420 2418 552 2484 Nerone
567 2419 724 2483 admissis
737 2419 813 2484 data
830 2420 1014 2508 impunitas
1027 2420 1208 2502 videretur,
1222 2421 1400 2488 Octavium
1410 2423 1576 2509 Sagittam

337 2533 371 2591 ct
400 2525 588 2592 Antistium
613 2527 835 2594 Sosianum...
865 2551 1020 2615 egressos
1050 2528 1190 2593 exilium
1222 2530 1255 2593 in
1284 2529 1419 2595 easdem
1447 2531 1577 2595 insulas

340 2633 480 2721 redegit.
498 2671 543 2684 -
565 2634 605 2714 V,
638 2658 686 2699 ιο.
712 2633 776 2698 t'bi
804 2636 951 2723 (Cestius
972 2635 1092 2701 Gallus
1117 2636 1234 2723 Syriae
1254 2637 1402 2725 legatus)
1427 2637 1495 2703 lato
1518 2646 1577 2704 aut

340 2740 452 2806 taedio
472 2741 567 2827 (belli
585 2741 724 2820 Iudaici)
742 2742 877 2824 occidit,
900 2744 1007 2808 missu
1031 2743 1175 2809 Neronis
1194 2745 1464 2833 Vespasianus..
1488 2746 1577 2812 intra

340 2847 426 2914 duas
440 2857 586 2915 aestates
607 2858 728 2916 cuncta
753 2873 992 2939 camporum...
1025 2851 1152 2918 victore
1185 2854 1335 2919 exercitu
1358 2853 1505 2920 tenebat.
1533 2891 1579 2905 —

340 2956 385 3021 A.
412 2955 445 3024 6.
468 2957 656 3046 (Agricola)
680 2982 806 3045 gnarus
836 2959 898 3023 sub
931 2958 1064 3025 Nerone
1090 2967 1294 3049 temporum,
1311 2960 1436 3050 quibus
1456 2959 1576 3028 inertia

337 3087 398 3152 pro
413 3065 577 3154 sapientia
594 3064 698 3132 luit...
717 3066 854 3132 Electus
867 3091 885 3130 a
899 3066 1007 3132 Galba
1023 3067 1067 3132 ad
1078 3067 1165 3133 dona
1183 3068 1387 3157 templorum
1415 3093 1575 3156 recogno·

339 3172 462 3238 scenda
476 3172 736 3260 diligentissima
747 3175 993 3262 conquisitione
1008 3173 1097 3252 lecit,
1111 3198 1153 3241 ne
1166 3178 1261 3242 cuius
1277 3176 1416 3243 alterius
1430 3177 1573 3243 sacrilo-

337 3279 430 3367 gium
452 3304 505 3346 res
526 3280 660 3369 publica
689 3305 789 3371 quarn
810 3282 955 3346 Neronis
975 3283 1149 3351 sensisset.
1184 3322 1228 3334 -
1257 3283 1311 3361 45.
1344 3283 1432 3350 Nero
1461 3293 1574 3351 tamen

338 3386 505 3454 subtraxit
532 3387 648 3453 oculos
668 3412 748 3453 suos
767 3389 933 3478 iussitque
949 3389 1087 3462 scelera,
1111 3413 1178 3455 non
1195 3391 1376 3478 spectavit;
1396 3389 1574 3481 praecipua

337 3495 400 3561 sub
418 3496 611 3562 Domitiano
628 3497 838 3562 miseriarum
854 3506 1014 3585 parserat
1035 3498 1150 3563 videre
1170 3505 1203 3563 et
1216 3498 1364 3585 aspici...
1384 3538 1423 3550 -
1455 3499 1491 3563 0.
1522 3521 1571 3562 ιι.

337 3604 518 3695 (Loquitur
556 3603 726 3671 Curiatius
755 3606 943 3694 Maternus)
980 3634 994 3665 ιι
1022 3606 1231 3671 llecitatiouc
1280 3605 1572 3693 tragoediarum...

336 3712 468 3800 ingredi
483 3712 607 3778 lamam
623 3713 817 3801 auspicatus
828 3738 915 3788 sum,
933 3737 1008 3778 curu
1023 3713 1158 3802 quidem
1171 3714 1204 3778 in
1221 3712 1369 3779 Nerone¹
1386 3714 1573 3803 improbam

336 3828 371 3886 et
384 3820 573 3886 studiorum
590 3844 723 3909 quoque
739 3845 833 3885 sacra
849 3821 1083 3908 profanantem
1100 3821 1226 3886 Vatinii
1242 3823 1428 3909 potentiam
1444 3821 1543 3907 fregi.
1557 3849 1572 3880 u

336 3966 380 3979 —
403 3953 452 4018 ¹7·
471 3955 486 3989 ιι
511 3930 566 3993 uis
582 3937 764 4016 quaternos
780 3929 885 3994 denos
896 3928 1030 3994 Claudii
1047 3937 1078 3994 et
1095 3928 1238 3993 Neronis
1253 3929 1395 3996 annos'l.
1422 3958 1437 3989 ιι

292 4033 415 4102 NERO
433 4034 603 4100 FALSl'S
617 4037 640 4100 ²³.
658 4036 744 4116 -Ι,
764 4060 794 4102 2.
819 4037 908 4102 llota
930 4060 1033 4124 prope
1048 4037 1148 4102 etiam
1171 4035 1374 4102 Parthorum
1390 4060 1482 4102 arma
1498 4037 1574 4103 lalsi

336 4143 480 4210 Neronis
494 4142 653 4209 ludibrio.

290 4248 413 4317 uano
430 4250 564 4331 oum,
588 4275 620 4314 ι.
640 4251 761 4316 oruo
782 4250 824 4337 (ι,
844 4250 910 4339 78).

290 4445 397 4496 subim
412 4446 557 4512 (Aquilius
577 4445 708 4510 lupulus)
724 4462 790 4508 pro:
808 4449 904 4509 sponte
920 4461 934 4494 e
957 4461 1045 4504 rra...
1058 4448 1131 4511 quod
1148 4448 1231 4496 habet
1244 4447 1279 4497 ΙΙ.
1301 4474 1329 4485 -
1358 4448 1573 4499 Orelli-bleiser:

290 4529 387 4592 sponte
400 4542 497 4576 senum
515 4527 699 4575 consularium
717 4527 948 4578 accusationem...

323 4606 418 4660 ιΑ6;
438 4607 465 4656 in
485 4608 606 4658 Nerone:
625 4607 661 4658 B:
681 4606 708 4654 in
730 4607 881 4667 Neroneum·
895 4608 987 4656 Osann
1011 4625 1016 4657 :
1037 4608 1064 4657 in
1086 4609 1230 4658 Nerouiis:
1249 4609 1311 4659 Luc.
1332 4609 1464 4658 Mucllcr:
1487 4610 1572 4674 impc-

290 4691 368 4738 rdute
381 4689 502 4737 Nerone:
515 4689 559 4736 alii
577 4690 636 4736 alia.
657 4689 696 4735 (ll.
711 4689 967 4737 Ouarar-Asuuium
984 4693 1011 4738 ct
1028 4691 1170 4738 thursunu.

321 4769 382 4822 Μ’.
399 4771 480 4818 etiarn
503 4785 537 4820 ra.
555 4787 576 4824 ι,
601 4778 643 4826 .12;
666 4770 700 4820 13.
717 4777 740 4828 4,
754 4770 777 4820 6,
797 4770 819 4820 8,
839 4778 877 4826 at,
897 4770 937 4828 26,
959 4771 1114 4834 28‚51.:·=t;
1135 4779 1170 4828 ¹·l.
1188 4772 1211 4830 5,
1236 4772 1261 4830 6,
1280 4771 1305 4830 8,
1325 4771 1403 4835 ι3-ι7,
1421 4773 1460 4829 28,
1475 4774 1514 4828 45.
1531 4774 1570 4830 54,

289 4850 328 4905 56,
347 4851 392 4910 64;
413 4852 450 4904 ιῖι,
467 4852 489 4906 5,
512 4868 534 4913 7,
557 4868 591 4913 17,
613 4858 653 4908 aa,
672 4850 709 4908 26,
727 4868 764 4913 ²7-
785 4851 824 4908 34,
841 4851 924 4901 3688.
948 4851 1047 4914 oo.6o3
1065 4853 1100 4903 ιδ,
1119 4851 1141 4905 8.
1158 4851 1182 4911 6,
1204 4853 1238 4901 13.
1256 4851 1294 4904 27.
1313 4851 1394 4912 2831.
1415 4852 1569 4915 .49;11.62;

289 4933 323 4981 A.
340 4932 363 4979 5.

319 5010 330 5046 ³
348 5011 471 5061 Ourissus
489 5016 530 5061 cst
548 5014 574 5060 in
591 5013 712 5062 tunicor..
733 5010 772 5060 Cf.
787 5012 819 5062 ll.
837 5013 859 5068 8,
879 5028 931 5077 sq..
947 5013 980 5062 de
996 5013 1046 5062 hoc
1058 5017 1086 5062 ct
1097 5013 1155 5062 aliis
1175 5013 1251 5062 falsis
1264 5013 1428 5063 Neronibus.
