3709 6234
285 841 339 896 608
752 844 930 897 unussncvs
950 846 1097 899 SCAVRVS

286 984 335 1051 M.
353 984 572 1065 SCAVRVS,
590 984 828 1051 SC.·lVRVS¹.
847 1024 886 1035 -
909 987 941 1063 3,
964 986 1019 1051 66.
1037 988 1229 1051 Mamercus
1249 986 1388 1074 antiqua
1412 985 1577 1075 exempla

330 1093 521 1174 iaciens,
541 1093 578 1157 P.
594 1093 760 1157 Rutilium
776 1117 794 1157 a
815 1094 863 1160 M.
881 1091 1009 1159 Scauro
1026 1093 1258 1181 (accusatum).
1282 1092 1490 1158 Videlicet...
1514 1093 1577 1157 ille

331 1200 489 1279 Scaurus,
507 1223 607 1288 quem
629 1223 793 1288 proavum
809 1224 908 1267 suum
933 1200 1152 1289 obprobrium
1181 1202 1346 1265 maiorum
1377 1200 1576 1264 Mamercus

332 1306 448 1372 infami
463 1330 565 1394 opera
579 1307 866 1374 dehonestabat...
881 1348 924 1357 —
944 1310 989 1374 A.
1013 1334 1039 1374 1.
1069 1308 1225 1397 Plerique
1250 1332 1344 1372 suam
1372 1308 1437 1395 ipsi
1462 1308 1574 1372 vitam

333 1436 468 1480 narrare
483 1412 640 1479 fiduciam
656 1414 769 1502 potius
789 1438 921 1479 morum
941 1439 1042 1504 quam
1059 1414 1292 1502 adrogantiam
1311 1413 1462 1479 arbitrati
1476 1421 1572 1490 sunt,

332 1544 393 1585 nec
406 1521 439 1585 id
457 1521 626 1587 Rutilioet
640 1522 766 1586 Scauro
782 1521 865 1587 citra
879 1521 981 1587 fidem
994 1530 1052 1588 aut
1067 1522 1304 1588 obtrectationi
1321 1522 1394 1587 fuit.
1407 1560 1448 1572 -
1462 1521 1500 1587 0.
1512 1520 1570 1610 39.

334 1628 455 1692 «Satis
474 1636 608 1694 constat
621 1626 660 1693 C.
679 1627 872 1693 Cornelium
888 1637 922 1694 ct
941 1628 990 1695 M.
1018 1632 1182 1696 Scaurum
1210 1638 1243 1695 et
1275 1629 1312 1695 T.
1346 1628 1509 1716 Milonem
1538 1635 1575 1693 et

333 1736 371 1801 l..
385 1736 534 1801 Bestiam
546 1745 580 1802 et
600 1737 637 1801 P.
657 1737 830 1802 Vatinium
844 1760 1009 1803 concursu
1037 1740 1142 1804 totius
1169 1738 1317 1804 civitatis
1333 1744 1366 1802 et
1391 1744 1572 1802 accusatos

333 1849 367 1906 et
378 1842 548 1909 defensos.
565 1871 580 1904 n

289 1948 546 2016 MAMERCVS
568 1950 787 2028 SCAVRVS,
823 1951 1005 2016 solvat
1007 1954 1042 2031 S,
1064 1951 1334 2032 MAMERCVS,
1361 1949 1570 2018 SCAVRVS

334 2057 591 2124 MAMERCVS
605 2057 630 2125 ‘².
653 2098 696 2110 -
716 2084 743 2136 r,
770 2057 820 2123 ι3.
834 2059 944 2124 Etiam
961 2061 1001 2138 Q.
1026 2060 1186 2126 Haterius
1201 2068 1234 2126 et
1250 2060 1440 2125 Mamercus
1465 2058 1571 2124 Scau·

334 2188 391 2230 rus
411 2167 621 2253 suspicacem
649 2166 803 2253 (Tiberii)
830 2167 980 2231 animum
1002 2169 1286 2255 perstrinxere...,
1318 2169 1464 2233 Scaurus
1488 2166 1568 2254 quia

333 2272 476 2354 dixerat,
496 2297 590 2361 spem
607 2297 723 2339 esse...
747 2275 922 2355 Scaurum,
953 2275 1005 2339 cui
1030 2275 1267 2363 inplacabilius
1289 2274 1506 2353 irascebatur,
1526 2273 1571 2337 si-

332 2380 438 2446 lentio
453 2382 609 2447 tramisit.
620 2420 661 2431 -
678 2381 709 2462 3,
724 2381 776 2446 23.
795 2384 921 2448 Scauro
937 2383 961 2463 ³,
979 2384 1038 2471 qui
1053 2383 1157 2448 filiam
1168 2407 1210 2448 ex
1226 2382 1381 2471 (Lepida)
1391 2388 1568 2470 genuerat.

333 2488 449 2554 datum
465 2512 506 2554 ne
527 2488 613 2553 bona
634 2488 899 2576 publicarentur.
923 2528 958 2539 -
986 2490 1017 2567 3,
1043 2490 1097 2557 31.
1122 2490 1249 2557 Contra
1269 2490 1468 2578 (Domitium
1485 2488 1570 2555 Cor-

332 2595 507 2684 bufonem)
518 2596 708 2662 Mamercus
724 2598 871 2663 Scaurus
898 2604 933 2661 et
952 2597 988 2662 l..
1012 2599 1196 2663 Arruntius
1211 2598 1335 2686 aliique
1356 2597 1470 2663 Sullae
1490 2620 1569 2684 pro·

334 2703 451 2792 pinqui
475 2703 712 2784 nitebantur..,
734 2704 955 2769 Satisfactum
978 2702 1164 2770 Corbuloni
1183 2729 1243 2793 per
1268 2705 1489 2784 Mamercum,
1510 2704 1569 2791 qui

332 2818 472 2898 patruus
484 2810 585 2876 simul
599 2835 638 2877 ac
653 2811 794 2876 vitricus
809 2810 923 2876 Sullae
940 2819 974 2876 et
993 2820 1164 2877 oratorum
1189 2836 1226 2876 ca
1246 2820 1355 2877 aetate
1378 2811 1570 2877 uberrimus

332 2925 414 2982 erat.
433 2957 477 2966 —
495 2918 526 3000 3,
551 2918 604 2983 66.
628 2918 666 2987 C.
691 2917 844 2983 Silanum
861 2942 921 3006 pro
953 2919 1093 2985 consule
1116 2920 1230 2997 Asiae,
1256 2919 1519 3007 repetundarum
1551 2941 1570 2981 a

332 3026 432 3090 sociis
447 3026 670 3113 postulatum,
687 3026 879 3091 Mamercus
891 3027 1066 3091 Scauruse
1082 3026 1328 3103 consularibus,
1344 3023 1461 3091 lunius
1478 3024 1569 3091 Otho

334 3141 478 3220 praetor,
509 3133 705 3198 Bruttedius
727 3133 831 3220 Niger
856 3133 974 3199 aedilis
997 3134 1098 3199 simul
1123 3135 1309 3222 corripiunt
1332 3132 1570 3220 obiectantque

333 3240 496 3306 violatum
517 3240 665 3328 Augusti
681 3264 819 3322 numen,
837 3249 984 3330 spretam
1001 3242 1123 3307 Tiberii
1139 3242 1361 3307 maiestatem.
1379 3241 1570 3306 Mamercus

334 3350 470 3436 antiqua
486 3348 641 3435 exempla
657 3349 806 3413 iaciens.
819 3403 839 3424 .,
856 3349 894 3413 P.
914 3350 1079 3413 Rutilium
1092 3375 1108 3414 a
1121 3350 1169 3415 M.
1194 3350 1568 3437 Scauro(accusatum).

336 3456 540 3522 Videlicet...
556 3455 612 3520 ille
632 3457 791 3533 ScauruS,
810 3479 910 3543 quem
926 3481 1090 3543 proavum
1106 3482 1204 3521 suum
1224 3455 1440 3544 obprobrium
1457 3456 1570 3519 maio-

335 3588 408 3628 rum
431 3565 640 3628 Mamercust
675 3564 790 3627 infami
811 3587 911 3650 opera
942 3564 1187 3629 dehonestabat
1207 3565 1298 3645 (talia
1315 3562 1568 3652 ulciscebatur).

333 3710 376 3721 -
396 3674 428 3746 6,
447 3696 478 3758 9.
507 3672 703 3736 Acervatim
724 3695 815 3735 exeo
832 3673 966 3735 Annius
987 3672 1108 3750 Pollio,
1124 3673 1256 3759 Appius
1282 3673 1417 3737 Silanus
1444 3673 1571 3736 Scauro

334 3779 505 3844 Mamerco
527 3777 676 3843 simulac
691 3778 815 3843 Sabino
831 3778 979 3843 Calvisio
992 3780 1177 3844 maiestatis
1202 3780 1434 3866 postulantur..
1445 3831 1465 3843 ..
1488 3779 1573 3843 clari

334 3896 553 3973 genusatqne
570 3886 658 3949 idem
676 3886 817 3949 summis
831 3886 1058 3952 honoribus..
1077 3887 1199 3951 Caesar
1224 3886 1388 3950 Pollionis
1414 3910 1452 3950 ac
1478 3887 1573 3950 Vini·

334 3994 422 4057 ciani
448 3994 633 4080 Scaurique
654 4017 802 4061 causam.
822 4003 859 4057 ut
885 3995 956 4080 ipse
977 4018 1053 4059 cum
1081 4002 1199 4059 senatu
1227 4002 1391 4074 nosceret,
1423 3994 1571 4062 distulit.

335 4100 422 4165 datis
439 4099 643 4187 quibusdam
654 4100 686 4163 in
700 4103 864 4164 Scaurum
885 4102 1042 4166 tristibus
1058 4102 1157 4167 notis,
1175 4141 1218 4152 -
1238 4103 1269 4179 6,
1295 4127 1347 4190 29.
1379 4103 1573 4166 Mamercus

334 4208 410 4272 dein
441 4209 588 4271 Scaurus
620 4231 752 4272 rursum
779 4207 983 4295 postulatur,
1006 4209 1149 4295 insignis
1174 4209 1350 4274 nobilitate
1376 4219 1409 4274 et
1433 4209 1573 4274 orandis

334 4315 457 4385 causis,
474 4315 542 4377 rita
564 4314 765 4401 probrosus3
781 4314 863 4377 nihil
887 4316 974 4379 hunc
990 4316 1136 4380 amicitia
1152 4315 1274 4396 Seiani,
1298 4316 1357 4381 scd
1371 4316 1570 4385 labefecit...

336 4421 504 4485 Macronis
525 4421 681 4486 odium...
702 4421 918 4486 lietulerat...
938 4431 1174 4508 argumentum
1194 4424 1385 4509 tragoediae
1404 4448 1421 4487 a
1443 4425 1573 4490 Scauro

335 4530 491 4615 scriptae,
507 4528 632 4593 additis
649 4530 813 4608 versibus
829 4531 932 4617 quiin
949 4515 1118 4594 Tiberium
1135 4532 1391 4598 flecterentur...
1408 4533 1571 4604 Scaurus,

322 4743 328 4776 ¹
349 4740 385 4788 M.
399 4742 530 4788 Acnrilius
546 4741 673 4790 Scauros
687 4757 741 4789 cos.
757 4743 802 4804 0³9
813 4762 842 4785 z
858 4744 1169 4806 115,censor·,pr·inccps
1184 4749 1304 4793 senatus.

321 4822 332 4856 ²
351 4823 503 4870 Mamercus
523 4823 657 4868 Aemilius
674 4822 800 4870 Scaurus.
818 4824 940 4879 l'nosor..
960 4825 1055 4883 .a,280.

322 4904 333 4938 ³
354 4904 474 4952 iurant:
494 4902 626 4950 Mamerco
645 4905 754 4952 Scauro.

323 4985 334 5019 ⁴
353 4986 455 5033 liitter²
473 4985 550 5031 uncis
565 4985 676 5032 inclusit
692 4986 850 5035 ,tlamercus
