3709 6234
361 852 412 916 174
928 860 1074 913 cunule

405 1005 537 1083 Quas...
560 1013 666 1069 terras
691 1003 768 1068 Suri
793 1001 1014 1089 Armeniique
1042 1008 1076 1067 et
1105 999 1254 1087 contigui
1281 1000 1496 1090 Cappadoces
1522 997 1639 1064 colunt

406 1115 475 1201 (eae
495 1111 759 1177 adnumerantur
773 1109 862 1175 inter
879 1115 992 1196 partes
1016 1108 1148 1197 imperii
1171 1108 1355 1194 lihamsis).
1377 1144 1422 1159 -
1445 1107 1477 1186 6,
1496 1110 1549 1184 ἀι.
1568 1105 1639 1172 Cli-

406 1227 515 1285 tarum
535 1220 628 1285 natio
644 1217 836 1306 Cappadoci
853 1215 1020 1282 Archelao
1036 1215 1197 1281 subiecta.
1217 1254 1260 1264 -
1289 1218 1337 1295 rt,
1361 1215 1414 1280 26.
1439 1214 1601 1301 Tigranes
1620 1238 1639 1278 a

404 1327 537 1393 Nerone
552 1326 595 1391 ad
615 1324 858 1413 capessendum
876 1323 1086 1414 (Armeniae)
1110 1324 1288 1413 imperium
1314 1322 1476 1399 delectus,
1509 1321 1639 1409 Cappa-

406 1436 526 1501 docum
548 1457 587 1499 ex
616 1433 792 1498 nobilitate
816 1432 906 1519 regis
930 1430 1088 1496 Archelai
1115 1453 1230 1518 nepos.
1250 1470 1293 1479 -
1318 1432 1367 1506 15,
1386 1430 1417 1495 6.
1446 1429 1561 1518 Copiis
1594 1429 1639 1494 ita

406 1541 535 1618 divisis,
555 1548 592 1606 ut
611 1548 730 1629 quarta
750 1548 784 1605 et
805 1538 1004 1605 duodecima
1026 1538 1179 1626 legiones
1198 1538 1311 1603 addita
1337 1538 1510 1626 quinta...,
1538 1535 1640 1601 simul

408 1649 546 1715 Pontica
562 1655 597 1713 et
615 1647 812 1713 Galatarum
835 1637 1142 1735 Cappaddcumque
1156 1644 1283 1710 auxilia
1300 1643 1519 1732 (Caesennio)
1536 1645 1640 1709 Paeto

406 1756 616 1821 oboedirent.

363 1861 671 1930 CAPPADOCIA.
708 1900 751 1910 -
791 1884 821 1932 a.
863 1864 916 1938 la.
964 1861 1037 1926 llex
1075 1860 1263 1926 Archelaus
1296 1859 1640 1951 quinquagensimum

408 1994 533 2035 annum
555 1968 767 2057 Cappadocia
780 1967 983 2056 potiebatur.
1002 2007 1045 2017 -
1064 1992 1115 2050 ra,
1133 1971 1189 2056 49.
1216 1969 1297 2034 Erat
1321 1967 1553 2056 Cappadociae
1565 1990 1641 2054 pro·

408 2085 542 2143 curator
558 2076 664 2141 lulius
685 2074 880 2163 Paelignus.
894 2076 998 2157 -13‚
1016 2078 1047 2142 8.
1064 2075 1189 2162 Copiae
1204 2075 1353 2141 Orientis
1367 2076 1412 2141 ita
1428 2074 1638 2148 dividuntur,

408 2193 446 2250 ut
460 2208 578 2272 pars...
592 2189 791 2264 remaneret,
809 2206 869 2271 par
883 2184 1008 2248 civium
1024 2182 1260 2272 sociorumque
1279 2206 1440 2249 numerus
1456 2181 1641 2248 Corbuloni

407 2301 508 2372 esset,
526 2292 651 2357 additis
666 2290 863 2356 cohortibus
879 2290 1021 2378 alisque,
1038 2314 1123 2380 quae
1145 2292 1179 2354 in
1200 2290 1411 2379 Cappadocia
1432 2290 1638 2356 hiemabant.

407 2439 448 2450 —·
471 2402 519 2483 13,
538 2398 591 2464 35.
622 2397 737 2463 Habiti
756 2421 816 2486 per
847 2396 1015 2463 Galatiam
1032 2397 1366 2488 Cappadociamque¹
1387 2398 1531 2465 dilectus
1550 2397 1642 2485 (sup-

409 2508 543 2596 plendis
571 2505 775 2573 Corbulonis
799 2505 1016 2594 legionibus).
1034 2544 1076 2555 —
1111 2506 1159 2583 15,
1183 2507 1215 2577 6.
1238 2506 1398 2594 (Quidam
1414 2505 1642 2572 Corbulonem

408 2615 621 2701 incusant)...
652 2641 667 2674 «
699 2613 767 2678 Cur
793 2614 883 2678 enim
908 2614 1094 2680 exercitum
1123 2614 1312 2680 Romanum
1346 2639 1365 2680 a
1393 2612 1641 2702 Tigranocertis

408 2721 591 2786 deductum
606 2722 622 2767 ²
691 2721 744 2784 An
763 2718 884 2785 melius
912 2719 1144 2787 hibernavisse
1171 2721 1204 2786 in
1242 2730 1393 2788 extrema
1414 2720 1640 2809 Cappadocia,

409 2829 531 2915 raptim
551 2828 671 2892 erectis
687 2827 898 2914 tuguriis‘l...
920 2855 935 2887 o
950 2868 992 2878 -
1012 2831 1062 2911 15,
1083 2853 1134 2893 12.
1153 2828 1332 2916 (Corbulo)
1346 2837 1440 2917 parte
1469 2828 1642 2916 copiarum

409 2935 500 3023 apud
519 2935 652 3000 Suriam
674 2935 847 3014 relicta...,
869 2957 937 3023 qua
953 2935 1145 3024 proximum
1162 2943 1195 3001 et
1217 2937 1461 3002 commeatibus
1471 2958 1538 3001 non
1567 2959 1642 3021 ege·

409 3067 502 3126 num,
516 3043 687 3129 regionem
699 3041 977 3129 Commagenam,
1000 3043 1089 3107 exim
1119 3042 1381 3131 Cappadociam,
1411 3043 1490 3109 inde
1515 3046 1642 3107 Arme--

410 3151 484 3215 nios
495 3149 625 3237 petivit.
641 3189 684 3198 -
707 3148 756 3229 15,
780 3173 828 3237 ¹7·
851 3148 950 3214 Exim
969 3151 1092 3215 Paetus
1106 3174 1166 3239 per
1177 3149 1424 3240 Cappadociam
1439 3149 1639 3215 hibernavit.

408 3297 444 3308 -
458 3257 483 3335 l,
504 3259 556 3342 78.
578 3255 700 3343 (Otho)
720 3280 807 3322 nova
831 3257 902 3322 iura
919 3257 1153 3346 Cappadociae
1169 3257 1303 3346 (dedit).
1326 3310 1332 3324 .
1359 3258 1507 3324 ostentui
1533 3257 1641 3344 magis

408 3387 511 3453 quam
527 3386 697 3430 mansura.
715 3364 810 3446 -ll,
824 3363 857 3429 6.
879 3364 1017 3452 Septem
1033 3365 1184 3452 legiones
1200 3365 1333 3454 (Syriae
1344 3373 1378 3432 et
1399 3363 1554 3453 ludaeae)
1577 3373 1644 3430 sta-

410 3473 470 3537 tim
503 3470 672 3560 (partibus
714 3471 981 3559 Vespasiani)...,
1008 3471 1085 3537 inde
1121 3473 1280 3538 continua
1301 3474 1536 3561 Aegyptus„
1566 3473 1643 3537 hinc

410 3580 622 3668 Cappadocia
642 3580 839 3667 Pontusque
859 3588 893 3645 et
914 3579 1079 3669 quidquid
1095 3589 1282 3647 castrorum
1302 3582 1474 3647 Armeniis
1493 3590 1645 3669 praeten-

410 3687 510 3752 ditur.
528 3726 573 3736 -
593 3687 636 3767 ll,
654 3690 708 3751 81.
725 3687 898 3775 Quidquid
912 3688 1163 3775 provinciarum
1180 3688 1329 3755 adluitur
1341 3689 1425 3753 mari
1440 3687 1523 3752 Asia
1543 3695 1643 3776 atque

410 3793 539 3858 Achaia
557 3802 667 3866 tenus,
699 3801 933 3882 quantumque
966 3794 1132 3859 introrsus
1160 3795 1195 3860 in
1226 3795 1373 3860 Pontum
1398 3802 1431 3860 et
1461 3794 1643 3861 Armenios

410 3903 565 3988 patescit,
583 3900 735 3966 iuravere
755 3901 802 3987 (in
822 3901 923 3966 verba
935 3902 1162 3990 Vespasiani),
1185 3902 1244 3969 sed
1262 3904 1409 3970 inermes
1429 3902 1531 3991 legati
1551 3924 1644 3990 rege·

409 4008 504 4087 bant,
523 4008 673 4073 nondum
690 4008 815 4073 additis
831 4009 1062 4096 Cappadociae
1078 4010 1281 4099 legionibus.

368 4116 595 4180 CAPREAE.
618 4153 663 4165 -
691 4119 723 4194 Δ,
742 4114 795 4204 67,
822 4115 1005 4205 (Tiberius)
1031 4142 1214 4206 perosus...
1236 4120 1418 4208 municipia
1434 4126 1467 4184 et
1495 4119 1645 4185 colonias

411 4224 591 4312 omniaque
606 4223 640 4286 in
655 4222 840 4287 continenti
861 4224 939 4305 sita,
958 4222 1105 4314 Capreas
1120 4249 1155 4291 se
1170 4227 1203 4291 in
1219 4226 1364 4291 insulam
1385 4225 1526 4308 abdidit,
1543 4226 1644 4292 trium
1747 4273 1749 4278 «

412 4332 544 4397 milium
577 4331 662 4395 lreto
688 4329 730 4395 ab
756 4332 917 4396 extremis
948 4333 1138 4400 Surrentini
1164 4335 1390 4423 promunturii
1416 4334 1641 4401 diiunctum...

412 4440 560 4505 Graecos
575 4461 613 4503 ea
629 4438 777 4503 tenuisse
794 4438 1009 4528 Capreasque
1024 4439 1179 4505 Telebois
1191 4439 1358 4507 habitatas
1373 4442 1460 4507 fama
1470 4440 1585 4507 tradit.
1603 4479 1644 4492 —

413 4546 445 4627 6,
468 4573 494 4613 1.
514 4546 696 4634 (Tiberius)
725 4548 895 4628 tramiss0,
918 4546 1010 4636 quod
1038 4546 1186 4637 Capreas
1197 4556 1231 4614 et
1250 4549 1449 4615 Surrentum
1478 4547 1643 4631 interluit,

414 4655 500 4719 ireto
521 4653 742 4742 Campaniam
756 4654 983 4742 praelegebat.
1002 4691 1045 4705 -
1065 4653 1098 4735 6,
1121 4680 1151 4721 a.
1168 4655 1366 4724 Crediderat
1393 4658 1551 4723 nimirum
1568 4656 1646 4744 (To-

414 4761 535 4850 gonius
564 4760 698 4848 Gallus)
714 4762 879 4849 epistulae
892 4762 1043 4828 subsidio
1059 4763 1123 4828 sibi
1139 4763 1282 4831 alterum
1300 4789 1341 4832 ex
1359 4766 1556 4832 consulibus
1571 4788 1647 4853 pos-

403 5002 412 5037 ¹
429 5000 476 5052 M:
492 5001 686 5065 rappodiciam.
