3709 6234
286 890 321 947 26
772 896 935 950 araturus
956 897 1082 949 avuat's

285 1016 517 1085 AFRANIVS
561 1019 751 1100 RVRRVS,
790 1018 1244 1097 Bv'aRt⁷SA1³RANlVS‚
1289 1015 1561 1082 Bvltttvst-

334 1147 384 1201 12,
416 1127 470 1202 Aa.
503 1126 611 1213 Igitur
643 1126 785 1193 distrahi
817 1128 975 1195 cohortes
1008 1126 1138 1193 ambitu
1158 1125 1302 1190 duorum
1318 1131 1364 1203 et,
1387 1124 1415 1189 si
1433 1122 1476 1190 ab
1497 1145 1564 1188 uno

331 1241 537 1320 regerentur,
556 1234 771 1300 intentiorem
788 1235 857 1301 lere
872 1236 1088 1324 disciplinam
1099 1235 1319 1301 adseverante
1330 1230 1563 1322 (Agrippina),

329 1339 529 1407 transfertur
559 1344 710 1430 regimen
738 1343 928 1409 cohortium
959 1342 1218 1431 (praetoriarum
1242 1365 1262 1406 a
1281 1340 1385 1406 Lusio
1415 1339 1503 1405 Geta
1530 1345 1566 1405 et

330 1447 448 1513 llufrio
466 1448 640 1539 Crispino)
662 1451 705 1516 ad
724 1453 867 1517 Burrum
894 1451 1086 1528 Afranium,
1098 1449 1253 1538 egregiae
1268 1447 1425 1513 militaris
1441 1446 1563 1521 famae,

329 1578 473 1642 gnarum
503 1565 617 1623 tamen
643 1560 739 1625 cuius
768 1566 888 1649 sponte
921 1559 1170 1648 praeficeretur.
1198 1596 1242 1606 -
1272 1580 1322 1640 ra,
1339 1553 1396 1645 69.
1419 1550 1566 1618 Foribus

330 1663 453 1729 Palatii
485 1674 623 1754 repente
647 1666 805 1747 diductis,
832 1667 1015 1732 eomitante
1049 1667 1156 1731 Burro
1190 1664 1283 1730 Nero
1311 1661 1483 1751 egreditur
1521 1658 1566 1724 ad

329 1771 513 1852 cohortem,
537 1797 723 1863 quaemore
752 1773 892 1841 militiae
924 1773 1077 1840 excubiis
1099 1773 1195 1838 adest
1231 1770 1280 1837 lbi
1295 1777 1454 1835 monente
1467 1789 1567 1857 prae·

329 1876 417 1946 fecto
447 1879 568 1947 faustis
593 1882 734 1948 vecibus
757 1890 962 1971 exceptus...
979 1921 1024 1934 -
1052 1883 1102 1964 13,
1121 1906 1152 1947 a.
1177 1880 1359 1969 Ibaturque
1374 1879 1407 1943 in
1427 1875 1563 1953 caedes,

328 1988 393 2055 uisi
430 1989 593 2056 Afranius
618 1992 746 2056 Burrus
775 1997 809 2056 et
833 1993 997 2056 Annaeus
1019 1991 1147 2056 Seneca
1179 1988 1312 2054 obviam
1353 1986 1471 2051 issent.
1519 1981 1566 2049 lli

329 2105 476 2162 rectores
500 2098 736 2188 imperatoriae
763 2099 919 2164 iuventae
939 2106 984 2180 et,
1005 2121 1118 2164 rarum
1134 2097 1168 2161 in
1202 2095 1361 2161 societate
1376 2094 1563 2182 potentiae,

327 2204 526 2286 concordes,
557 2206 690 2272 diversa
723 2213 794 2271 arte
818 2231 860 2272 ex
875 2229 983 2296 aequo
998 2205 1184 2294 pollebant,
1207 2205 1336 2269 Burrus
1355 2200 1565 2267 militaribus

328 2314 418 2379 curis
452 2321 486 2380 et
509 2315 689 2380 severitate
713 2338 857 2381 morum.
880 2365 901 2393 .,
928 2315 1084 2380 iuvantes
1113 2313 1148 2377 in
1177 2312 1297 2392 vicem,
1324 2333 1391 2400 quo
1429 2307 1566 2374 facilius

328 2420 492 2487 lubricam
509 2422 671 2512 principis
685 2430 831 2488 aetatem
852 2475 873 2490 ..
891 2420 1125 2510 voluptatibus
1140 2419 1311 2486 concessis
1334 2417 1562 2485 retinerent...

327 2566 370 2577 -
398 2531 447 2606 13,
473 2529 505 2596 6.
529 2530 656 2596 Contra
682 2530 783 2597 alii...
815 2531 1047 2611 disserunt...;
1067 2531 1213 2594 Burrum
1226 2535 1339 2594 tamen
1354 2533 1387 2591 et
1397 2526 1563 2592 Senecam

327 2637 512 2702 multarum
545 2659 656 2702 rerum
688 2639 896 2727 experientia
920 2638 1088 2725 cognitos.
1118 2655 1162 2686 -·
1196 2634 1246 2713 13,
1276 2637 1326 2712 il.
1343 2632 1565 2721 (Testabatur

329 2744 518 2832 Agrippina
535 2746 585 2830 se)
607 2747 730 2811 ituram
748 2770 824 2812 eum
841 2740 1066 2834 (Britannico)
1087 2745 1121 2809 in
1136 2750 1264 2823 castra;
1290 2741 1464 2807 audiretur
1482 2739 1563 2806 binc

327 2851 521 2916 Germanici
534 2851 615 2924 filia.
633 2854 711 2918 inde
724 2853 847 2919 debilis
863 2877 980 2918 rursus
992 2855 1120 2918 Burrus
1138 2859 1170 2916 et
1187 2849 1265 2916 exul
1279 2850 1417 2928 Seneca,
1440 2856 1561 2914 trunca

327 2959 457 3025 scilicet
472 2983 573 3025 manu
591 2969 624 3026 et
637 2960 839 3049 professoria
856 2961 973 3050 lingua
987 2959 1121 3046 generis
1130 2958 1269 3023 humani
1280 2958 1430 3045 regimen
1441 2979 1564 3044 expos·

326 3065 487 3132 tulantes.
510 3106 550 3115 -
575 3067 625 3148 13,
645 3092 698 3135 20.
718 3069 854 3134 Paris...
888 3067 1085 3156 exposite...
1107 3065 1223 3130 indicii
1238 3063 1355 3129 ordine
1371 3062 1418 3128 ita
1439 3061 1562 3150 (Nero-

326 3175 418 3259 nem)
443 3174 634 3240 audientem
664 3183 822 3251 exterret,
851 3182 889 3240 ut
914 3198 982 3238 non
1003 3180 1136 3238 tantum
1155 3178 1298 3237 matrem
1333 3170 1561 3258 Plautumque

327 3282 552 3372 (Rubellium)
568 3283 768 3362 interlicere,
788 3283 847 3347 sed
868 3284 1014 3347 Burrum
1035 3282 1137 3346 etiam
1158 3279 1337 3345 demovere
1352 3277 1559 3366 praefectura

326 3388 523 3468 destinaret,
566 3397 740 3479 tamquam
786 3389 995 3477 Agrippinae
1024 3389 1132 3475 gratia
1159 3393 1357 3476 provectum
1391 3391 1425 3450 et
1453 3385 1558 3450 vicem

324 3495 532 3562 reddentem.
552 3497 676 3562 Fabius
691 3496 851 3562 llustieus
861 3504 977 3561 auctor
988 3502 1152 3583 est...0pe
1168 3495 1314 3559 Senecae
1329 3491 1556 3580 dignationem

327 3602 433 3666 Burro
448 3609 614 3668 retentam
645 3602 777 3668 Plinius
797 3612 828 3669 et
846 3603 988 3667 Cluvius
1003 3602 1086 3666 nihil
1106 3601 1299 3668 dubitatum
1318 3601 1360 3667 de
1377 3601 1443 3666 fide
1467 3623 1555 3689 prae·

327 3706 404 3773 fecti
432 3709 622 3776 referunt...
658 3710 747 3775 Nero
777 3710 928 3798 trepidus
963 3717 996 3775 et
1029 3708 1280 3774 interficiendae
1307 3709 1426 3774 matris
1441 3707 1554 3773 avidus

326 3839 392 3882 non
410 3819 503 3904 prius
518 3817 643 3883 differri
659 3819 780 3906 potuit,
799 3840 900 3906 quam
918 3818 1047 3882 Burrus
1066 3839 1183 3881 necem
1202 3817 1275 3881 eius
1291 3816 1515 3904 promitteret,
1533 3838 1550 3880 s

326 3923 485 3989 facinoris
501 3933 756 4011 coargueretur;
779 3924 839 3990 sed
852 3925 1066 4013 cuicumque,
1084 3925 1210 3990 nedum
1224 3924 1368 4012 parenti,
1390 3922 1551 3990 defensio

326 4054 404 4095 nem
424 4029 680 4097 tribuendam...
705 4071 749 4080 -
771 4031 821 4111 13,
840 4056 893 4096 ar.
922 4033 1011 4096 Luce
1039 4040 1112 4096 orla
1129 4032 1196 4096 itur
1208 4030 1251 4095 ad
1266 4030 1503 4119 Agrippinam,
1523 4054 1546 4097 u

324 4145 479 4203 nosceret
494 4137 624 4204 obiecta
635 4138 903 4228 dissolveretque
919 4139 973 4203 vel
989 4162 1115 4226 poenas
1130 4139 1250 4204 lueret.
1269 4139 1395 4202 llurrns
1410 4138 1452 4203 iis
1467 4161 1549 4204 man

326 4245 413 4309 datis
436 4244 562 4310 Seneca
579 4268 692 4309 coram
707 4246 954 4333 fungebatur...
979 4245 1108 4311 Deinde
1127 4269 1146 4310 a
1163 4247 1283 4324 Burro,
1299 4252 1480 4334 postquam
1495 4246 1548 4310 cri·

326 4352 416 4416 mina
436 4359 468 4417 et
493 4359 646 4417 auctores
666 4353 834 4441 exposuit,
853 4353 1031 4418 minaciter
1046 4360 1159 4418 actum
1176 4360 1238 4418 est.
1257 4391 1298 4402 -
1318 4351 1370 4430 13,
1388 4351 1442 4418 23.
1460 4350 1546 4418 Dela

326 4467 446 4523 runtur
467 4457 587 4524 dehinc
609 4461 822 4526 consensisse
838 4459 954 4525 Pallas
969 4484 1007 4525 ac
1021 4461 1160 4539 Burrus,
1178 4467 1216 4524 ut
1231 4458 1410 4525 Cornelius
1424 4457 1545 4528 Sulla..

325 4564 367 4629 ad
383 4566 560 4652 imperium
589 4575 807 4634 vocaretur...
832 4569 960 4632 Burrus
975 4567 1130 4655 quamvis
1152 4590 1227 4631 reus
1241 4567 1329 4632 inter
1340 4565 1467 4632 iudices
1482 4589 1543 4632 sen

324 4671 465 4736 tentiam
498 4672 596 4753 dixit,
639 4674 844 4762 exiliumque
874 4674 1062 4739 accusatori
1100 4674 1334 4763 inrogatum...
1362 4711 1405 4726 -
1450 4675 1544 4762 nt,7

325 4779 492 4845 Neroni...
511 4778 660 4845 adfertur
672 4782 819 4847 evasisse
835 4781 1086 4869 (Agrippinam)
1103 4780 1170 4847 ictu
1191 4779 1257 4846 levi
1273 4780 1422 4846 sauciam
1441 4833 1460 4849 ..
1474 4779 1543 4845 Tun

339 5014 399 5066 Sex.
417 5015 544 5066 Afranius
556 5016 665 5067 llurrus.
680 5017 802 5076 Prason,
815 5017 870 5067 311.
