3709 6234
667 912 816 966 ANNAEVS
836 914 955 965 SENECA
1422 909 1458 966 bl

216 1051 426 1118 sumamicis
452 1050 598 1132 Claudii,
630 1051 694 1118 sub
723 1077 790 1142 quo
810 1054 1039 1120 iustissimum
1058 1054 1198 1120 exilium
1217 1055 1457 1143 pertulisset...

217 1159 263 1226 Se
281 1167 496 1248 quaestorem
512 1158 719 1239 Germanici,
743 1160 840 1227 illum
863 1162 986 1228 domus
1002 1161 1074 1227 eius
1094 1162 1288 1228 adulterum
1308 1164 1456 1230 fuisse...

218 1265 352 1345 Quibus
395 1266 675 1355 philosophorum
704 1271 893 1357 praeceptis
925 1270 1014 1335 inter
1055 1268 1317 1358 quadriennium
1345 1260 1459 1359 regiae

216 1373 384 1440 amicitiae
415 1383 466 1440 ter
496 1375 633 1441 miliens
666 1378 861 1443 sestertium
889 1376 1140 1465 paravisset?...
1169 1416 1213 1425 —
1242 1375 1291 1459 13,
1319 1377 1459 1455 43.Νεο

216 1480 357 1548 deerant
372 1482 431 1571 qui
441 1483 522 1549 haec
538 1484 647 1550 isdem
661 1484 776 1550 verbis
791 1493 850 1552 aut
865 1509 964 1551 versa
980 1485 1014 1549 in
1028 1485 1177 1550 deterius
1192 1483 1340 1551 Senecae
1353 1484 1461 1551 defer-

216 1593 440 1671 rent-14,
465 1617 495 1658 2.
530 1591 646 1657 Tradit
677 1591 860 1660 Cluvius...
892 1592 1161 1680 Agrippinam...
1190 1615 1228 1657 eo
1257 1615 1366 1682 usque
1386 1616 1461 1681 pro·

216 1705 362 1780 vectam,
379 1706 458 1765 ut...
477 1698 612 1764 ollerret
628 1722 664 1764 se
680 1700 815 1787 saepius
849 1699 1004 1788 (Neroni)
1035 1699 1223 1765 temulento
1243 1707 1458 1788 comptam...

218 1806 399 1893 lamque...
430 1806 651 1894 praenuntias
676 1807 796 1893 flagitii
815 1806 1001 1872 blanditias
1022 1805 1265 1873 adnotantibus
1280 1807 1458 1894 proximis,

217 1914 382 1980 Senecam
397 1912 903 1979 contramuliebresinlecebras
915 1913 1107 1978 subsidium
1123 1937 1141 1978 a
1156 1914 1281 1980 femina
1297 1915 1460 2002 petivisse

216 2020 474 2109 immissamque
501 2021 612 2085 Acten
641 2019 840 2087 libertam...
881 2059 922 2071 -
959 2025 1010 2099 14,
1040 2048 1071 2111 7.
1102 2022 1270 2087 Neroni...
1309 2021 1460 2088 adfertur

215 2128 367 2193 evasisse
398 2127 653 2215 (Agrippinam)
681 2130 751 2194 ictu
779 2128 845 2193 levi
867 2129 1059 2195 sauciam...
1095 2128 1180 2193 Tum
1218 2153 1345 2217 pavore
1379 2153 1457 2194 exa-

216 2235 362 2302 nimis...
386 2234 484 2314 Quod
499 2243 617 2300 contra
631 2235 821 2302 subsidium
838 2236 915 2317 sibi,
934 2237 1000 2301 nisi
1016 2237 1097 2325 quid
1112 2236 1240 2302 Burrus
1256 2245 1289 2302 et
1307 2237 1460 2303 Seneca?

217 2342 311 2422 Quos
338 2344 455 2409 statim
480 2341 659 2422 acciverat,
694 2344 875 2425 incertum,
898 2367 941 2408 an
974 2345 1128 2434 aperiens
1150 2351 1281 2410 stante
1309 2344 1458 2430 ignaros.

217 2450 325 2538 lgitur
363 2450 504 2538 longum
541 2451 719 2540 utriusque
757 2450 970 2518 silentium...
994 2453 1077 2517 Post
1115 2452 1245 2517 Seneca
1292 2452 1460 2517 hactenus

216 2557 419 2646 promptius,
458 2564 495 2622 ut
528 2557 712 2645 respiceret
750 2560 896 2623 Burrum
928 2581 967 2622 ac
1002 2559 1244 2638 sciscitaretur,
1280 2581 1323 2624 au
1358 2558 1459 2623 militi

216 2663 415 2752 imperanda
448 2664 569 2729 caedes
603 2673 706 2730 esset.
728 2702 773 2716 -
796 2668 846 2743 14,
882 2666 1041 2753 rr.Ergo
1066 2667 1215 2731 uoniam
1236 2665 1338 2745 Nero,
1361 2666 1459 2730 cuius

218 2773 412 2837 immanitas
431 2771 583 2836 omnium
615 2780 758 2862 questus
787 2772 951 2854 anteibat,
983 2772 1042 2838 sed
1070 2773 1198 2838 Seneca
1241 2772 1384 2838 adverso
1405 2797 1459 2837 ru-

220 2903 312 2945 more
329 2888 412 2958 erat,
430 2878 522 2968 quod
535 2880 687 2945 oratione
702 2879 762 2946 tali
778 2880 1025 2944 confessionem
1051 2880 1254 2968 scripsisset.
1272 2916 1313 2929 -
1335 2882 1384 2962 14,
1408 2883 1457 2958 14.

220 2987 326 3053 Vetus
340 2987 492 3075 (Neroni)
509 2985 631 3075 cupido
646 2996 719 3053 erat
736 2986 904 3052 curriculo
918 2987 1160 3076 quadrigarum
1176 2988 1333 3054 insistere
1349 2986 1454 3074 (et)...

220 3094 348 3160 cithara
365 3094 533 3160 ludicrum
555 3094 589 3158 in
610 3094 748 3160 modum
764 3118 925 3161 canere...
948 3094 1017 3160 Nec
1033 3096 1100 3159 iam
1127 3095 1202 3160 sisti
1217 3102 1361 3184 poterat,
1379 3118 1459 3161 cum

218 3203 362 3268 Senecae
378 3225 415 3267 ac
432 3203 540 3267 Burro
554 3202 678 3283 visum,
695 3210 894 3290 neutraque
921 3202 1145 3291 pervinceret,
1176 3200 1320 3267 alterum
1341 3225 1458 3268 conoe·

215 3307 313 3389 dere;
330 3307 552 3397 clausumque
566 3307 654 3373 valle
665 3307 829 3374 Vaticana
839 3308 1000 3399 spatium,
1015 3310 1049 3373 in
1067 3332 1135 3397 quo
1159 3332 1265 3398 equos
1282 3316 1455 3396 regeret...

217 3418 329 3496 -14,
353 3418 407 3481 52.
422 3416 517 3481 Mors
538 3417 635 3480 Burri
645 3415 784 3503 infregit
794 3417 943 3482 Senecae
958 3417 1160 3505 potentiam,
1180 3418 1258 3506 quia
1274 3439 1336 3482 nec
1359 3415 1458 3482 bonis

216 3523 347 3590 artibus
375 3524 464 3589 idem
491 3524 616 3589 virium
643 3531 715 3589 erat
741 3524 847 3589 altero
877 3523 973 3589 velut
1004 3523 1089 3590 duce
1118 3531 1232 3590 amoto
1248 3531 1282 3590 et
1311 3523 1400 3588 Nero
1416 3523 1458 3588 ad

217 3631 400 3698 deteriores
423 3630 621 3698 inclinabat.
650 3631 693 3696 lli
708 3632 812 3697 variis
840 3631 1133 3697 criminationibus
1157 3632 1321 3697 Senecam
1346 3629 1458 3696 adori-

217 3745 363 3805 untur...
387 3775 427 3791 -
462 3742 512 3821 14,
532 3739 586 3805 53.
607 3741 656 3804 At
670 3740 797 3805 Seneca
818 3739 1071 3805 criminantium
1092 3762 1159 3804 non
1175 3740 1355 3826 ignarus..
1372 3746 1458 3804 tem·

216 3870 280 3936 pus
315 3847 465 3912 sermoni
481 3855 556 3913 orat
571 3854 606 3913 et
626 3854 766 3935 accepto
782 3848 827 3911 ita
856 3847 1017 3934 incipit...
1044 3885 1079 3896 -
1100 3850 1150 3924 14,
1174 3846 1228 3911 56.
1245 3846 1386 3925 Seneca,
1400 3848 1458 3936 qui

215 3955 292 4020 linis
302 3954 454 4020 omnium
469 3977 545 4020 curn
556 3954 752 4020 dominante
766 3977 974 4032 sermonum,
992 3962 1105 4040 grates
1119 3954 1200 4041 agit.
1220 3953 1286 4019 Sed
1302 3955 1459 4020 instituta

216 4062 340 4151 prioris
382 4060 553 4150 potentiae
589 4070 831 4143 commutat...,
862 4062 960 4149 quasi
993 4061 1188 4126 valetudine
1226 4061 1358 4126 insensa
1401 4068 1459 4126 aut

215 4170 401 4260 sapientiae
429 4169 553 4235 studiis
572 4168 664 4233 dorni
695 4169 916 4235 adtineretur.
933 4207 977 4218 -
1002 4171 1052 4246 14,
1071 4168 1124 4258 57.
1144 4169 1305 4235 Perculso
1326 4168 1457 4234 Seneca

215 4283 413 4367 promptum
429 4276 493 4341 luit
509 4275 635 4340 llulum
653 4276 813 4341 Faenium
825 4276 1066 4341 imminuere...
1085 4315 1128 4325 -
1149 4278 1198 4354 14,
1215 4275 1268 4341 65.
1283 4276 1458 4340 Romanus

215 4384 356 4449 secretis
399 4382 692 4449 criminationibus
738 4383 954 4448 incusaverat
994 4384 1157 4449 Senecam
1185 4391 1223 4448 ut
1254 4382 1293 4448 C.
1323 4383 1459 4448 Pisonis

216 4493 359 4569 socium,
391 4490 451 4555 sed
479 4490 625 4556 validius
642 4515 659 4554 a
675 4493 803 4556 Seneca
832 4491 950 4556 eodem
977 4491 1118 4556 crimine
1143 4490 1319 4579 perculsus
1334 4498 1398 4557 est.
1415 4528 1459 4541 -

221 4599 272 4674 15,
291 4597 346 4663 23.
370 4597 664 4664 Secutamdehinc
698 4621 817 4662 vocem
833 4598 988 4663 Caesaris
1014 4597 1139 4669 lerunt.
1171 4620 1237 4686 qua
1265 4596 1460 4662 reconcilia-

218 4716 290 4772 tum
320 4729 357 4770 se
387 4705 553 4770 Thraseae
578 4705 669 4794 apud
698 4705 860 4770 Senecam
891 4706 1078 4786 iactaverit,
1094 4707 1306 4770 acSenecam
1322 4704 1460 4769 Caesari

220 4813 442 4901 gratulatum.
475 4812 558 4878 lnde
588 4812 696 4900 gloria
725 4813 870 4899 egregiis
883 4813 966 4877 viris
979 4820 1014 4879 et
1027 4812 1177 4901 pericula
1193 4811 1395 4898 gliscebant.
1417 4851 1461 4863 —

226 4923 275 4999 15,
296 4918 351 4997 45.
370 4917 555 4984 Ferebatur
574 4919 715 4996 Seneca,
732 4942 799 5007 quo
828 4919 992 4984 invidiam
1020 4920 1187 5007 sacrilegii
1205 4920 1296 5008 (post
1311 4918 1460 4983 Neronis

222 5027 414 5092 incendium
432 5026 585 5113 admissi)
601 5050 618 5091 a
639 5034 748 5092 semet
777 5034 956 5105 averteret,
988 5026 1167 5116 longinqui
1186 5026 1274 5092 ruris
1288 5048 1460 5091 secessum
