3709 6234
767 851 903 905 caecian
922 852 1060 905 atteras
1424 875 1429 884 ·
1509 847 1558 904 147

323 1001 426 1067 latere
444 1002 639 1089 pugionem,
657 1001 751 1067 velut
766 1002 816 1067 ius
829 1003 1230 1091 necisvitaequeciviurn,
1248 1002 1420 1068 reddebat.
1435 1004 1560 1091 Asper·

325 1117 427 1174 nante
446 1109 629 1176 consule...

283 1215 428 1281 ,lVLVS
443 1215 645 1282 CnECth
659 1218 680 1281 ¹.
698 1256 724 1265 -
746 1220 784 1293 t),
805 1244 858 1283 ιο.
877 1218 1059 1307 (Loquitur
1080 1219 1186 1306 Aperi
1221 1217 1339 1296 «Quis
1368 1217 1410 1283 de
1439 1241 1560 1305 exeep-

328 1323 628 1416 tioneetlormula
663 1326 871 1412 perpetietur
901 1325 957 1390 illa
988 1326 1153 1391 immensa
1181 1325 1469 1413 votun1ina.quae
1502 1348 1562 1411 pro

326 1430 373 1495 ll.
387 1429 497 1495 Tullio
513 1438 573 1496 aut
584 1431 673 1498 Aulo
690 1432 834 1497 Caecina
850 1432 1020 1520 legimus?
1035 1465 1049 1490 υ

288 1539 297 1560 ’
318 1539 359 1602 Α.
383 1537 600 1618 CAECINA,
618 1563 654 1604 v.
678 1538 881 1606 (lnsselnn
898 1540 1107 1606 nLtEst'.

254 1719 258 1725 ‚
289 1644 1207 1734 renth1NnAL1Ent'82),ALIENVScaecian,
1239 1646 1562 1725 enectam-1,

331 1755 383 1817 52.
401 1752 502 1817 Multi
527 1753 561 1817 in
577 1762 721 1843 utroque
741 1755 972 1841 rtiermanico)
998 1755 1161 1831 exercitu,
1183 1754 1270 1819 sicut
1284 1754 1429 1821 modesti
1445 1756 1567 1843 quieti·

331 1883 406 1949 que,
429 1860 474 1925 ita
489 1860 570 1924 mali
584 1868 617 1925 et
633 1862 773 1927 strenui.
792 1861 859 1927 Sed
880 1861 1016 1950 profusa
1031 1862 1188 1949 cupidine
1210 1869 1243 1926 et
1272 1862 1397 1948 insigni
1430 1862 1566 1927 temeri-

332 1976 397 2033 tate
413 1967 514 2055 legati
531 1968 703 2056 legionum
717 1969 861 2035 Alienus
877 1969 1023 2036 Caecina
1033 1971 1046 2008 ³
1061 1979 1094 2035 et
1115 1968 1239 2034 Fabius
1255 1968 1393 2035 Valens.
1411 2007 1455 2018 -
1472 1967 1564 2048 1,53.

334 2077 378 2140 alt
408 2074 443 2139 in
472 2076 644 2163 superiore
677 2078 860 2142 Germania
885 2077 1041 2155 Caecina,
1071 2077 1214 2143 decorus
1246 2075 1396 2146 iuventa.
1430 2097 1568 2163 corpore

333 2182 462 2268 ingens,
481 2184 583 2249 animi
598 2184 811 2263 immodicus,
836 2186 922 2251 scito
939 2209 1107 2266 sermone,
1139 2193 1251 2250 erecto
1280 2184 1427 2258 incessu,
1457 2181 1568 2247 studia

335 2292 479 2358 militum
495 2291 673 2358 inlexerat.
693 2293 791 2357 llunc
803 2294 961 2359 iuvenem
974 2293 1093 2373 Galba,
1111 2301 1327 2381 quaestorem
1338 2293 1372 2356 in
1390 2292 1565 2356 Baetica...

335 2398 456 2486 legioni
472 2400 679 2487 praeposuit,
704 2423 824 2465 mox...
838 2409 876 2466 ut
888 2399 1115 2488 peculatorem
1133 2400 1276 2488 flagitari
1295 2398 1404 2464 iussit.
1426 2397 1570 2462 Caecina

335 2529 431 2594 aegre
446 2530 566 2594 passus
586 2506 726 2572 miscere
741 2516 961 2575 cuncta...-
974 2507 1001 2586 I,
1017 2507 1072 2573 61.
1092 2508 1280 2574 Caecina...
1302 2505 1462 2573 Poeninis
1482 2503 1571 2589 iugis

336 2613 472 2701 degredi
488 2615 538 2701 (in
555 2614 703 2700 ltaliam)
722 2617 877 2682 iussus...
899 2616 1052 2703 Triginta
1077 2615 1169 2680 milia
1191 2616 1335 2681 Caecina
1357 2639 1375 2680 e
1397 2611 1568 2701 superiore
1595 2671 1600 2680 .

337 2721 515 2787 (iermania
529 2720 686 2796 ducebat,
709 2746 852 2810 quinum
873 2721 977 2789 robur
988 2722 1078 2810 legio
1106 2723 1395 2788 unaetvicensima
1425 2720 1498 2785 luit.
1530 2755 1573 2768 -

339 2827 363 2905 l,
388 2828 444 2916 67.
468 2827 550 2893 Plus
571 2829 714 2917 praedae
730 2855 768 2895 ac
788 2831 964 2917 sanguinis
975 2854 1034 2918 per
1055 2830 1234 2895 Caecinam
1257 2827 1441 2894 haustum⁴
1457 2839 1571 2914 (quam

337 2958 395 3023 per
423 2934 563 3000 Fabium
604 2935 797 3025 Valentem)
818 2988 839 3002 ..
885 2938 1042 3018 Caecina,
1082 2936 1162 3001 belli
1205 2936 1336 3016 avidus,
1384 2934 1571 3024 proximam

338 3064 506 3131 quamque
522 3042 667 3129 eulpam,
686 3052 867 3131 antequam
876 3046 1075 3133 paeniteret,
1092 3042 1203 3109 ultum
1214 3043 1295 3109 ibat.
1314 3082 1357 3092 —
1373 3042 1398 3123 1,
1417 3042 1471 3107 68.
1488 3041 1572 3105 llinc

340 3150 482 3215 Caecina
502 3172 579 3214 cum
596 3148 708 3215 valido
722 3153 884 3232 exercitu,
899 3152 976 3217 inde
1011 3152 1168 3217 llaeticae
1197 3150 1269 3216 alae
1307 3150 1571 3237 cohortesque...

343 3260 377 3324 ln
395 3260 519 3326 lulium
536 3260 701 3348 Alpinum
726 3284 743 3323 e
763 3259 974 3347 principibus
995 3258 1273 3347 (Helvetiorum),
1303 3266 1339 3322 ut
1369 3257 1574 3323 concitorem

340 3367 431 3445 letti,
455 3366 598 3434 Caecina
611 3365 850 3431 animadvertit
876 3403 919 3415 -
935 3365 960 3446 l,
976 3389 1028 3454 7⁰·
1049 3365 1206 3444 Caecina,
1220 3387 1346 3452 paucos
1357 3365 1390 3427 in
1410 3362 1575 3427 llelretiis

341 3484 490 3540 moratus
505 3473 590 3548 dies,
608 3472 751 3539 ...simul
767 3474 947 3538 transitum
962 3472 1103 3561 Alpium
1124 3495 1289 3559 parans...
1317 3471 1436 3535 Siliani
1464 3469 1575 3556 (cqui-

342 3584 447 3667 tes)...
468 3582 629 3647 transiere
645 3581 678 3644 in
702 3590 813 3668 partes
829 3589 904 3647 et...
937 3604 1025 3645 novo
1059 3580 1202 3667 principi
1234 3579 1425 3643 lirmissima
1454 3578 1577 3641 'l'rans-

341 3689 491 3778 padanae
505 3688 654 3774 regionis
670 3688 892 3775 municipia...
909 3688 1106 3753 adiunxere.
1141 3686 1178 3751 ld
1212 3686 1377 3752 Caecinae
1400 3709 1460 3773 per
1485 3685 1577 3771 ipsos

342 3803 610 3883 cornpertum.·-
638 3793 663 3866 l.
682 3797 735 3882 89.
754 3794 954 3884 (Othonem)
972 3795 1116 3860 Caecina
1137 3795 1203 3859 iarn
1219 3792 1326 3880 Alpes
1347 3801 1578 3879 transgressus

342 3902 596 3969 exstimulabat.
619 3900 710 3976 -ll,
743 3925 791 3965 rr.
820 3901 1046 3986 Transgresso
1078 3902 1144 3965 iarn
1178 3898 1284 3987 Alpes
1305 3899 1462 3977 Caecina,
1477 3922 1578 3988 quem

344 4010 416 4075 sisti
428 4012 516 4076 intra
531 4008 661 4074 Gallias
678 4031 777 4096 posse
793 4016 990 4095 speraverat
1006 4007 1139 4094 (Otho).
1156 4046 1198 4055 -
1225 4007 1267 4086 ll,
1291 4032 1339 4097 ¹7·
1370 4007 1579 4072 Praemissus

345 4142 363 4184 a
378 4118 522 4184 Caecina
535 4118 692 4183 cohortes
707 4117 755 4203 (in
776 4115 924 4202 ltaliam)
938 4115 1180 4180 advenerant...
1200 4114 1334 4201 (Batavi
1351 4114 1580 4179 Transrhena-

346 4227 446 4314 nique
462 4224 607 4310 Padum)
621 4230 758 4310 repente
772 4230 889 4287 eontra
918 4221 1127 4287 Placentiam
1143 4221 1357 4306 transgressi,
1376 4222 1481 4310 raptis
1509 4222 1580 4308 qui-

344 4329 487 4395 busdam
516 4327 748 4415 (Othonianis)
779 4327 1066 4416 exploratoribus,
1107 4329 1154 4392 ita
1180 4336 1311 4393 ceteros
1346 4337 1507 4406 terruere,
1546 4336 1580 4392 ut

346 4437 464 4502 adesse
477 4458 613 4501 omnem
630 4435 794 4500 Caecinae
808 4436 995 4500 exereitum
1016 4435 1137 4521 trepidi
1158 4459 1196 4499 ae
1213 4435 1287 4500 salsi
1319 4436 1525 4500 nuntiarent.
1540 4473 1583 4486 -

337 4656 344 4692 t
362 4648 403 4697 Ct.
420 4649 527 4698 Οιιιιιιι.
546 4649 865 4698 Onornnet.'1'uttiaaum.

337 4731 347 4764 '²
363 4733 393 4779 A.
412 4729 528 4780 Caecina
541 4729 664 4778 Alienus.
677 4728 800 4789 laroma,
814 4747 854 4792 7¹·

336 4810 348 4845 ³
365 4810 391 4863 Ι
406 4827 411 4859 :
430 4814 457 4875 p.
468 4809 577 4858 caecina
595 4808 697 4859 hausit.
710 4808 785 4859 Corr.
799 4810 906 4859 tlciser.
920 4838 948 4846 —
958 4810 1037 4871 Vale.
1052 4825 1057 4856 ε
1071 4809 1135 4873 ptus
1144 4810 1264 4872 praedae
1274 4826 1303 4857 ra·
1314 4810 1459 4873 srnpuinis
1472 4809 1587 4858 Cnerinu

306 4891 409 4940 hausit.

337 4972 478 5021 ⁴t'eteres
495 4972 614 5021 editores
629 4987 662 5022 cx
678 4970 737 5020 dett
765 4985 770 5018 :
788 4973 819 5019 al.
837 4971 963 5021 Caecina.
