3709 6234
808 867 955 921 TlBElthS
1470 864 1523 920 utu

286 1011 502 1100 appellans...
526 1010 707 1077 satellitem
724 1009 922 1077 Caesaris...
940 1048 980 1061 -
994 1033 1025 1090 a,
1050 1009 1103 1088 46.
1123 1010 1396 1077 Maroboduus...
1418 1016 1523 1075 testu-

288 1118 427 1187 butur...
446 1143 481 1185 se
506 1119 683 1184 duodecim
703 1117 895 1204 legionibus
915 1117 1059 1206 petitum
1075 1118 1159 1183 duce
1190 1116 1322 1183 Tiberio
1347 1116 1523 1183 inlibatam

289 1228 534 1292 Germanorum
559 1225 701 1312 gloriam
722 1224 953 1290 servavisse...
976 1223 1249 1291 Maroboduus...
1274 1224 1408 1290 misit...
1430 1223 1524 1308 lega·

288 1342 341 1400 tos
362 1333 404 1397 ad
425 1334 596 1399 Tiberium
621 1341 774 1398 oraturos
794 1331 932 1397 auxilia.
957 1335 1117 1421 -2‚1i⁷·
1140 1332 1345 1418 (Sardianis)
1372 1332 1523 1397 centiens

289 1442 482 1507 sestertium
498 1440 670 1529 pollicitus
686 1440 810 1504 Caesar
826 1447 871 1514 et,
893 1447 1059 1526 quantum
1080 1439 1208 1504 aerario
1225 1446 1283 1504 aut
1298 1440 1378 1504 tiseo
1399 1438 1522 1528 pende·

289 1548 381 1631 bunt,
405 1549 438 1613 in
455 1548 723 1637 quinquennium
745 1547 885 1614 remisit.
906 1545 947 1601 ’-
970 1570 1001 1626 a,
1024 1547 1266 1623 118.Cuesar...
1290 1545 1377 1610 bona
1407 1546 1523 1612 Aemi-

289 1656 352 1722 liae
377 1655 693 1744 Musae‚locupletis
704 1655 897 1724 intestatae.
914 1654 1019 1742 petita
1031 1655 1065 1719 in
1077 1654 1208 1735 liscum,
1226 1653 1373 1718 Aemilio
1383 1653 1521 1742 Lepido,

288 1764 384 1828 cuius
413 1786 430 1827 e
455 1762 555 1827 domo
584 1760 818 1839 videbatur...,
836 1769 874 1856 'et
903 1760 1114 1827 l’antuleii...
1137 1760 1358 1826 hereditatem
1384 1760 1523 1826 tradidit

289 1871 336 1936 M.
362 1870 546 1936 Servilio...
569 1909 613 1918 -
632 1894 663 1949 a,
693 1871 746 1934 50.
773 1868 979 1957 Appuleiam
1002 1867 1178 1935 Varillam.
1202 1920 1223 1947 .‚
1250 1868 1326 1957 quia
1352 1867 1523 1956 probrosis

288 1977 502 2044 sermonibus
518 1978 641 2041 Divum
655 1978 849 2064 Augustum
872 2000 909 2041 ac
931 1975 1100 2041 Tiberium
1117 1984 1151 2041 et
1179 1983 1320 2040 matrem
1346 1976 1418 2041 eius
1438 1974 1524 2039 inlu·

289 2086 388 2150 sisset
405 2084 608 2171 Caesarique
627 2107 754 2149 conexa
778 2082 943 2148 adulterio
961 2090 1144 2160 teneretur,
1176 2083 1362 2148 maiestatis
1394 2081 1526 2147 delator

288 2191 521 2259 arcessebat...
545 2190 733 2256 Maiestatis
751 2192 878 2255 crimen
902 2190 1066 2277 distingui
1086 2192 1212 2255 Caesar
1232 2189 1459 2278 postularit...
1483 2229 1525 2239 —

289 2326 319 2370 a.
338 2300 392 2367 51.
420 2298 623 2365 laetabatur
638 2298 803 2370 Tiberius.
824 2321 899 2363 eum
928 2300 1016 2363 inter
1032 2297 1120 2362 lilios
1135 2298 1207 2362 eius
1224 2307 1257 2363 et
1276 2297 1369 2384 leges
1385 2304 1524 2361 senatus

288 2407 491 2496 disceptaret
507 2406 561 2492 (de
574 2413 727 2495 praetore
743 2404 985 2494 subrogando).
1003 2444 1046 2455 -
1057 2430 1088 2478 a,
1107 2405 1161 2469 52.
1179 2405 1204 2468 T
1207 2404 1331 2470 iberius
1343 2429 1396 2469 res
1411 2412 1526 2490 gestas

287 2514 451 2601 (Camilli)
473 2513 564 2602 apud
576 2521 729 2578 senatum
743 2512 939 2580 celebravit.
952 2550 996 2563 -
1013 2537 1044 2590 2,
1057 2512 1111 2577 53.
1134 2513 1287 2600 Sequens
1300 2535 1409 2577 annus
1429 2510 1526 2575 Tibe-

288 2624 375 2687 rium
407 2622 557 2698 tertium‚
580 2621 820 2686 Germanicum
854 2621 976 2685 iterum
1011 2619 1170 2684 consules
1203 2618 1393 2684 habuit-
1414 2643 1444 2697 α,
1466 2619 1522 2708 59.

287 2730 442 2793 'liberius
472 2729 628 2816 (Graeco)
663 2728 755 2794 cultu
793 2727 978 2815 habituque
1004 2727 1225 2814 (Germanici)
1251 2725 1384 2791 lenibus
1413 2725 1525 2790 uerbis

289 2837 466 2925 perstricto
481 2838 641 2901 acerrime
661 2836 840 2924 increpuit,
862 2835 953 2923 quod
971 2842 1089 2900 contra
1110 2836 1262 2899 instituta
1284 2834 1431 2919 Augusti
1456 2855 1523 2897 non

288 2952 409 3032 sponte
424 2945 587 3031 principis
607 2942 851 3008 Alexandriam
873 2943 1057 3008 introisset.
1081 2980 1123 2989 -
1141 2966 1171 3020 a,
1189 2940 1244 3006 63.
1267 2940 1520 3009 Maroboduo...

287 3073 354 3116 nnn
368 3051 460 3115 aliud
473 3050 663 3116 subsidium
679 3073 782 3138 quam
798 3049 1028 3114 misericordia
1044 3050 1199 3115 Caesaris
1228 3048 1303 3114 luit.
1322 3050 1524 3134 Transgres-

288 3182 346 3223 sus
371 3159 604 3225 Danuvium...
628 3159 764 3246 scripsit
791 3156 966 3223 Tiberio...
989 3157 1202 3244 Responsum
1221 3181 1238 3219 a
1253 3143 1396 3221 Caesare
1418 3163 1523 3221 tutam

286 3267 315 3331 ei
329 3267 594 3364 honoratamque
615 3266 730 3330 sedem
745 3266 779 3330 in
796 3264 892 3329 ltalia
914 3263 1024 3329 sore...
1041 3302 1084 3314 —
1105 3289 1135 3341 a,
1149 3264 1205 3341 64.
1223 3264 1349 3329 Structi
1371 3272 1404 3328 et
1424 3287 1522 3328 arcus

287 3374 412 3439 circum
428 3373 534 3438 latera
547 3372 662 3461 templi
676 3372 796 3437 Martis
814 3371 941 3436 Vltoris
952 3394 1029 3436 cum
1046 3370 1156 3457 effigie
1173 3370 1369 3444 Caesarum,
1385 3370 1523 3435 laetiore
1599 3453 1613 3464 ·

288 3480 433 3556 Tiberio,
456 3482 535 3568 quia
555 3503 672 3568 pacem
700 3480 865 3567 sapientia
896 3480 1099 3552 lirmaverat,
1132 3478 1284 3565 quamsi
1311 3476 1439 3541 bellum
1466 3500 1526 3564 per

287 3590 375 3653 acies
390 3588 602 3653 coniecisset.
618 3626 661 3637 -
677 3611 707 3663 2,
731 3586 785 3651 65.
804 3586 894 3651 Nihil
905 3609 1010 3675 aeque
1026 3585 1196 3650 Tiberium
1213 3586 1350 3649 anxium
1365 3583 1522 3655 babebat.

288 3719 389 3784 quam
405 3719 446 3759 ne
463 3695 648 3782 composita
661 3693 918 3760 turbarentur...
931 3693 1132 3759 Thraecia...
1148 3693 1240 3757 omni
1262 3692 1389 3779 potitus
1405 3691 1526 3778 (libes-

287 3802 434 3890 cuporis)
460 3802 595 3890 scripsit
614 3800 657 3865 ad
677 3800 847 3866 'liberium
873 3809 1020 3867 structas
1048 3799 1112 3866 sibi
1135 3800 1318 3866 insidias..
1342 3838 1383 3848 —
1405 3822 1438 3877 a,
1469 3798 1523 3865 66.

289 3910 357 3974 Nec
380 3918 492 3975 tamen
513 3909 638 3974 Caesar
658 3909 782 3996 (occiso
803 3908 925 3995 Cotye)
946 3907 1088 3997 placitas
1119 3905 1223 3972 semel
1250 3916 1342 3972 artes
1368 3908 1524 3979 mutavit,

289 4017 349 4081 sed
363 4015 521 4081 defuncto
539 4016 754 4090 Pandusa...
780 4016 1005 4104 Pomponium
1032 4015 1230 4084 Flaccum...
1256 4013 1405 4079 Moesiae
1432 4036 1527 4101 prae·

288 4125 378 4190 fecit.
396 4164 438 4173 -
455 4148 485 4200 a,
504 4149 557 4212 72.
578 4123 668 4188 llaec
689 4122 802 4212 palam
820 4124 1056 4209 (Germanicus
1079 4145 1221 4188 uxorem
1246 4122 1393 4209 monuit)
1412 4130 1445 4187 ct
1461 4122 1526 4187 alia

290 4239 430 4303 secreto,
462 4254 521 4318 per
544 4253 630 4318 quae
662 4231 841 4297 ostendere
870 4230 1069 4295 credebatur
1098 4237 1225 4294 metum
1257 4253 1297 4294 ex
1320 4227 1527 4294 Tiberio.-

290 4364 322 4412 α,
336 4359 388 4426 77.
417 4338 596 4426 (Loquitur
612 4337 703 4426 apud
722 4339 784 4404 Cn.
804 4339 962 4403 Pisonem
979 4337 1149 4403 Domitius
1171 4337 1283 4425 Celer)
1306 4365 1321 4394 u
1346 4337 1452 4403 ...list
1466 4335 1526 4401 tibi

290 4448 464 4532 Augustae
493 4446 710 4522 conscicntia,
747 4453 799 4510 cst
825 4445 980 4511 Caesaris
1007 4446 1113 4522 lavor,
1141 4445 1201 4509 sed
1227 4445 1260 4508 in
1285 4443 1429 4510 occulto.
1452 4473 1467 4503 »ι
1483 4480 1525 4493 -

291 4578 321 4632 2,
335 4557 388 4640 78.
403 4553 523 4619 Pisa...
540 4553 694 4618 missis..
713 4552 754 4617 ad
775 4552 945 4618 Tiberium
962 4552 1117 4640 epistulis
1141 4553 1273 4617 incusat
1287 4552 1525 4616 Germanicum

289 4660 389 4724 luxus
404 4667 438 4724 et
458 4659 645 4747 superbiae.
668 4698 712 4711 -
732 4686 763 4734 a,
781 4661 834 4725 80.
854 4660 978 4725 Piso...
996 4659 1191 4726 Caesaris...
1206 4682 1241 4724 se
1256 4659 1406 4746 legatum
1421 4666 1525 4724 testa·

287 4768 387 4833 batur
406 4767 591 4854 provincia,
610 4791 710 4856 quam
725 4768 754 4831 is
767 4767 927 4843 dedisset,
944 4767 1092 4833 arceri...
1115 4802 1154 4815 -
1172 4790 1204 4844 a,
1223 4767 1276 4831 81.
1301 4766 1378 4830 Piso
1403 4767 1524 4844 oravit,

289 4883 326 4939 ut
346 4872 479 4938 traditis
494 4875 596 4938 armis
617 4882 768 4939 maneret
794 4875 827 4938 in
852 4872 1005 4952 castello,
1029 4873 1111 4938 dum
1137 4873 1272 4952 Caesar,
1303 4874 1356 4938 cui
1392 4874 1526 4959 Syriam

289 4983 509 5078 permitteret.
531 4982 730 5053 consulitur.
753 5020 795 5030 -
812 5006 842 5051 a.
859 4981 914 5048 82.
933 4982 1002 5053 Nec
1017 4980 1151 5051 obstitit
1171 4980 1267 5046 falsis
1287 4980 1467 5076 (laetisque
1483 4980 1525 5045 de
