3709 6234
349 857 403 917 362
938 857 1046 912 [ralla

393 1003 535 1092 dilapsis
548 1001 741 1068 ascendisse
755 1024 876 1067 navem
897 1010 1069 1090 tamquam
1086 999 1218 1068 ltaliam
1233 1008 1375 1089 peteret.
1396 1039 1441 1054 -
1455 1001 1486 1080 6,
1506 1002 1535 1074 3,
1557 1003 1630 1072 Hoc

392 1115 536 1201 pretium
548 1110 695 1194 (lunius)
708 1109 818 1174 Gallio
833 1109 1013 1176 meditatae
1029 1108 1234 1175 adulationis
1262 1108 1352 1191 tulit,
1382 1110 1498 1175 statim
1524 1111 1628 1190 curia,

393 1220 514 1284 deinde
530 1218 626 1284 ltalia
651 1226 801 1283 exactus.
815 1256 859 1269 -
875 1218 905 1302 e,
924 1242 974 1284 ιι.
992 1218 1171 1305 Augustus
1186 1216 1285 1282 bellis
1305 1217 1463 1283 civilibus
1483 1218 1631 1286 Cilnium

392 1328 634 1393 Maecenatem.
658 1379 664 1392 .
683 1327 814 1391 cunetis
835 1325 924 1413 apud
941 1326 1083 1390 Romam
1096 1334 1196 1413 atque
1217 1324 1348 1392 ltaliam
1366 1327 1572 1413 praeposuit.
1590 1365 1632 1378 —

391 1436 424 1515 6,
444 1436 491 1500 16.
511 1437 634 1521 Legem
648 1433 823 1499 dictatoris
839 1434 1006 1510 Caesaris,
1029 1457 1095 1522 qua
1111 1434 1152 1498 de
1167 1434 1268 1498 modo
1284 1432 1441 1499 credendi
1456 1434 1632 1522 possiden·

394 1544 494 1632 dique
512 1545 598 1608 intra
617 1541 748 1608 ltaliam
765 1551 914 1608 cavetur.
936 1582 979 1591 -
995 1541 1026 1620 6,
1045 1567 1094 1631 17.
1123 1542 1178 1607 nd
1194 1543 1256 1607 hoe
1278 1550 1415 1607 senatus
1444 1545 1632 1632 praescrip-

392 1660 492 1727 serat,
506 1653 589 1717 duas
605 1651 750 1741 quisque
762 1650 907 1716 laenoris
923 1659 1036 1739 partes
1051 1652 1085 1716 in
1098 1652 1189 1738 agris
1201 1675 1263 1739 per
1275 1651 1407 1720 ltaliam
1423 1651 1627 1720 conlocaret.

392 1799 434 1809 —
451 1784 499 1840 11,
517 1763 565 1836 1.(.
583 1760 620 1823 ln
638 1757 733 1823 ltalia
747 1758 880 1823 litrusci
897 1757 939 1823 ab
950 1759 1125 1825 Corinthio
1142 1760 1335 1840 Demarato,
1349 1759 1555 1847 Aborigines
1566 1761 1631 1828 Ar·

392 1868 473 1933 eade
493 1867 535 1932 ab
556 1866 715 1932 Evandro
729 1866 920 1932 didicerunt
935 1866 1108 1955 (litteras).
1126 1906 1169 1916 -
1190 1890 1238 1943 ιι,
1271 1870 1321 1932 15.
1340 1867 1486 1934 Rettulit
1509 1868 1630 1934 deinde
1683 1916 1686 1922 -

393 1975 582 2062 (Claudius)
599 1975 639 2040 ad
653 1981 808 2038 senatum
825 1998 926 2064 super
941 1975 1084 2062 collegio
1103 1977 1331 2063 haruspicum,
1345 1999 1386 2040 ne
1399 1977 1629 2042 vetustissima

392 2083 508 2149 ltaliae
523 2086 702 2176 disciplina
722 2114 780 2179 per
796 2085 963 2154 desidiam
980 2082 1199 2150 exolesceret.
1221 2122 1265 2134 --
1288 2108 1337 2164 11,
1364 2108 1417 2151 22.
1449 2084 1631 2150 Gliscenti·

390 2191 453 2256 bus
466 2196 610 2281 negotiis
630 2197 697 2261 duo
715 2193 939 2286 (quaestores)
957 2193 1076 2276 additi,
1094 2193 1150 2280 qui
1177 2192 1305 2257 Romae
1332 2201 1490 2258 curarent
1511 2213 1518 2268 ;
1551 2216 1631 2258 mox

391 2299 584 2386 duplicatus
607 2328 779 2376 numerus,
796 2301 1015 2390 stipendiaria
1044 2300 1111 2365 iam
1132 2299 1228 2364 ltalia
1244 2308 1278 2365 et
1297 2299 1537 2365 accedentibus
1551 2325 1630 2389 pro-

391 2408 579 2474 vinciarum
596 2412 832 2498 vectigalibus
850 2394 895 2460 ζ-
915 2434 964 2488 ιι,
989 2408 1041 2473 23.
1060 2407 1189 2473 Studiis
1214 2407 1357 2473 dirersis
1387 2408 1476 2495 apud
1507 2408 1631 2496 princi·

391 2539 470 2605 pem
483 2518 685 2590 certabatur.
699 2518 970 2585 adseverantium
984 2539 1049 2580 non
1067 2515 1151 2580 adeo
1167 2539 1303 2602 aegram
1320 2515 1463 2594 ltaliam,
1477 2523 1515 2582 ut
1526 2540 1620 2582 sena·

392 2631 464 2688 tum
477 2627 694 2713 suppeditare
710 2627 785 2691 urbi
801 2649 879 2691 suae
895 2625 1061 2713 nequiret.
1074 2662 1117 2672 -
1136 2647 1187 2700 ιι,
1204 2627 1256 2701 24.
1270 2624 1451 2712 (Loquitur
1466 2624 1630 2690 Claudius

395 2730 535 2819 Caesar)
578 2762 593 2794 a
622 2735 738 2824 Neque
759 2735 846 2799 enim
869 2734 1029 2820 ignoro...
1060 2732 1194 2796 Etruria
1233 2732 1448 2821 Lucaniaque
1476 2740 1510 2797 et
1538 2733 1631 2798 omni

394 2838 490 2903 ltalia
509 2840 541 2904 in
559 2850 712 2907 senatum
731 2842 897 2907 accitos...
925 2839 1019 2918 Quae
1048 2862 1135 2903 nunc
1169 2839 1401 2904 vetustissima
1432 2839 1627 2918 creduntur,

389 2969 475 3011 nova
493 2947 595 3020 luere,
609 2949 731 3037 plebeii
744 2950 962 3037 magistratus
974 2947 1230 3035 postpatricios‚
1245 2947 1356 3011 Latini
1369 2955 1447 3036 post
1459 2947 1623 3035 plebeios,

391 3062 579 3119 ceterarum
594 3056 710 3121 ltaliae
725 3059 879 3144 gentium
900 3063 978 3143 post
998 3055 1148 3120 Latinos.
1176 3083 1191 3112 »ι
1211 3093 1254 3103 -
1273 3078 1323 3137 12,
1341 3056 1372 3120 8.
1390 3054 1516 3142 (lunia)
1550 3055 1628 3121 Cal·

390 3162 511 3228 vina..
540 3162 634 3228 ltalia
661 3164 759 3251 pulsa
787 3171 849 3230 est.
879 3198 917 3211 -
947 3187 996 3242 12,
1014 3187 1067 3226 22.
1099 3160 1303 3227 Claudius..
1335 3163 1493 3248 (censuit,
1520 3162 1628 3229 Lollia

377 3269 546 3355 ·l‘aulina)
564 3270 745 3359 publicatis
760 3271 859 3336 bonis
874 3272 1009 3337 eederet
1031 3268 1138 3335 ltalia.
1157 3308 1199 3316 -
1229 3294 1277 3347 12,
1297 3269 1350 3334 36.
1382 3269 1485 3334 Fama
1510 3270 1626 3355 (Cara-

391 3378 455 3442 taci
474 3378 569 3442 ducis
587 3379 843 3466 Britannorum)
869 3402 967 3466 ...per
993 3376 1123 3443 ltaliam
1153 3400 1285 3465 (quoque
1310 3375 1554 3443 celebrabatur.
1584 3416 1628 3427 —

396 3509 445 3563 12,
464 3486 518 3562 (13.
542 3486 590 3550 ht
621 3485 755 3551 hercule
775 3486 855 3551 olim
873 3485 970 3551 ltalia
997 3484 1184 3571 legionibus
1207 3483 1411 3572 longinquas
1436 3485 1471 3548 in
1491 3485 1628 3573 provin-

389 3592 458 3656 cias
471 3601 679 3658 eommeatus
696 3593 863 3682 portabat,
879 3616 941 3658 nec
953 3615 1041 3657 nune
1057 3591 1306 3656 insecundidate
1322 3590 1505 3669 laboratur,
1524 3592 1627 3661 sed...

390 3739 433 3748 —-
455 3724 505 3777 12,
524 3700 577 3763 52.
599 3702 648 3765 lle
662 3700 911 3766 mathematicis
925 3699 1022 3764 ltalia
1036 3698 1203 3787 pellendis
1237 3698 1363 3763 lactum
1389 3709 1527 3765 senatus
1548 3724 1629 3766 con-

389 3806 515 3872 sultum
532 3815 628 3872 atrox
645 3809 832 3873 etirriturn.
858 3847 898 3858 -
930 3829 979 3884 12,
1003 3806 1056 3872 65.
1085 3807 1268 3895 (Domitiae
1301 3806 1462 3895 Lepidae)
1496 3807 1626 3874 obiecta

393 3924 528 3994 sunt...
546 3915 703 4003 quodque
719 3939 837 4003 parum
858 3916 1012 3981 coercitis
1028 3938 1087 4003 per
1099 3914 1288 3979 Calabriam
1311 3938 1486 3980 servorum
1521 3917 1628 4004 agmi-

388 4020 489 4085 nibus
501 4045 617 4109 paeem
632 4023 747 4087 ltaliae
758 4022 921 4088 turbaret.
938 4058 963 4068 -
991 4022 1040 4098 13,
1058 4024 1090 4099 ά.
1108 4022 1290 4109 (Loquitur
1304 4022 1407 4109 Nero)
1419 4023 1628 4089 a...'l‘cneret

389 4129 525 4216 antiqua
541 4130 656 4193 munia
670 4138 820 4206 senatus,
845 4131 1023 4195 consulum
1039 4128 1266 4194 tribunalibus
1297 4129 1393 4196 ltalia
1413 4138 1446 4195 et
1474 4131 1626 4217 publicae

390 4236 582 4322 provinciae
610 4237 855 4303 adsisterent.»
872 4277 914 4287 -
936 4238 986 4308 13,
1010 4238 1063 4304 25.
1092 4238 1246 4302 Discordi
1268 4238 1392 4326 populo
1409 4246 1443 4303 et
1461 4241 1625 4326 gravioris

389 4351 501 4407 motus
516 4352 639 4408 terrore
655 4368 722 4408 non
739 4344 830 4409 aliud
844 4345 1029 4410 remedium
1046 4353 1215 4432 repertum
1231 4354 1294 4420 est,
1312 4369 1412 4433 quam
1437 4355 1474 4412 ut
1507 4348 1627 4413 histri·-

389 4473 470 4514 ones
488 4450 582 4516 ltalia
608 4451 856 4539 pellerentur...
877 4491 913 4502 -
937 4454 984 4530 13,
1005 4454 1057 4518 28.
1083 4453 1246 4519 Prohibiti
1263 4453 1388 4518 tribuni
1406 4454 1458 4518 ius
1486 4462 1627 4542 praeto-

390 4582 463 4622 rum
479 4567 512 4623 et
532 4559 708 4623 consulum
725 4561 914 4648 praeripere
930 4570 988 4626 aut
1001 4584 1120 4626 vocare
1136 4585 1177 4625 ex
1196 4562 1302 4638 ltalia,
1322 4584 1397 4626 curn
1414 4561 1536 4649 quibus
1552 4563 1626 4650 lege

389 4668 443 4753 agi
459 4673 582 4752 posset.
597 4707 639 4717 —
658 4668 707 4746 13,
727 4667 779 4732 30.
797 4668 937 4732 Clodius
961 4668 1155 4747 Quirinalis,
1189 4670 1418 4757 ...praelectus
1445 4671 1623 4757 remigum,

389 4774 445 4862 qui
463 4773 642 4838 llarennae
657 4775 908 4861 (habebantur).
922 4776 1016 4842 velut
1027 4778 1176 4841 intimam
1193 4779 1367 4842 nationum
1383 4778 1514 4843 ltaliam
1525 4777 1626 4844 luxu-

390 4882 438 4945 ria
453 4882 658 4970 saevitiaque
675 4882 930 4963 (adllietaverat)
962 4925 1004 4932 —
1025 4885 1146 4962 13,1(2.
1171 4886 1347 4973 (Loquitur
1368 4887 1422 4972 P.)
1440 4885 1623 4952 Suillius...

921 4961 925 4969 ι

389 4990 549 5058 Senecam
577 4989 810 5084 increpans...,
844 4990 976 5056 ltaliam
1015 5000 1046 5057 et
1076 4992 1267 5083 provincias
1296 4993 1462 5062 immenso
1492 4994 1625 5064 faenore
