3709 6234
670 852 869 904 cttevnmvs
889 853 1066 904 sltvmrrvs
1462 848 1513 905 tot>

278 987 316 1054 L.
344 987 433 1053 Piso¹
463 997 497 1056 et
522 989 641 1055 Gallus
670 992 811 1057 Asinius
834 1002 868 1059 et
887 993 1012 1082 Papius
1040 993 1182 1059 Mutilus
1209 1001 1242 1059 et
1272 994 1309 1059 L.
1341 995 1513 1083 Apronius

276 1094 454 1162 decrevero
470 1097 526 1180 (ob
541 1107 683 1164 mortem
695 1099 833 1165 Libonis
854 1100 982 1188 Drusi).
997 1140 1040 1150 —
1066 1126 1098 1182 a,
1116 1101 1169 1179 dd.
1189 1102 1226 1167 L.
1250 1102 1329 1166 Piso
1348 1102 1513 1167 ambitum

277 1202 352 1281 fori,
374 1213 531 1292 corrupta
545 1206 708 1273 iudicia...
724 1208 914 1296 increpans,
933 1209 1024 1273 abire
1037 1232 1072 1274 se
1087 1217 1120 1275 et
1133 1208 1251 1274 cedere
1267 1208 1390 1274 urbe...
1409 1217 1513 1275 testa-

278 1309 417 1378 batur...
444 1312 643 1378 Commotus
670 1322 721 1380 est
747 1315 899 1381 Tiberius
923 1324 968 1395 et,
1000 1339 1204 1405 quamquam
1235 1315 1373 1380 mitibus
1401 1315 1513 1381 verbis

280 1418 437 1484 Pisonem
477 1420 723 1507 permulsisset,
769 1424 978 1511 propinquos
1008 1447 1141 1512 quoque
1187 1424 1259 1488 eius
1293 1423 1439 1512 impulit,
1476 1430 1514 1489 ut

279 1525 499 1593 abeuntem...
532 1536 698 1598 tenerent.
729 1530 828 1594 Haud
859 1532 971 1595 minus
993 1530 1089 1596 liberi
1114 1529 1240 1595 doloris
1274 1530 1512 1595 documentum
1611 1606 1613 1610 y

278 1633 366 1697 idem
414 1634 492 1700 Piso
524 1659 603 1700 mox
631 1635 725 1702 dedit
765 1645 884 1703 vocata
924 1639 958 1702 in
1006 1639 1058 1703 ius
1092 1637 1318 1727 Vrgulania...
1355 1637 1423 1702 Nec
1458 1645 1515 1703 aut

279 1740 464 1827 Vrgulania
500 1742 765 1831 obtemperavit,
807 1746 840 1809 in
881 1746 1020 1810 domum
1054 1744 1209 1810 Caesaris
1244 1752 1356 1834 spreto
1391 1745 1515 1810 Pisone

278 1856 387 1928 vecta,
425 1858 483 1915 aut
521 1849 578 1916 illc
612 1850 817 1918 abscessit...
852 1853 1055 1941 Propinquis
1081 1852 1240 1918 Pisonem
1269 1853 1392 1918 lrustra
1423 1876 1515 1918 coer·

277 1955 442 2035 centibus,
482 1956 605 2023 deferri
637 1961 794 2047 Augusta
833 1961 1022 2047 pecuniam,
1060 1983 1145 2048 quae
1177 1960 1356 2048 petebatur
1371 1959 1511 2046 (iussit).

281 2061 378 2151 lsque
392 2064 470 2129 sinis
482 2065 540 2145 rei,
555 2088 597 2131 ex
623 2090 688 2154 qua
715 2089 823 2155 neque
854 2067 932 2132 Piso
958 2066 1123 2154 inglorius
1162 2075 1195 2133 et
1223 2067 1349 2133 Caesar
1387 2066 1513 2131 maiore

285 2171 373 2238 larria
392 2169 467 2238 suit.
489 2212 533 2222 —
558 2172 589 2253 3,
617 2199 665 2239 ιι.
693 2175 764 2239 Reo
787 2175 861 2263 (Cn.
891 2175 1062 2261 Pisoni)...
1081 2173 1139 2240 Μ’.
1158 2174 1305 2262 Lepidus
1319 2183 1353 2240 et
1377 2175 1414 2239 l..
1437 2174 1515 2238 Piso

281 2292 314 2349 et
339 2282 509 2348 Livineius
543 2281 694 2369 Regulus
720 2283 883 2369 (patroni)
916 2282 1063 2347 adfuere.
1096 2321 1140 2332 -
1178 2280 1210 2362 3,
1245 2280 1299 2347 68.
1335 2281 1515 2369 (Tiberius)

282 2392 320 2457 L.
355 2390 514 2455 Pisonem
545 2390 748 2454 sententiam
778 2397 887 2477 rogat.
917 2389 1019 2455 llle...
1056 2413 1141 2478 aqua
1171 2397 1271 2478 atque
1299 2390 1369 2477 igni
1399 2388 1515 2453 Silano

283 2495 550 2563 interdicendum
578 2497 710 2562 censuit
739 2498 916 2586 ipsumque
948 2498 981 2562 in
1017 2495 1162 2561 insulam
1189 2497 1339 2583 Gyarum
1364 2496 1517 2583 relegau-

282 2605 435 2670 dum.-
461 2605 493 2680 d,
526 2627 579 2668 ar.
610 2603 734 2668 Actum
749 2604 879 2669 debinc
900 2604 941 2669 dc
971 2603 1154 2691 Calpurnio
1186 2604 1318 2681 Pisone,
1343 2603 1447 2668 nobili
1479 2627 1516 2668 ac

281 2713 381 2777 loroci
409 2712 493 2777 viro.
525 2709 557 2774 ls
590 2733 747 2799 namque,
782 2719 819 2776 ut
847 2710 975 2791 rettuli,
998 2734 1171 2777 cessurum
1196 2734 1231 2775 se
1259 2710 1341 2776 urbo
1375 2710 1418 2775 ob
1446 2709 1515 2775 lac-

282 2821 390 2885 tiones
420 2826 654 2884 accusatorum
687 2819 720 2882 in
748 2827 868 2884 senatu
901 2818 1134 2883 clamitaverat
1163 2826 1197 2884 et
1228 2826 1340 2905 spreta
1365 2819 1515 2905 potentia

283 2930 457 3014 Augustae
482 2925 613 2990 trabere
636 2926 669 2990 in
690 2926 741 2989 ius
752 2925 1015 3013 Vrgulaniam...
1039 2949 1141 2990 ausus
1156 2934 1268 2991 erat...
1299 2926 1458 2990 Pisonem
1472 2923 1512 3002 Q.

283 3034 429 3099 Granius
447 3033 566 3098 secreti
579 3033 746 3097 sermonis
765 3034 934 3099 incusavit
954 3032 1134 3098 adversum
1160 3033 1369 3098 maiestatem
1395 3031 1513 3109 babiti,

283 3141 470 3229 adiecitque
487 3141 521 3204 in
537 3139 639 3204 domo
658 3142 730 3205 eius
747 3163 915 3206 venenum
939 3163 1012 3206 esse
1036 3164 1179 3229 eumque
1196 3140 1309 3228 gladio
1330 3140 1516 3205 accinctum

283 3249 419 3315 introire
438 3248 607 3313 curiam...
635 3248 803 3335 Receptus
830 3256 881 3313 est
903 3270 980 3313 reus
1003 3271 1112 3336 neque
1137 3256 1292 3336 peractus
1312 3247 1354 3310 ob
1375 3254 1516 3311 mortem

284 3363 519 3446 opportunam.

240 3464 277 3531 L.
296 3461 616 3552 (CALPVRNIVS)
635 3463 747 3538 Plso,
764 3487 796 3527 v.
816 3464 854 3527 L.
873 3462 974 3528 PISO
992 3464 1051 3549 (A.
1071 3466 1111 3543 B,
1130 3464 1169 3543 C,
1188 3463 1243 3549 1)).

239 3572 292 3661 (L.
316 3568 619 3657 CALPVRNIVS)
642 3568 741 3634 PlSt)
768 3569 1042 3651 LlClNlANt'S,
1060 3593 1094 3649 v,
1120 3567 1218 3634 PlSO
1240 3567 1514 3634 LlClNlANVS.

237 3678 286 3744 M.
309 3675 629 3764 (CALPVRNIVS)
647 3676 760 3758 PlSO,
779 3701 811 3742 v.
835 3676 883 3742 M.
904 3676 1015 3742 PISO.

239 3782 529 3851 CALPVRNlt'S
562 3783 859 3862 REPENTINVS,
891 3782 1190 3849 CALPVRNIVS.
1215 3819 1256 3831 -
1282 3784 1307 3862 l,
1332 3781 1384 3847 56.
1412 3781 1519 3861 Quat·

285 3900 358 3958 tuor
391 3892 607 3957 centuriones
641 3890 949 3956 duoetvicensimae
980 3891 1137 3979 legionis,
1172 3890 1300 3955 Nonius
1335 3889 1517 3978 ReceptuS,

286 4000 451 4065 Donatius
475 3998 614 4073 Valens,
646 3998 814 4063 Romilius
842 3997 1036 4076 Marcellus,
1069 3997 1273 4085 Calpurnius
1294 3997 1517 4085 Repentinus,

285 4130 362 4173 cum
402 4113 618 4194 protegerent
651 4105 780 4170 Galbae
818 4106 997 4193 imagines,
1034 4107 1162 4194 impetu
1209 4104 1354 4170 militum
1389 4103 1519 4192 abrepti

284 4215 468 4304 vinctique.
499 4252 542 4262 -
569 4237 597 4290 r,
629 4215 682 4302 59.
720 4213 881 4294 Nonium,
918 4215 1115 4292 Donatum,
1150 4212 1346 4286 Romilium,
1376 4212 1520 4299 Calpur-

285 4324 379 4388 nium
413 4321 669 4387 centuriones...
719 4320 825 4385 occidi
860 4322 959 4385 iussit
989 4321 1189 4410 (Vitellius),
1227 4320 1405 4385 damnatos
1443 4318 1520 4382 fidei

285 4430 466 4495 crimine...

244 4535 504 4602 CALPVRNIV
507 4536 531 4601 S
547 4534 818 4616 SALVIANVS,
842 4534 1131 4602 SALt'IANt'SQ.
1155 4574 1198 4583 -
1222 4539 1254 4614 A,
1274 4534 1326 4599 36.
1349 4533 1521 4601 Feriarum

288 4644 483 4710 Latinarum
504 4642 624 4708 diebus
639 4643 846 4731 praelectum
861 4644 955 4708 urbis
978 4643 1165 4708 Drusum...
1192 4641 1300 4730 (adiit)
1316 4640 1522 4728 Calpurnius

277 4923 284 4956 ¹
304 4922 349 4974 M:
364 4923 394 4972 Ρ.
411 4922 488 4971 Corr.
503 4922 543 4975 lo.
562 4923 605 4975 Fr.
624 4922 792 4971 Gronovius.
816 4947 840 4957 -
859 4919 967 4979 Lipsius
981 4934 987 4968 ε
1000 4919 1027 4966 1..
1045 4918 1153 4972 Paetus,
1170 4918 1214 4965 atii
1233 4917 1295 4964 alia.

277 5002 288 5038 ²
306 5003 428 5059 Prason..
444 5004 499 5052 soa.
