3709 6234
844 861 989 916 HERODES
1502 852 1556 911 345

315 1043 358 1053 -
381 1004 438 1084 IV,
466 1028 521 1090 70.
548 1002 749 1068 Valentinus
777 1025 815 1067 ae
845 1003 950 1068 Tutor
983 1003 1017 1067 in
1048 1025 1140 1067 arma
1169 1002 1332 1067 Treveros
1365 1001 1553 1080 retrahunt,

315 1109 436 1174 occisis
466 1109 637 1174 Herennio
664 1133 702 1173 ac
735 1109 889 1174 Numisio
922 1110 1055 1197 legatis,
1085 1132 1152 1197 que
1184 1109 1312 1173 minore
1345 1133 1405 1196 spe
1438 1109 1555 1174 veniae

315 1225 479 1283 cresceret
511 1216 685 1281 vinculum
722 1216 870 1282 sceleris.
901 1251 937 1261 -
986 1217 1044 1297 lV,
1071 1241 1125 1305 77.
1186 1216 1364 1304 (Loquitur
1412 1216 1554 1281 Petilius

316 1324 470 1410 Cerialis)
501 1349 517 1387 a
533 1322 794 1389 Adnumerabor
823 1324 985 1389 Numisiis
1005 1332 1038 1389 et
1054 1323 1244 1407 Herenniis,
1267 1331 1306 1389 ut
1318 1346 1437 1389 omnes
1452 1322 1554 1411 legati

318 1430 421 1496 vestri
437 1439 495 1495 aut
514 1430 661 1495 militum
682 1429 839 1496 manibus
859 1439 917 1496 aut
937 1430 1084 1496 bostium
1101 1430 1310 1496 ceciderint¹.
1331 1457 1346 1489 »

273 1536 534 1603 HERENNlVS
563 1536 770 1617 SENEClO,
803 1537 1031 1603 SENE010‘2.
1074 1576 1115 1587 -
1150 1543 1192 1603 Α.
1224 1562 1253 1603 2.
1285 1538 1455 1624 Legimus,
1478 1562 1554 1602 eum

316 1645 467 1711 Aruleno
501 1645 639 1710 llustico
675 1647 797 1710 Paetus
834 1645 993 1726 Thrasea,
1018 1645 1188 1711 Herennio
1217 1646 1393 1711 Senecioni
1419 1645 1555 1710 Priscus

318 1752 496 1818 Helvidius
529 1753 656 1817 laudati
671 1760 796 1829 essent,
823 1752 967 1840 capitale
989 1753 1103 1826 luisse,
1130 1775 1238 1840 neque
1267 1753 1301 1817 in
1334 1753 1426 1840 ipsos
1456 1753 1555 1817 modo

316 1867 483 1937 auctores,
502 1860 560 1924 sed
587 1860 621 1923 in
644 1859 749 1924 libros
773 1883 907 1948 quoque
923 1883 1039 1925 eorum
1055 1860 1263 1925 saevitum...
1280 1897 1325 1911 -
1343 1862 1397 1937 45.
1421 1859 1492 1925 Nos
1508 1860 1556 1924 in-

317 1967 451 2033 nocenti
466 1967 633 2054 sanguine
648 1966 788 2032 Senecio
807 1966 965 2055 perfudit.

274 2073 622 2140 HERMAGORAS³.
635 2112 680 2125 -
695 2075 733 2138 0.
752 2098 801 2162 ¹9·
820 2073 1001 2162 (Loquitur
1013 2073 1121 2162 Aper)
1144 2073 1289 2160 «Longa
1314 2074 1555 2161 principiorum

317 2182 527 2271 praeparatio
543 2189 576 2247 et
599 2182 800 2247 narrationis
816 2181 883 2247 alte
899 2182 1039 2269 repetita
1064 2182 1168 2246 series
1197 2188 1230 2246 et
1257 2180 1440 2246 multarum
1472 2181 1556 2246 divi·

315 2291 447 2355 sionum
477 2290 659 2355 ostentatio
686 2298 720 2355 et
754 2289 845 2354 mille
868 2297 1144 2375 argumentorum
1178 2289 1304 2375 gradus
1329 2296 1362 2353 et
1388 2289 1554 2377 quidquid

318 2395 408 2461 aliud
429 2394 631 2460 aridissimis
647 2395 875 2482 Hermagorae
895 2402 929 2459 et
948 2393 1149 2482 Apollodori
1176 2393 1271 2458 libris
1297 2394 1512 2483 praecipitur.
1538 2419 1554 2456 o

274 2501 592 2569 llEllMlNONES.
621 2540 666 2553 -
699 2505 737 2567 (ι’.
769 2527 799 2565 a.
823 2500 949 2565 Manno
965 2500 1042 2588 (deo
1065 2502 1239 2588 Germani)
1264 2509 1332 2566 tres
1353 2501 1440 2566 lilios
1465 2502 1555 2566 adsi-

316 2617 434 2695 gnant,
454 2634 472 2675 e
496 2632 639 2697 quorum
656 2607 850 2674 nominibus
870 2609 1014 2697 proximi
1043 2611 1176 2674 Oceano
1212 2608 1433 2695 lugaevones,
1454 2608 1556 2674 medii

319 2717 584 2782 Herminones..
599 2724 772 2782 vocentur.

278 2823 598 2903 HEHMVNDVHI,
619 2823 968 2888 HHllblVNDVllVS
985 2824 1089 2908 (sing.
1111 2823 1219 2910 cell).
1247 2862 1292 2873 —
1313 2849 1343 2902 a,
1362 2824 1418 2889 63.
1440 2823 1556 2910 (Catu-

320 2931 412 3017 alda)
422 2931 541 3021 pulsus
560 2930 650 2996 baud
670 2931 778 2996 multe
794 2939 871 3019 post
886 2930 1201 2996 Hermundurorum
1218 2930 1350 3019 opibus.
1369 2970 1412 2981 -
1431 2956 1480 3006 12,
1499 2955 1553 3020 29.

322 3039 466 3105 Vibilius
496 3039 810 3104 Hermundurorum
847 3062 917 3104 rex.
952 3074 996 3088 -
1031 3061 1080 3112 12,
1117 3039 1170 3104 30.
1204 3038 1341 3126 Iazuges
1370 3038 1556 3104 obsidionis

318 3148 533 3236 impatientes
548 3155 582 3212 et
599 3148 772 3234 proximos
785 3169 843 3233 per
858 3170 997 3234 campos
1016 3145 1093 3231 vagi
1118 3147 1400 3212 necessitudinem
1421 3169 1555 3233 pugnae

318 3255 481 3340 (Vannio)
501 3253 655 3326 attulere,
674 3254 752 3341 quia
769 3253 896 3340 Lugius
911 3252 1237 3341 Hermundurusque
1257 3252 1325 3319 illic
1345 3254 1554 3341 ingruerant.

317 3401 359 3411 -
381 3362 430 3435 1³,
450 3364 502 3451 57.
519 3362 644 3427 Eadem
660 3369 787 3427 aestate
803 3362 890 3427 inter
903 3360 1160 3426 Hermunduros
1172 3360 1380 3450 Chattosque
1392 3369 1554 3428 certatum

319 3492 441 3557 magno
465 3469 604 3557 proelio,
628 3468 710 3534 dum
727 3471 850 3533 llumen
873 3468 1045 3555 gignendo
1066 3466 1136 3533 sale
1163 3468 1342 3533 secundum
1366 3476 1399 3533 et
1422 3477 1555 3535 conter-

320 3577 448 3642 minum
469 3577 502 3640 vi
519 3575 774 3641 trahunt...Se‹l
789 3576 914 3641 bellum
932 3574 1180 3640 Hermunduris
1194 3598 1404 3663 prosperum,
1422 3577 1556 3642 Chattis

319 3684 495 3750 exitiosius
520 3683 594 3759 luit,
625 3685 703 3771 quia
717 3684 864 3749 victores
883 3682 1053 3747 diversam
1078 3683 1183 3747 aciem
1204 3682 1305 3748 Marti
1329 3706 1367 3748 ac
1388 3684 1556 3750 Mercurio

318 3813 504 3864 sacravere,
533 3814 600 3878 quo
625 3799 704 3856 voto
740 3792 830 3879 equi,
859 3790 935 3866 viri,
971 3797 1092 3855 cuncta
1123 3790 1199 3854 viva
1224 3789 1390 3855 occidioni
1417 3791 1552 3857 dantur.

323 3935 354 3947 -
371 3899 409 3961 G.
428 3901 483 3975 άι.
502 3897 545 3963 Et
561 3898 642 3963 baec
653 3897 792 3986 quidem
807 3921 885 3985 pars
901 3896 1089 3961 Sueborum
1106 3897 1140 3961 in
1158 3898 1336 3962 secretiora
1354 3898 1555 3964 Germaniae

319 4006 517 4093 porrigitur3
549 4006 725 4094 propior...
754 4004 1068 4070 Hermundurorum
1098 4004 1229 4079 civitas,
1266 4004 1332 4069 fida
1366 4005 1552 4088 Romanis;

318 4136 423 4202 eoque
447 4112 530 4177 selis
550 4113 796 4178 Germanorum
823 4135 891 4177 non
911 4112 946 4177 in
973 4112 1045 4199 ripa
1065 4113 1317 4182 commercium.
1339 4112 1399 4178 scd
1419 4112 1554 4200 penitus

318 4228 418 4308 atque
433 4220 467 4284 in
483 4219 756 4308 splendidissima
778 4220 915 4284 llaetiae
931 4220 1122 4308 provinciae
1137 4218 1309 4286 colonia...
1328 4219 1366 4285 ln
1386 4219 1555 4286 Hermun-

318 4327 411 4392 duris
424 4327 522 4392 Albis
533 4328 679 4393 oritur...
701 4364 746 4375 —
758 4329 813 4405 la,
830 4326 924 4392 quta
949 4327 1218 4393 Hermunduros.
1237 4326 1362 4392 Varisti
1376 4350 1415 4392 ac
1434 4326 1555 4394 deinde

318 4434 526 4500 Marcomani
547 4442 580 4500 et
596 4433 707 4512 Quadi
726 4443 844 4521 agunt.

276 4541 522 4608 annonast
555 4579 597 4592 -
626 4541 668 4622 V,
694 4566 727 4630 9.
755 4540 910 4629 Regnum
932 4541 1163 4627 (ludaeorum)
1184 4540 1226 4607 ab
1251 4542 1402 4607 Antonio
1429 4542 1554 4608 Herodi

306 4753 313 4786 ¹
332 4751 365 4800 V.
383 4752 465 4799 etiam
481 4751 527 4811 w,
545 4751 584 4811 56,
597 4753 639 4814 58,
655 4765 702 4814 723
719 4752 751 4812 V,
770 4751 812 4801 25.

305 4832 317 4866 ²
333 4832 456 4888 Priusne„
469 4847 507 4893 9²·

305 4912 316 4947 ³
334 4913 457 4966 Pnoser..
479 4929 530 4959 roo.

305 4993 317 5027 ⁴
335 4992 457 5042 Herodes
473 4992 596 5055 blagnus.
613 4992 805 5051 Proser.,106.
