3709 6234
835 822 931 923 stata,
946 877 949 882 '
1466 867 1520 920 ut5

285 1006 455 1076 Creticum
475 1010 629 1076 Silanum
656 1035 715 1099 per
739 1010 948 1077 adtinitatem
972 1034 1136 1078 conexum
1170 1011 1413 1078 Germanico...
1450 1012 1519 1078 Nec

284 1116 424 1183 dubium
440 1117 676 1208 habebat(Cn.
696 1119 789 1205 Piso)
813 1142 848 1184 se
873 1119 1054 1201 delectum,
1073 1120 1129 1210 qui
1154 1120 1271 1206 Syriae
1291 1120 1519 1206 imponeretur

283 1224 325 1290 ad
341 1249 418 1313 spes
440 1227 632 1292 Germanici
661 1227 875 1293 coercendas.
893 1268 936 1277 -
953 1254 983 1306 a,
1006 1226 1060 1295 55.
1086 1229 1149 1294 Cn.
1187 1228 1306 1293 lliso...
1338 1235 1517 1315 postquam

284 1334 417 1420 Syriam
442 1358 479 1399 ac
507 1334 659 1421 legiones
688 1336 843 1421 attigit...
875 1374 918 1384 —
940 1362 971 1406 2.
1003 1335 1057 1400 58.
1092 1334 1250 1421 (Petebat
1273 1358 1291 1399 a
1316 1335 1517 1399 Germanico

284 1441 493 1527 Artabanus)
510 1465 552 1507 nc
564 1443 723 1507 Vonones
743 1443 776 1507 in
802 1445 898 1529 Syria
926 1442 1117 1509 haberetur.
1137 1481 1178 1493 -
1200 1468 1230 1523 2,
1248 1442 1302 1530 69.
1334 1442 1418 1507 Dein
1439 1442 1518 1508 Piso

284 1550 376 1616 abire
393 1551 491 1616 Suria
507 1541 638 1617 statuit.
659 1591 702 1600 -
720 1576 751 1620 a.
775 1576 828 1639 7⁰·
851 1552 919 1617 Nec
938 1554 1015 1617 Piso
1033 1560 1182 1618 moratus
1196 1551 1286 1617 ultra
1313 1574 1417 1617 naves
1450 1549 1518 1614 sol-

283 1659 344 1737 vit,
363 1658 667 1748 moderabaturque
688 1659 813 1736 cursui,
837 1683 903 1748 quo
943 1662 1080 1749 propius
1109 1660 1352 1746 regrederetur,
1377 1659 1404 1722 si
1426 1681 1517 1723 mors

285 1767 476 1831 Germanici
491 1767 624 1832 Suriam
645 1767 844 1854 aperuisset.
859 1806 900 1816 -
914 1793 945 1840 a.
962 1771 1014 1856 74.
1032 1769 1128 1854 (Post
1154 1774 1296 1833 mortem
1312 1766 1518 1852 Germanici)

283 1873 553 1939 consultatum...
581 1874 668 1939 inter
709 1874 896 1960 legatos...‚
938 1875 1094 1965 quisnam
1127 1874 1243 1939 Suriae
1283 1873 1518 1961 praeficeretur

283 1981 434 2065 (l'isonis
450 1980 656 2069 protectione
673 1978 825 2064 rochae).
848 2021 891 2031 —
911 2008 942 2054 2,
966 2008 1019 2071 77.
1040 1982 1209 2048 Domitius
1239 1980 1377 2047 (leler...
1403 1980 1516 2045 disse·

283 2089 351 2153 ruit
368 2089 537 2160 Pisonem,
560 2112 626 2153 non
643 2089 796 2154 Sentium
821 2089 939 2155 Suriae
953 2090 1193 2178 praepositum.
1212 2128 1253 2138 ·-
1267 2113 1297 2163 2,
1321 2090 1374 2178 78.
1395 2089 1514 2155 Piso...

285 2195 469 2261 Domitium
491 2197 687 2283 impositum
702 2196 869 2266 triremi...
887 2221 1027 2285 pergere
1048 2198 1082 2261 in
1099 2197 1230 2263 Suriam
1242 2196 1374 2263 iubet...
1394 2195 1516 2284 (ldem)

282 2303 445 2367 vexillum
468 2304 612 2369 tironum
626 2303 660 2368 in
673 2304 805 2369 Suriam
826 2304 979 2369 euntium
994 2304 1175 2392 intercipit.
1198 2343 1240 2352 -
1259 2328 1289 2382 2,
1308 2329 1361 2394 79.
1379 2303 1517 2370 Interim

286 2411 454 2476 Domitius
490 2410 681 2477 laodiciam
708 2411 826 2477 urbem
850 2413 968 2499 Syriae
997 2411 1202 2500 adpulsus...
1227 2451 1269 2460 —
1295 2438 1326 2490 a,
1362 2415 1416 2476 81.
1439 2411 1516 2476 l'iso

285 2520 405 2590 oravit.
427 2527 464 2585 ut
486 2518 615 2585 traditis
640 2519 742 2583 armis
770 2528 921 2584 maneret
940 2521 974 2584 in
996 2520 1149 2590 castello.
1170 2520 1250 2585 dum
1288 2521 1423 2592 Caesar,
1462 2518 1517 2583 cui

283 2628 415 2714 Syriam
437 2627 658 2716 permitteret,
680 2627 880 2693 consulitur.
908 2666 946 2676 -—
975 2652 1006 2706 a,
1027 2628 1081 2694 82.
1107 2627 1354 2715 Negotiatorcs‚
1382 2612 1534 2690 vivente'

283 2735 391 2800 adbuc
408 2736 609 2800 Germanico
624 2736 722 2801 Suria
747 2734 915 2821 egressi...
938 2775 980 2785 -
1004 2762 1034 2808 2,
1064 2736 1119 2801 83.
1142 2737 1252 2800 Arcus
1274 2736 1321 2822 (in
1356 2733 1516 2798 bonorem

283 2843 490 2929 Germanici)
504 2842 648 2908 additi...
670 2843 705 2907 in
721 2851 835 2907 montc
857 2842 974 2908 Suriae
1004 2844 1148 2908 Amano.
1176 2883 1220 2891 ·-
1234 2844 1264 2920 3,
1288 2843 1336 2906 16.
1355 2841 1405 2928 (ln
1423 2839 1516 2905 codi-

283 2951 370 3015 cillis
385 2975 402 3015 a
424 2950 487 3016 Cn.
506 2951 627 3015 Pisone
642 2950 684 3014 ad
716 2950 885 3015 'liberium
915 2950 1005 3016 datis
1026 2952 1188 3039 scripturn
1210 2955 1291 3038 erat)
1309 2981 1369 3016 a...
1388 2972 1516 3038 vosque

281 3082 351 3139 ore,
373 3058 488 3123 liberis
512 3059 595 3122 meis
610 3058 809 3136 consulatis,
824 3081 866 3123 ex
881 3058 1004 3147 quibus
1025 3112 1045 3125 ..
1063 3059 1206 3125 bl.'l'iso
1218 3066 1367 3145 repetere
1382 3059 1514 3144 Syriam

281 3167 477 3232 dehortatus
504 3174 595 3232 est...
615 3195 629 3224 s
663 3203 708 3215 -
727 3169 759 3243 Δ,
787 3166 818 3233 5.
849 3166 949 3231 lnitio
977 3166 1018 3230 ab
1039 3166 1155 3232 Suriae
1184 3190 1290 3254 usquc
1318 3166 1361 3230 ad
1390 3167 1514 3230 tlumen

282 3274 487 3362 Euphraten.
518 3280 682 3362 quantum
712 3275 840 3360 ingenti
874 3282 1034 3339 terrarum
1057 3275 1132 3338 sinu
1167 3272 1324 3353 ambitur,
1356 3281 1516 3362 quattuor

281 3382 472 3469 legionibus
482 3382 638 3458 coercita,
650 3380 773 3446 accolis
790 3380 915 3445 llibero
932 3380 1134 3469 Albanoque
1145 3389 1178 3446 ct
1198 3380 1272 3445 aliis
1291 3379 1438 3466 regibus,
1458 3382 1514 3469 qui

281 3489 513 3577 magnitudine
531 3496 645 3554 nostra
660 3496 926 3577 proteguntur...
945 3529 987 3538 -
1012 3491 1043 3568 5,
1067 3513 1117 3553 ro.
1146 3489 1293 3553 Drusum
1323 3488 1514 3553 Germanici

282 3596 428 3662 tilium...
442 3597 595 3683 clapsum
605 3596 776 3661 custodiae
789 3620 928 3684 pergere
944 3595 987 3660 ad
1004 3603 1161 3683 paternos
1177 3595 1357 3668 exercitus,
1374 3597 1513 3683 Aegyp-

283 3713 353 3770 tum
369 3705 568 3791 autSyriam
581 3702 1336 3790 invasurum.tingebantsirnulcredebantque
1351 3704 1511 3777 (tiraccil.

279 3850 324 3862 -
338 3811 370 3880 6.
395 3837 447 3900 ²7·
467 3810 601 3894 (Aelius
614 3811 743 3897 lamia)
759 3811 1047 3876 administrandae
1064 3810 1180 3874 Suriac
1208 3810 1354 3894 imagine
1377 3810 1512 3875 tandem

280 3920 456 3985 exsolutus
476 3918 551 3983 urbi
571 3918 801 4006 praefuerat„
821 3919 918 3983 Exim
945 3918 1065 3983 linceo
1096 3918 1282 4005 Pomponio
1307 3918 1425 4005 Syriae
1452 3942 1513 4006 pro

279 4034 430 4114 praetore
458 4025 659 4092 defuncto...
680 4062 725 4074 -
745 4026 775 4103 a,
812 4026 864 4090 31.
887 4023 1110 4112 (Artabanus)
1128 4024 1253 4098 missis,
1277 4025 1333 4112 qui
1358 4046 1473 4110 ganam
1494 4049 1512 4088 a

280 4135 417 4198 Vonone
443 4132 593 4197 relictam
623 4133 655 4196 in
673 4134 769 4219 Syria
791 4131 976 4221 Ciliciaque
999 4138 1255 4219 reposcerent...
1277 4170 1321 4181 —
1336 4131 1368 4202 o,
1387 4130 1441 4200 32.
1470 4131 1513 4196 Et

281 4239 623 4327 Phraatest‘l'hraatis
644 4239 745 4326 silius)
768 4239 856 4326 apud
876 4240 1051 4326 Syriam...
1076 4237 1193 4303 morbo
1221 4238 1419 4327 absumptus
1446 4247 1509 4304 est.

279 4390 318 4399 ---
340 4348 439 4435 65³7.
469 4349 506 4414 l..
534 4347 691 4412 l'itellius
716 4354 904 4413 ostentasse
936 4348 1086 4411 llomana
1120 4369 1213 4410 arma
1231 4346 1394 4431 (Parthis)
1429 4346 1512 4410 satis

278 4465 411 4522 ratus..
434 4478 510 4520 eum
540 4454 731 4541 legionibus
756 4455 790 4520 in
813 4454 945 4542 Syriam
961 4454 1135 4518 remeavit.
1158 4492 1201 4502 -
1225 4452 1258 4533 6,
1283 4456 1335 4530 tr.
1360 4453 1407 4517 bl.
1435 4454 1512 4517 'frc-

278 4563 400 4628 bcllius
415 4563 558 4647 legatus,
572 4586 589 4626 a
603 4562 670 4649 (1.)
686 4562 820 4626 l'itellio
832 4562 984 4649 praeside
997 4562 1156 4648 Syriae...
1173 4561 1337 4627 missus...
1356 4599 1395 4609 -
1409 4561 1441 4638 o,
1454 4564 1509 4637 44.

276 4670 442 4735 'l'iridatcs
476 4693 552 4733 curn
575 4670 691 4756 paucis
721 4670 753 4733 in
789 4669 922 4755 Syriam
952 4676 1141 4734 revectus...
1172 4708 1214 4717 -
1240 4692 1289 4748 rr,
1326 4691 1374 4732 ru.
1414 4666 1511 4731 l'ibio

275 4780 399 4848 Marso.
416 4777 531 4863 Syriae
548 4775 670 4863 legato.
691 4815 734 4825 -
763 4801 812 4852 12,
843 4801 893 4841 rr.
921 4776 1086 4842 Datum...
1106 4777 1146 4841 C.
1165 4776 1295 4848 Cassio,
1313 4775 1369 4862 qui
1393 4775 1510 4838 Suriae

277 4892 441 4974 praeerat,
460 4882 623 4948 deducere
639 4882 885 4964 [Meherdatenl
912 4885 1019 4971 ripam
1047 4883 1088 4946 ad
1106 4883 1300 4970 Euphratis.
1316 4920 1360 4932 -
1378 4907 1427 4956 ra,
1454 4881 1506 4947 23.

278 4992 441 5058 lturaei...
459 4998 489 5055 et
520 4990 644 5072 ludaei,
662 4990 830 5055 defunctis
859 4984 995 5076 regibus
1016 4990 1183 5055 Sohaemo
1217 4999 1317 5077 atque
1343 4990 1506 5076 Agrippa.
