3709 6234
412 866 465 923 ‘384
920 868 1027 921 sven-’s
1046 868 1185 922 GEMINVS

458 1001 622 1075 insedere,
661 1008 797 1066 auctore
839 1000 974 1065 Verrito
1014 1008 1047 1066 et
1091 1000 1269 1088 Malorige,
1311 1000 1370 1090 qui
1412 1001 1585 1068 nationem
1619 1025 1691 1068 eam

459 1109 662 1196 regebant...
694 1109 824 1174 Durius
853 1109 1035 1179 Avitus...
1070 1108 1258 1174 minitando
1291 1109 1361 1174 vim
1391 1108 1595 1190 Romanam,
1629 1109 1692 1174 nisi

459 1216 680 1282 abscederent
695 1216 807 1282 Frisii¹
827 1223 959 1282 veteres
983 1217 1017 1281 in
1041 1216 1135 1281 locos
1150 1224 1208 1282 aut
1223 1239 1345 1282 novam
1360 1216 1476 1282 sedem
1503 1239 1522 1282 a
1550 1215 1692 1283 Caesare

457 1326 689 1413 impetrarent,
716 1323 863 1413 perpulit
878 1324 1050 1389 Verritum
1067 1331 1100 1390 et
1119 1323 1321 1412 Malorigem
1345 1346 1461 1412 preces
1479 1325 1690 1413 suscipere...

458 1434 546 1499 Nero
580 1432 716 1498 civitate
742 1432 894 1497 llomana
930 1431 1047 1496 ambos
1076 1431 1229 1511 donavit,
1261 1431 1388 1496 Frisios
1416 1430 1579 1498 decedere
1604 1432 1692 1520 agris

457 1540 568 1616 iussit,
584 1547 686 1627 atque
702 1538 770 1603 illis
787 1538 1048 1626 aspernantibus
1061 1538 1236 1603 auxiliaris
1251 1562 1354 1628 eques
1369 1547 1506 1626 repente
1520 1539 1692 1604 immissus

458 1648 692 1712 necessitatem
722 1645 848 1716 attulit.
877 1686 920 1695 —
957 1647 1015 1727 lV,
1051 1648 1100 1713 ιε’).
1140 1647 1281 1732 (Brinno
1318 1645 1537 1735 Canninelas)
1577 1647 1692 1712 accitis

460 1755 587 1830 Frisiis,
614 1754 873 1819 'transrhenana
908 1777 992 1842 gens
1020 1762 1083 1832 est,
1116 1754 1259 1819 duarum
1293 1754 1482 1819 cohortium
1508 1753 1689 1821 hiberna...

458 1861 630 1949 inrumpit.
669 1901 710 1912 -
749 1862 805 1942 ll',
848 1860 885 1925 16
939 1862 1060 1950 (lulius
1094 1861 1227 1949 Civilis)
1263 1860 1516 1939 Canninefates,
1552 1860 1689 1940 Frisios

458 1971 603 2035 llutavos
634 1969 777 2055 propriis
802 1970 919 2034 cuncis
940 1971 1125 2057 componit.
1161 2009 1205 2019 -
1232 1969 1290 2051 lV,
1321 1971 1370 2035 18.
1402 1968 1597 2034 Praefectus
1620 1968 1691 2033 alae

458 2079 662 2142 llatavorum
687 2076 850 2142 Claudius
878 2076 1030 2144 Labeo...
1060 2078 1094 2143 in
1122 2077 1247 2142 Frisios
1270 2077 1440 2145 avehitur.
1479 2115 1523 2125 -
1553 2075 1689 2158 1V,56.

456 2182 619 2249 Claudius
634 2184 759 2263 Labeo,
775 2208 874 2274 quem
890 2192 1028 2273 captum
1053 2193 1087 2251 et
1106 2193 1202 2250 extra
1223 2192 1449 2250 commeatum
1473 2183 1689 2249 amandatum

457 2294 491 2356 in
528 2293 653 2357 Frisios
685 2292 874 2359 diximus...
917 2331 952 2341 -
994 2292 1038 2358 IV
1043 2345 1050 2364 ,
1096 2317 1149 2381 79.
1195 2292 1472 2380 Flagrantissima
1503 2291 1691 2358 cohortium

457 2399 613 2488 (Civilis).
625 2454 644 2467 ..
665 2423 682 2465 e
697 2399 842 2465 Chaucis
856 2401 1039 2489 Frisiisque
1059 2401 1258 2488 composita.
1268 2454 1273 2464 .
1283 2437 1336 2463 .-
1350 2403 1388 2463 (l.
1403 2399 1457 2478 34.
1471 2399 1691 2487 Angrivarios

456 2517 487 2573 et
504 2507 735 2574 Chamavos...
759 2532 776 2572 a
793 2507 904 2573 fronte
923 2507 1019 2572 Frisii
1035 2508 1220 2596 excipiunt.
1238 2505 1425 2573 Maioribus
1440 2505 1690 2595 minoribusque

458 2615 573 2679 Frisiis
600 2614 803 2680 vocabulum
824 2622 876 2680 est
895 2638 936 2680 ex
967 2616 1067 2680 modo
1080 2615 1214 2680 virium.
1232 2616 1401 2703 Vtraeque
1417 2614 1571 2680 nationes
1585 2635 1690 2702 usque

457 2722 499 2786 ad
528 2727 699 2788 ltceanum
725 2722 843 2787 llheno
877 2730 1163 2810 praetexuntur...
1191 2761 1235 2771 -—
1266 2722 1319 2787 35.
1351 2721 1564 2787 Chaucorum
1592 2743 1686 2810 gens,

456 2852 661 2917 quamquam
674 2829 814 2917 incipiat
828 2853 845 2894 a
859 2830 1016 2894 Frisiis...
1035 2869 1073 2879 -
1089 2831 1133 2895 A.
1150 2830 1203 2894 28.
1221 2829 1266 2916 (V
1268 2829 1333 2916 sipi
1348 2828 1537 2894 desertores
1553 2828 1690 2894 Britan-

457 2938 522 3002 nici
537 2937 718 3022 exercitus)
734 2961 794 3025 pro
815 2937 1042 3025 praedonibus
1068 2937 1186 3012 habiti,
1210 2937 1357 3024 primum
1379 2960 1398 3001 a
1422 2933 1556 3014 Suebis,
1574 2955 1689 3000 moxa

459 3044 574 3108 Frisiis
594 3044 771 3132 intercepti
787 3052 878 3109 sunt.

414 3150 599 3218 FlllSll'M
614 3150 787 3216 NOMEN.
809 3191 852 3199 -
867 3155 899 3230 d,
919 3154 972 3239 74.
987 3150 1124 3216 Clarum
1149 3150 1225 3216 inde
1240 3151 1329 3216 inter
1343 3151 1531 3216 Germanos
1546 3149 1689 3215 Frisium

457 3281 591 3324 nomen.

414 3364 605 3431 FVClNl'S
621 3365 777 3431 LACVS.
797 3405 838 3417 -
868 3390 917 3434 ia.
935 3364 988 3432 56,
1006 3364 1076 3431 Sub
1092 3365 1182 3430 idem
1203 3372 1335 3453 tempus
1357 3365 1445 3430 inter
1466 3362 1577 3430 lacum
1594 3363 1690 3429 Fuci-

456 3497 534 3538 num
552 3482 752 3560 amnemque
770 3474 871 3536 Lirim
886 3481 1047 3560 perrupto
1061 3482 1187 3554 monte,
1205 3497 1271 3562 quo
1287 3473 1538 3558 magnificentia
1552 3472 1691 3561 operisa

456 3580 610 3670 pluribus
634 3582 810 3661 viseretur,
845 3581 918 3645 lacu
949 3582 983 3646 in
1013 3582 1085 3669 ipso
1115 3581 1234 3647 navale
1263 3581 1429 3669 proelium
1456 3579 1640 3646 adornatur
1659 3581 1692 3668 (a

457 3687 626 3773 Claudio).

417 3796 441 3861 F
445 3797 472 3858 V
478 3796 576 3861 Fll'S
596 3795 811 3875 GEMINVS,
831 3796 1020 3863 Fl'FlVS'2.
1039 3836 1082 3845 —
1099 3799 1130 3870 5,
1157 3821 1183 3862 ι.
1207 3794 1364 3861 Rubellio
1380 3802 1413 3860 et
1435 3793 1548 3860 Fulio³
1569 3817 1691 3860 consu-

454 3901 555 3975 libus,
573 3926 717 3990 quorum
738 3904 870 3991 utrique
880 3904 1044 3968 Geminus
1060 3911 1324 3991 cognomentum
1340 3909 1422 3968 erat.
1440 3942 1484 3952 —
1504 3903 1535 3981 5,
1552 3926 1582 3969 a.
1600 3899 1692 3966 Tibe·

456 4009 567 4074 rius...
601 4033 660 4096 per
684 4009 856 4076 litteras...
894 4011 1081 4077 honores...
1115 4012 1296 4076 memoriae
1327 4009 1471 4098 (Liviae)
1502 4008 1544 4074 ab
1573 4015 1693 4074 senatu

456 4115 548 4203 large
563 4115 757 4182 decretos...
775 4118 1001 4196 imminuit...,
1021 4119 1151 4184 Fulium
1177 4117 1352 4184 consulem
1377 4116 1513 4206 oblique
1528 4118 1691 4205 perstrin-

456 4246 551 4308 gens.
577 4223 608 4287 ls
634 4224 742 4309 gratia
763 4225 938 4311 Augustae
955 4228 1123 4300 lloruerat,
1147 4233 1246 4313 aptus
1270 4224 1470 4290 adliciendis
1493 4224 1691 4290 feminarum

454 4330 587 4396 animis.
610 4331 714 4395 Dicar
737 4330 826 4396 idern
848 4340 880 4397 ct
896 4332 1067 4398 Tiberium
1090 4332 1220 4399 acerbis
1238 4333 1368 4398 facetiis
1394 4332 1541 4397 inridere
1556 4331 1688 4397 solitus.

456 4478 497 4485 -
521 4437 553 4514 6,
583 4461 630 4502 io.
659 4438 826 4505 Necata...
857 4448 906 4504 est
935 4464 1020 4506 anus
1040 4442 1140 4518 Vitia,
1169 4440 1270 4505 Fufii¹
1293 4440 1427 4506 Gemini
1456 4446 1575 4515 mater,
1600 4437 1691 4528 quod

456 4546 515 4610 lilii
530 4569 646 4611 necem
667 4547 828 4613 llcrisset.

443 4744 449 4777 ¹
469 4742 587 4790 l'erbuur
604 4741 690 4790 Frisii
706 4744 782 4790 rancis
797 4744 858 4792 incl.
871 4746 1019 4793 Acidalius.

441 4824 451 4858 ²
465 4824 494 4872 C.
512 4824 601 4870 Fulius
617 4824 757 4870 Geminus.
779 4825 901 4885 l’uosur.,
916 4827 971 4884 345.

441 4903 453 4938 ³
471 4903 549 4964 l'ulg.
564 4910 626 4951 ante
646 4904 801 4954 hlurcturn:
818 4906 911 4955 Fusio.

444 4984 514 5034 *Μῑ
530 4983 614 5047 suffit,
627 4999 696 5032 corr.
715 4986 740 5031 iu
756 4985 833 5050 [usli.
844 4985 919 5036 Corr.
941 4987 1057 5050 Lipsius.
