3709 6234
803 860 917 916 bvarvs
939 860 1055 916 nvllvs
1517 856 1570 911 259

330 1004 556 1071 obiectabant.
574 1042 618 1055 -
640 1007 688 1086 ιά,
704 1007 756 1093 57.
774 1006 840 1090 (De
857 1003 1014 1070 Rubellio
1026 1003 1147 1068 Plauto
1161 1024 1266 1090 nuper
1280 1000 1312 1066 in
1324 1000 1443 1067 Asiam
1458 1009 1571 1067 amoto

330 1112 434 1179 verba
454 1113 532 1178 facit
548 1112 637 1201 apud
651 1112 819 1178 Neronem
849 1111 1052 1200 Tigellinus)
1084 1138 1143 1176 n...
1162 1109 1231 1176 Nee
1256 1110 1367 1175 minus
1386 1133 1571 1199 suspensos

331 1220 435 1286 Asiae
448 1220 593 1309 populos
605 1219 806 1285 claritudine
823 1220 878 1284 avi
896 1219 995 1284 Drusi
1012 1219 1033 1281 ¹.
1053 1248 1068 1278 a

289 1326 490 1393 DRVSVS²
504 1328 579 1416 (Ε)
593 1366 635 1377 -
658 1330 690 1410 ,4,
710 1331 743 1405 ά.
772 1327 911 1394 lnterim
934 1328 1013 1392 anni
1029 1326 1195 1415 principio
1222 1328 1353 1392 Drusus
1368 1349 1411 1391 ex
1425 1327 1572 1391 Germa—

333 1436 400 1501 nici
413 1435 529 1501 liberis
539 1444 654 1523 togam
677 1436 809 1501 virilem
826 1436 983 1523 sumpsit,
1007 1458 1162 1524 quaeque
1178 1434 1273 1500 fratri
1287 1434 1360 1500 eius
1374 1432 1501 1499 Neroni
1516 1432 1573 1498 de-

332 1552 484 1610 creverat
503 1551 653 1622 senatus,
677 1544 829 1633 repetita.
848 1545 938 1620 —1l‚
957 1547 989 1610 8.
1002 1543 1184 1632 (Loquitur
1199 1542 1353 1608 Tiberius
1364 1541 1454 1630 apud
1478 1565 1573 1608 sena-

333 1654 419 1739 tum)
438 1675 499 1719 a...
518 1650 676 1730 Hivobis‚
695 1650 783 1717 Nero
798 1659 831 1716 et
849 1653 970 1729 Druse,
993 1658 1171 1738 parentum
1189 1649 1298 1715 loce.»
1310 1687 1353 1701 —
1365 1651 1396 1726 ,4.
1421 1674 1468 1738 ¹7·
1483 1649 1574 1714 Pon-

335 1759 442 1825 titices
462 1782 645 1848 eorumque
665 1759 820 1847 exemplo
835 1759 937 1824 ceteri
951 1759 1155 1834 sacerdotes,
1174 1781 1250 1823 eum
1267 1782 1327 1847 pro
1342 1757 1574 1823 incolumitate

333 1867 496 1956 principis
507 1875 585 1933 vota
607 1868 830 1955 susciperent,
843 1864 1011 1933 Neronem
1028 1889 1162 1954 quoque
1186 1874 1219 1931 et
1253 1865 1401 1932 Drusum
1416 1866 1574 1953 (Germa-

334 1974 400 2039 nici
417 1973 518 2063 lilios)
535 1975 644 2040 isdem
673 1975 726 2040 dis
753 1974 1045 2041 commendavere.
1075 2014 1109 2023 -
1128 1973 1159 2054 d,
1179 1971 1232 2038 36.
1261 1973 1481 2039 Postulandis
1508 1972 1574 2039 reis

334 2089 403 2147 tam
423 2083 605 2147 continuus
626 2106 736 2148 annus
761 2083 835 2158 luit,
854 2090 890 2148 ut
917 2083 1074 2147 seriarum
1097 2082 1293 2147 Latinarum
1327 2081 1447 2147 diebus
1478 2104 1573 2169 prae·

333 2189 458 2256 lectum
495 2190 589 2255 urbis
620 2190 781 2270 Drusum,
816 2190 1013 2278 auspicandi
1048 2191 1156 2276 gratia
1181 2189 1328 2255 tribunal
1364 2190 1571 2274 ingressum,

334 2297 453 2362 adierit
473 2296 677 2386 Calpurnius
699 2298 879 2364 Salvianus
903 2300 935 2362 in
956 2300 1098 2364 Sextum
1116 2298 1274 2363 Marium.
1290 2337 1334 2348 —
1350 2300 1382 2374 t,
1398 2295 1451 2363 60.
1470 2297 1576 2383 (Seia-

333 2413 411 2494 nus)
428 2405 566 2472 fratrem
578 2429 712 2494 quoque
725 2406 868 2471 Neronis
889 2407 1035 2472 Drusum
1057 2407 1159 2472 traxit
1174 2407 1208 2471 in
1222 2414 1347 2495 partes,
1366 2428 1425 2493 spe
1442 2405 1575 2471 obiecta

334 2513 496 2602 principis
515 2513 592 2590 loci,
617 2515 644 2578 si
661 2515 806 2601 priorem
821 2522 971 2581 aetate...
996 2514 1215 2580 dernovisset.
1231 2515 1340 2579 Atrox
1363 2514 1461 2578 Drusi
1482 2514 1574 2600 inge·

335 2620 428 2685 nium
442 2643 543 2710 super
558 2621 750 2709 cupidinem
771 2623 942 2710 potentiae
957 2630 991 2688 et
1007 2622 1106 2687 solita
1123 2621 1285 2687 iratribus
1304 2622 1380 2687 odia
1411 2620 1572 2687 accende-

335 2727 435 2794 batur
462 2728 601 2807 invidia,
635 2728 725 2818 quod
755 2738 862 2796 mater
891 2730 1080 2818 Agrippina
1114 2730 1303 2819 promptior
1325 2729 1449 2795 Neroni
1484 2736 1568 2795 erat.

335 2833 452 2925 Neque
472 2844 584 2902 tamen
602 2837 744 2902 Seianus
760 2838 805 2903 ita
824 2838 972 2903 Drusum
988 2837 1136 2921 fovebat,
1155 2846 1273 2903 utnon
1290 2838 1323 2902 in
1344 2861 1420 2902 eum
1441 2860 1576 2926 quoque

337 2944 465 3010 semina
482 2943 585 3010 futuri
616 2945 710 3009 exitii
732 2945 962 3014 meditaretur.
982 2970 1108 3034 gnarus
1134 2946 1362 3035 praeferocem
1387 2954 1420 3011 ct
1445 2944 1576 3010 insidiis

338 3051 446 3139 magis
461 3060 760 3140 opportunum-
775 3052 806 3131 5,
824 3078 870 3120 ιο.
891 3055 956 3119 l’er
971 3054 1060 3120 idem
1077 3063 1211 3143 tempus
1227 3054 1308 3119 Asia
1323 3062 1425 3141 atque
1447 3052 1576 3117 Achaia

337 3159 514 3225 exterritae
525 3168 605 3226 sunt
620 3158 687 3226 aeri
703 3161 812 3246 magis
823 3185 925 3251 quam
940 3162 1099 3227 diuturno
1113 3185 1258 3242 rumore,
1275 3163 1421 3227 Drusum
1435 3160 1574 3225 Germa-

338 3267 402 3331 nici
418 3266 525 3332 lilium
539 3267 629 3355 apud
646 3267 813 3355 Cycladas
828 3269 970 3348 insulas,
989 3293 1068 3334 mox
1079 3270 1113 3333 in
1134 3268 1320 3334 continenti
1339 3268 1463 3331 visum.
1482 3304 1523 3315 -
1540 3266 1572 3340 li,

339 3375 391 3441 23.
415 3376 546 3441 Drusus
568 3375 688 3441 deinde
712 3377 953 3464 exstinguitur,
977 3401 1054 3443 curn
1088 3401 1123 3442 se
1153 3375 1354 3441 miserandis
1390 3373 1574 3442 alimentis.

338 3482 675 3548 mandendoecubili
701 3491 863 3559 tomento,
887 3508 1015 3550 nonum
1039 3484 1081 3550 ad
1105 3483 1196 3550 diem
1216 3482 1429 3548 detinuisset.
1458 3479 1575 3546 Tradi-

338 3591 415 3657 dcre
438 3589 577 3680 quidam
605 3592 849 3681 praescriptum
870 3592 972 3658 luisse
1004 3591 1167 3673 Macroni,
1199 3592 1227 3656 si
1254 3614 1348 3656 arma
1378 3589 1418 3654 ab
1452 3589 1574 3655 Seiano

337 3706 595 3786 temptarentur.
613 3707 801 3765 extractum
822 3701 996 3766 custodiae
1009 3700 1178 3781 iuvenem,
1201 3720 1280 3765 nam
1301 3698 1336 3763 in
1354 3696 1484 3763 Palatio
1500 3696 1576 3763 atti-

340 3804 493 3877 nebatur.
511 3806 632 3872 ducem
652 3808 778 3896 populo
802 3809 986 3896 imponere.
1016 3808 1138 3874 Mox...
1152 3845 1195 3855 -
1224 3807 1256 3887 6,
1280 3808 1333 3884 24.
1355 3803 1442 3871 Attii
1461 3813 1577 3871 centu·

340 3912 445 3980 rionis
461 3921 494 3979 et
510 3914 646 4001 Didymi
662 3914 775 3982 liberti
791 3916 957 4004 epistulae
972 3939 1145 3981 servorum
1177 3914 1313 3980 nomina
1329 3913 1576 4002 praeferebant,

340 4030 378 4089 ut
410 4022 486 4110 quis
508 4021 736 4108 egredientem
758 4024 914 4089 cubiculo
946 4026 1094 4090 Drusum
1120 4022 1329 4114 pulsaverat,
1357 4030 1576 4089 exterruerat.

342 4128 452 4195 Etiam
481 4152 541 4194 sua
575 4129 676 4195 verba
705 4133 898 4198 centurio...
924 4168 965 4180 -
988 4130 1020 4212 6,
1048 4134 1103 4209 Ao.
1131 4130 1276 4197 Aemilia
1308 4129 1445 4219 Lepida,
1476 4153 1578 4218 quam

342 4237 453 4303 iuveni
471 4238 582 4302 Druso
607 4246 749 4326 nuptam
766 4239 892 4321 rettuli,
914 4238 1041 4305 crebris
1060 4238 1261 4305 criminibus
1289 4238 1447 4304 maritum
1471 4237 1579 4304 inseca

344 4351 424 4426 tata,
440 4368 646 4434 quamquam
668 4346 885 4428 intestabilis,
907 4352 1022 4413 tamen
1038 4345 1204 4434 impunita
1219 4344 1353 4434 agebat.
1373 4345 1453 4410 dum
1469 4344 1522 4412 ³...

299 4453 310 4477 '
328 4449 492 4518 DVBIVS
513 4452 690 4532 Aturus,
707 4478 740 4521 v.
765 4454 905 4518 DVVlV
909 4454 933 4520 S
947 4452 1124 4520 AVlTVS.

333 4765 340 4800 ¹
360 4764 941 4831 V.etiamr,4,8,4632.rt.7133,5;4,
961 4784 1057 4822 11:12,
1077 4771 1115 4816 25.

329 4846 341 4881 ²
359 4846 464 4897 Drusus
483 4848 565 4897 lulius
583 4849 761 4898 Germanicus
775 4849 883 4897 Caesar.
900 4848 1025 4908 Pnonor,
1044 4850 1063 4898 l.
1086 4851 1137 4908 [εὖ.

332 4927 344 4958 ³
362 4927 488 4979 l'0cliam
514 4946 533 4978 r.
556 4930 578 4991 Β,
599 4931 642 4984 33;
663 4948 685 4979 a.
705 4936 742 4986 li.
764 4943 864 4993 7142,
885 4930 908 4988 3,
930 4944 954 4991 2,
980 4948 1015 4980 ια.
1037 4946 1077 4993 ιγ;
1110 4938 1132 4987 l.
1160 4930 1183 4991 ³,
1206 4948 1242 4988 12,
1260 4940 1297 4989 lo.
1326 4932 1364 4992 53,
1387 4933 1426 4995 59,
1453 4933 1497 4995 68;
1515 4935 1539 4995 5,
1558 4941 1579 4992 η

300 5007 323 5068 6,
340 5021 379 5057 ao.
