3709 6234
808 886 1021 939 lnuxaxuma
1528 882 1563 940 43

280 1010 400 1078 ALCl.
415 1046 461 1062 -
485 1011 523 1077 G.
542 1011 597 1088 43.
621 1010 710 1076 Deos
738 1008 1080 1099 (Nahanarvalorum)
1101 1009 1378 1098 interpretatione
1410 1009 1563 1076 Romana

324 1119 502 1185 Castorem
520 1117 761 1208 Pollucemque
775 1125 977 1185 memorant.
993 1117 1042 1184 Ea
1057 1118 1110 1183 vis
1129 1117 1272 1196 numini,
1291 1141 1413 1184 nomen
1430 1116 1560 1205 Alcis).

323 1226 428 1293 ¹Nulla
449 1226 687 1308 simulacra...;
706 1233 741 1291 ut
758 1225 878 1292 iratres
893 1233 1020 1305 tamen,
1036 1234 1074 1291 ut
1088 1226 1229 1291 iuvenes
1244 1232 1461 1292 venerantur.

279 1334 463 1401 ALESIA.
484 1371 520 1382 -
543 1358 594 1412 ιι,
615 1333 667 1398 23.
698 1334 923 1423 (Primoribus
950 1333 1081 1401 Galliae
1110 1340 1262 1400 comatae
1291 1333 1345 1399 ius
1375 1333 1562 1422 adipiscen-

323 1442 444 1508 dorum
456 1442 491 1507 in
507 1442 590 1508 urbe
606 1442 771 1507 honorum
784 1442 1005 1530 petentibus),
1020 1441 1148 1507 multus
1164 1464 1202 1506 ea
1218 1464 1320 1530 super
1331 1463 1367 1507 re
1381 1442 1563 1530 variusque

323 1574 465 1616 rumor..
492 1573 533 1619 t«
553 1549 759 1638 Oppleturos
778 1550 890 1615 omnia
911 1549 1035 1615 divites
1055 1549 1144 1629 illos,
1167 1572 1311 1637 quorum
1339 1549 1393 1614 avi
1422 1550 1562 1636 proavi-

323 1681 430 1748 que...
445 1658 569 1724 Divum
584 1656 708 1722 lulium
723 1657 813 1744 apud
826 1656 977 1723 Alesiam
993 1657 1225 1724 obsederint.»

277 1770 288 1790 '
306 1767 341 1832 M
377 1766 583 1844 ALETIVS,
600 1790 634 1831 v.
647 1765 822 1831 ATlllVS.

276 1874 489 1941 TlBElllVS
518 1871 836 1940 ALEXANDER2.
851 1912 895 1922 -
914 1871 964 1951 15,
978 1874 1030 1939 28.
1051 1873 1114 1938 Die
1128 1879 1226 1962 pacta
1240 1873 1394 1940 Tiberius
1408 1873 1562 1939 Alexan·

322 1983 394 2061 der,
412 1981 566 2048 inlustris
582 2005 686 2070 eques
711 1981 899 2061 Romanus,
917 1981 1074 2047 minister
1088 1980 1302 2070 (Corbuloni)
1323 1981 1413 2047 bello
1448 1981 1559 2060 datm,

323 2099 357 2156 et
390 2090 588 2156 Vinicianus
623 2090 770 2168 Annius
797 2112 902 2177 gener
937 2088 1183 2156 Corbulonis..
1221 2089 1255 2153 iu
1275 2096 1385 2154 castra
1401 2090 1561 2156 Tiridatis

322 2220 457 2279 venere,
475 2196 594 2262 honori
614 2197 687 2262 eius
707 2222 745 2263 ac
765 2220 807 2262 ne
822 2204 987 2263 metueret
1007 2196 1150 2262 insidias
1166 2195 1226 2262 tali
1240 2197 1394 2285 pignore.
1407 2235 1449 2246 -
1464 2196 1491 2272 Ι,
1510 2222 1557 2265 ιι.

324 2307 566 2394 Aegyptum...
588 2305 656 2370 iam
671 2304 751 2370 inde
765 2328 783 2371 a
798 2306 885 2371 Divo
902 2306 1060 2392 Augusto
1088 2305 1220 2394 equites
1247 2304 1391 2369 Romani
1406 2305 1561 2371 obtinent

321 2413 396 2479 loco
411 2436 573 2500 regum...
592 2412 745 2500 [legebat
763 2420 837 2479 tum
852 2412 1006 2478 Tiberius
1019 2410 1217 2478 Alexander
1233 2411 1384 2477 ciusdem
1397 2412 1557 2480 nationis,

325 2560 367 2573 -
385 2519 429 2596 ll,
443 2523 497 2609 74.
512 2519 708 2586 Praefectus
737 2521 886 2609 Aegypti
906 2521 945 2585 Ti
956 2519 981 2586 ³.
1000 2519 1197 2586 Alexander
1217 2519 1360 2585 consilia
1376 2520 1562 2586 sociaverat

321 2631 414 2714 (cum
435 2627 672 2722 Vespasiano).
704 2665 747 2676 -
769 2627 811 2705 ll,
834 2653 888 2716 79.
921 2626 1060 2692 Initium
1085 2626 1215 2693 serendi
1240 2627 1283 2692 ad
1312 2626 1559 2714 Vespasianum

322 2735 454 2824 imperii
479 2733 707 2800 Alexandriae
722 2743 894 2822 coeptum,
928 2735 1111 2800 festinante
1140 2733 1239 2800 ΤίΙ).4
1272 2733 1482 2815 Alexandro,
1502 2735 1560 2822 qui

324 2842 478 2908 kalendis
495 2840 589 2906 Iuliis
605 2850 817 2907 sacramento
838 2842 910 2906 eius
925 2842 1078 2929 legiones
1093 2842 1217 2929 adegit.

282 2948 576 3022 ALEXANDEu,
595 2949 879 3015 ALEXANDEll
900 2949 1104 3014 MAGNVS.
1120 2987 1163 2998 —
1180 2973 1210 3026 2,
1228 2948 1282 3037 73.
1306 2950 1350 3016 Et
1380 2957 1476 3015 erant
1501 2950 1560 3040 qui

324 3058 465 3122 formam
482 3057 714 3146 (Germanici),
737 3063 895 3134 aetatem,
918 3081 1027 3144 genus
1056 3057 1215 3123 mortis...
1234 3057 1352 3143 Magni
1372 3056 1559 3123 Alexandri

320 3164 399 3231 latis
412 3164 643 3254 adaequarent
669 3194 709 3216 υ·
722 3162 754 3242 3,
770 3163 825 3229 63.
843 3163 1037 3253 (Consules,
1057 3187 1134 3228 cum
1150 3164 1192 3230 de
1212 3163 1284 3230 iure
1299 3164 1386 3251 asyli
1405 3165 1440 3229 in
1461 3188 1559 3232 sena·

321 3281 356 3340 tu
376 3280 544 3360 ageretur,
562 3272 809 3360 disseruerunt)
826 3272 1010 3339 Sardianos
1023 3273 1237 3359 (memorare)
1251 3271 1438 3339 Alexandri
1451 3274 1557 3340 victo·

321 3382 367 3446 ris
381 3381 416 3446 id
430 3381 570 3447 donum.
590 3418 632 3433 -
647 3380 680 3454 6,
698 3381 751 3446 31.
766 3379 993 3471 (Artabanus)
1012 3405 1048 3447 se
1065 3382 1261 3447 invasurum
1283 3404 1441 3469 possessa
1468 3382 1558 3471 Cyro

319 3498 351 3555 ct
380 3497 457 3578 post
481 3487 679 3554 Alexandro
708 3488 864 3554 iaciebat.
884 3530 925 3541 -
953 3514 1003 3560 12.
1031 3489 1080 3555 13.
1100 3489 1286 3555 Castellum
1305 3489 1440 3576 insigne
1455 3488 1556 3571 laura,

319 3597 411 3687 quod
424 3604 597 3685 postremo
612 3596 700 3662 inter
717 3597 855 3661 llarium
871 3604 973 3685 atque
989 3596 1224 3664 Alexandrum
1239 3596 1367 3685 proelio
1380 3598 1557 3663 Persarum

320 3706 388 3772 illic
404 3728 486 3792 opes
503 3703 732 3770 conciderant.
748 3743 791 3753 -
802 3706 841 3769 1³.
869 3730 900 3793 7.
921 3705 1102 3792 (Maximas
1116 3704 1193 3770 illas
1208 3705 1385 3791 Scythicas
1395 3712 1555 3793 gentes...

321 3812 518 3878 Alexandro
560 3834 694 3901 quoque
725 3811 774 3875 illi
808 3812 947 3900 Magno,
980 3812 1068 3878 sieut
1101 3813 1283 3901 Pompeius
1312 3811 1557 3902 Corneliusque

321 3921 435 3986 testati
444 3926 536 3998 sunt,
545 3918 818 3997 evitatas...,hoc
831 3927 883 3984 cst
896 3919 1039 3999 AlanoS,
1050 3920 1169 3985 Ilunos
1180 3927 1214 3985 et
1224 3919 1494 4005 Gothos.).—O.
1504 3922 1554 3985 rti.

322 4025 622 4091 «Demosthenem
642 4033 676 4090 et
691 4025 956 4113 Hyperidem...,
979 4050 1065 4116 quos
1095 4028 1178 4093 satis
1206 4035 1340 4093 constat
1356 4027 1504 4116 Philippi
1524 4036 1559 4093 et

322 4132 507 4198 Alexandri
527 4132 737 4220 temporibus
764 4134 931 4200 floruisse.
957 4161 972 4194 a

284 4240 594 4307 ALEXANDlllA.
611 4279 654 4289 -
670 4265 702 4319 2,
720 4243 772 4332 59.
792 4241 1031 4329 (Germanicus
1066 4243 1227 4308 acerrime
1256 4243 1442 4331 increpitus
1470 4251 1556 4310 esta

319 4347 480 4434 Tiberio),
509 4346 601 4437 quod
627 4355 746 4413 contra
775 4349 932 4415 instituta
973 4351 1122 4439 Augusti
1155 4374 1222 4416 non
1256 4358 1377 4439 sponte
1392 4351 1555 4441 principis

321 4454 563 4521 Alexandriam
594 4455 780 4522 introisset.
813 4496 854 4506 -
889 4483 920 4528 2.
954 4459 1008 4546 67.
1041 4458 1268 4547 Rhescuporis
1309 4457 1554 4525 Alexandriam

309 4699 454 4749 ll'orsitan
474 4700 552 4750 Aleia
575 4702 761 4753 nominativus
785 4704 898 4767 pluralis
921 4705 969 4765 sit,
986 4719 1039 4754 non
1064 4704 1182 4754 dativus.
1209 4703 1249 4754 Cf.
1273 4703 1556 4753 Ormeni-Scirwerzea·

282 4778 381 4830 Sioua.

307 4860 371 4910 ²Ti.
387 4862 471 4911 lulius
490 4863 653 4913 Alexander.
672 4865 795 4924 Pnosor.,
815 4866 834 4915 l.
850 4882 889 4929 9²·

307 4940 372 4992 ³112
389 4943 451 4991 add.
468 4943 789 4995 Ursinus.Coniecturam
805 4948 966 5010 comprobat
983 4948 1133 5006 Axunusux,
1150 4946 1181 4996 ln
1200 4948 1259 4997 Tac.
1275 4946 1349 4998 nist.
1369 4945 1453 5006 stud..
1471 4961 1497 5009 p.
1517 4959 1556 4998 12·

309 5021 375 5080 *13
398 5023 454 5076 rto.
465 5039 527 5073 cum
547 5024 641 5076 lineola
657 5027 683 5074 in
695 5027 745 5077 litt.
763 5026 788 5076 b.
