3709 6234
797 873 967 927 AVGVSTVS
1478 877 1525 931 117

291 1011 437 1100 (lunius)
455 1011 593 1077 Silanus
624 1014 698 1077 Divi
735 1015 881 1101 Augusti
901 1013 1052 1103 abnepos
1068 1025 1207 1083 erat-
1228 1019 1277 1096 13,
1298 1019 1328 1083 .’1.
1368 1022 1526 1107 Augusto

290 1127 445 1208 prompta
474 1144 513 1185 ac
537 1121 723 1208 profluens,
759 1145 912 1211 quaeque
946 1122 1080 1189 deceret
1112 1125 1311 1213 principem,
1334 1126 1525 1217 eloquentia

290 1226 364 1294 luit.
387 1268 425 1280 -
447 1227 498 1302 13,
515 1227 546 1294 11.
582 1252 597 1291 0
629 1227 827 1316 Imperatori
850 1229 1008 1317 (Neroni)
1028 1239 1192 1319 quantum
1209 1233 1251 1297 ad
1274 1233 1376 1298 robur
1394 1234 1523 1310 deesse,

290 1357 367 1399 cum
391 1334 660 1400 octavodecimo
689 1338 809 1401 0010110
838 1360 927 1401 00110
955 1339 1019 1403 Cn.
1049 1339 1243 1427 Pompeius,
1280 1364 1368 1406 nono
1395 1341 1526 1407 decimo

289 1441 414 1507 Caesar
427 1439 634 1506 Octavianus
650 1443 760 1508 civilia
778 1444 866 1509 bella
888 1446 1142 1511 sustinuerint?
1159 1471 1175 1510 »
1199 1486 1231 1496 -
1257 1448 1306 1518 13.
1324 1473 1373 1534 ¹9·
1399 1449 1526 1515 1101101-

292 1547 374 1614 lium
396 1549 554 1615 Plautum
575 1574 634 1639 per
653 1558 841 1617 maternam
857 1552 1023 1639 originem
1039 1554 1161 1641 pariae
1183 1554 1270 1619 Nero
1285 1555 1424 1641 gradua
1439 1556 1525 1620 Divo

290 1659 458 1745 Augusto.
487 1697 531 1707 -
567 1658 618 1733 13,
652 1683 705 1746 29·
739 1659 919 1747 Augustus
944 1661 1078 1725 senatui
1098 1661 1253 1748 permisit
1267 1660 1415 1749 deligere
1429 1686 1525 1751 prae-

289 1764 395 1829 lectos
415 1766 574 1854 (aerarii).
604 1765 722 1841 -13‚
749 1766 803 1842 31.
841 1767 974 1831 Nerone
994 1768 1132 1833 tertium
1152 1768 1291 1832 consule
1322 1768 1422 1834 simul
1451 1769 1527 1835 iniit

289 1871 503 1937 consulatum
511 1870 667 1938 Valerius
677 1871 838 1950 Messala,
848 1875 945 1939 cuius
956 1897 1131 1962 proavum,
1143 1882 1311 1941 oratorem
1326 1875 1524 1956 Corvinum,

292 1980 377 2044 Divo
402 1980 573 2066 Augusto,
596 1980 704 2045 abaco
730 1981 886 2062 Neronis,
908 1982 1075 2070 collegam
1102 1983 1136 2046 in
1172 1981 1289 2046 eodem
1324 1982 1526 2069 magistratu

291 2087 394 2152 luisse
427 2088 526 2174 pauci
552 2089 617 2153 iam
653 2112 773 2154 sonum
794 2090 1031 2156 meminerant.
1053 2129 1094 2142 -
1122 2092 1171 2166 11,
1199 2088 1248 2154 15.
1277 2090 1416 2165 Nemus,
1435 2091 1526 2180 quod

290 2194 402 2260 navali
433 2203 555 2282 stagno
593 2197 836 2285 circumposuit
867 2200 1057 2284 Augustus.
1081 2199 1193 2273 -11,
1228 2196 1427 2284 5111101110
1447 2197 1527 2263 iacit

289 2302 415 2368 Seneca
432 2303 519 2390 apud
542 2302 725 2391 Neronem)
746 2327 751 2373 ;
771 2333 786 2365 «
806 2302 1335 2390 ...1110011010110110300111011.
1354 2306 1526 2393 Agrippae

291 2408 518 2496 Mytilenense
533 2419 713 2492 secretum,
737 2414 775 2477 C.
799 2412 987 2477 Maecenati
1004 2410 1084 2476 urbe
1116 2411 1149 2475 in
1179 2411 1252 2499 ipsa
1272 2411 1367 2476 velut
1381 2414 1526 2500 peregri-

290 2540 371 2582 num
398 2517 506 2581 otium
527 2519 722 2605 permisit...
760 2547 774 2578 »
796 2559 839 2568 -
864 2522 912 2596 11,
944 2518 996 2583 55.
1026 2518 1080 2583 Ad
1101 2542 1187 2607 quae
1222 2519 1310 2584 Nero
1342 2519 1390 2584 sic
1422 2519 1525 2585 lerme

290 2624 487 2713 respondit:
512 2655 526 2682 a
554 2678 575 2691 ..
597 2625 736 2691 :lbavus
756 2650 850 2691 meus
870 2627 1049 2714 Augustus
1084 2626 1254 2713 Agrippae
1278 2633 1311 2690 et
1338 2625 1526 2692 Maecenati

292 2755 457 2819 usurpare
473 2732 578 2798 otium
591 2741 668 2821 post
680 2733 813 2799 labores
827 2733 1008 2802 concessit.
1024 2732 1083 2799 sed
1100 2733 1133 2797 in
1150 2757 1187 2797 ea
1203 2733 1274 2820 ipse
1291 2741 1412 2815 aetate,
1433 2734 1528 2799 cuius

288 2840 472 2905 auctoritas
485 2846 647 2918 tueretur,
665 2840 831 2930 quidquid
851 2840 935 2905 illud
950 2848 985 2920 ct
1000 2840 1246 2929 qualecumque
1261 2841 1434 2906 tribuisset
1450 2862 1457 2919 ;
1486 2865 1525 2906 ac

291 2955 403 3013 tamen
442 2955 600 3013 neutrum
634 2948 724 3013 datis
754 2973 771 3012 a
803 2970 838 3012 se
871 2948 1032 3036 praemiis
1061 2949 1166 3013 exuit.
1190 2947 1285 3013 Bello
1314 2956 1348 3014 et
1367 2948 1525 3035 periculis

291 3064 479 3121 meruerant
500 3076 506 3123 :
525 3056 558 3120 in
572 3057 614 3120 iis
628 3056 719 3121 enim
739 3056 876 3121 iuventa
893 3057 1042 3142 Augusti
1057 3065 1192 3121 versata
1212 3064 1304 3121 est...
1317 3083 1332 3114 u
1348 3093 1391 3105 -
1407 3057 1458 3135 15,
1469 3058 1521 3121 35.

290 3164 481 3253 Torquatus
514 3163 650 3229 Silanus
685 3165 769 3227 mori
795 3163 956 3251 adigitur,
993 3165 1072 3252 quia
1101 3188 1203 3251 super
1237 3164 1351 3227 Iuniae
1377 3162 1524 3228 familiae

290 3270 528 3337 claritudinem
560 3271 686 3335 Divum
720 3273 915 3358 Augustum
944 3270 1089 3336 abavum
1128 3270 1268 3336 serebat.
1301 3307 1344 3318 -
1382 3268 1431 3345 16,
1467 3294 1521 3334 aa.

289 3378 470 3466 (Loquitur
499 3377 722 3443 Cossutianus
743 3378 880 3466 Capito)
906 3406 922 3439 a
947 3377 1107 3442 Eiusdem
1128 3377 1231 3442 animi
1260 3384 1312 3441 est
1333 3376 1523 3463 Poppaeam

289 3485 401 3550 divam
422 3508 489 3550 non
505 3484 653 3560 credere,
675 3486 772 3551 cuius
792 3485 826 3549 in
842 3491 916 3549 acta
939 3485 1016 3548 Divi
1043 3486 1194 3573 Augusti
1209 3493 1243 3550 et
1263 3484 1340 3547 Divi
1364 3481 1440 3548 lulii
1455 3507 1522 3548 non

290 3593 398 3658 iurare
415 3623 444 3659 n.
464 3632 504 3643 -
519 3592 544 3670 1,
569 3617 618 3656 11.
645 3594 845 3681 Aegyptum
858 3594 1053 3680 copiasque,
1076 3592 1202 3682 quibus
1217 3597 1439 3670 coerceretur,
1458 3589 1523 3655 iam

290 3700 367 3766 inde
397 3725 416 3765 a
445 3701 531 3766 Divo
552 3701 710 3787 Augusto
739 3700 869 3788 equites
899 3701 1043 3766 11010001
1069 3699 1224 3765 obtinent
1240 3697 1313 3764 loco
1334 3720 1463 3785 regum.
1483 3737 1524 3749 -

292 3808 317 3886 1,
332 3808 380 3874 15.
395 3807 517 3895 (Verba
533 3808 614 3873 iacit
627 3806 716 3896 apud
729 3808 887 3873 Pisonem
902 3808 1115 3874 Licinianum
1132 3806 1255 3895 Galba)
1282 3835 1296 3865 «
1316 3804 1414 3870 Nunc
1430 3828 1522 3873 mc...

291 3916 459 4004 praeclara
477 3916 608 3981 indoles
634 3923 687 3981 tua
717 3924 859 3982 01011101
875 3917 1002 4004 patriae
1037 3915 1183 4005 impulit.
1201 3923 1237 3982 ut
1254 3913 1522 4003 principatum...

291 4023 380 4089 bello
409 4025 552 4112 adeptus
585 4026 773 4114 quiescenti
803 4025 954 4094 01101010.
984 4025 1140 4114 exemplo
1171 4024 1247 4090 Divi
1271 4023 1430 4111 Augusti,
1468 4022 1525 4112 qui

291 4135 416 4197 sororis
432 4134 538 4200 lilium
559 4134 772 4201 Marcellum.
791 4134 868 4198 dein
885 4157 1048 4222 generum
1066 4134 1266 4223 Agrippam,
1290 4155 1369 4196 mox
1384 4138 1525 4218 nepotes

291 4262 383 4310 suos.
405 4248 576 4329 postremo
603 4240 774 4306 Tiberium
804 4241 973 4307 Neronem
1000 4242 1195 4329 privignum
1216 4241 1249 4304 in
1278 4239 1431 4328 proximo
1460 4236 1525 4302 sibi

292 4346 426 4434 fastigio
437 4347 717 4413 conlocavit.Sed
737 4338 914 4435 Augustus·
934 4349 968 4413 in
982 4348 1082 4413 domo
1097 4371 1326 4414 successorem
1342 4345 1522 4433 quaesiuit.

291 4477 352 4541 ego
379 4454 413 4518 in
446 4453 628 4542 republica.
660 4492 704 4506 -
733 4455 759 4536 l,
796 4456 844 4519 18.
865 4455 1003 4541 (Galba)
1029 4455 1118 4543 apud
1144 4455 1353 4544 frequentem
1378 4452 1524 4517 militum

291 4562 524 4627 contionem...
557 4561 748 4652 adoptaria
776 4587 811 4628 se
839 4564 997 4628 Pisonem
1024 4562 1180 4652 exemplo
1219 4563 1297 4626 Divi
1332 4560 1522 4648 Augusti...

290 4668 499 4755 pronuntiat.
524 4706 565 4717 -
593 4670 686 4748 1,50.
711 4698 726 4729 u
752 4670 922 4735 Mansisse
942 4671 1027 4735 Gaio
1064 4670 1162 4752 lulio,
1191 4670 1356 4735 mansisse
1383 4667 1525 4733 Caesare

293 4777 449 4863 Augusto
465 4776 593 4842 victore
606 4778 827 4865 imperium...
848 4805 864 4835 i>
886 4815 928 4827 -
946 4778 972 4858 l,
991 4778 1045 4866 89.
1063 4778 1113 4843 Ex
1129 4801 1197 4865 quo
1218 4778 1326 4842 Divus
1346 4777 1525 4862 Augustus

291 4905 344 4947 res
359 4881 543 4949 Caesarum
571 4887 773 4974 composuit,
795 4884 911 4973 procul
945 4885 1032 4951 etin
1060 4886 1160 4950 unius
1180 4882 1443 4949 sollicitudinem
1468 4889 1527 4946 aut

293 4989 396 5058 decus
426 4991 573 5086 populus
601 4992 776 5059 1100101100
796 4991 996 5060 bellaverat.
1020 5032 1052 5043 -π
1081 4993 1106 5061 1.
1122 5017 1177 5084 90·
1196 4991 1299 5072 Quasi
1325 4990 1525 5056 dictatorem
