3709 6234
284 835 338 889 382
792 839 900 892 IVLIVS
922 835 1051 892 CORDVS

332 978 468 1044 trahens
495 980 589 1045 velut
617 987 714 1067 parto
737 980 877 1069 imperio
900 979 1085 1045 fruebatur.
1108 1019 1150 1028 —
1173 980 1230 1059 lv,
1250 1004 1303 1066 71.
1329 979 1378 1044 At
1397 978 1518 1044 Civilis
1537 986 1571 1044 et

331 1085 516 1171 Classicus,
532 1087 590 1152 ubi
606 1087 742 1176 pulsum
765 1088 936 1169 Tutorem,
956 1110 1070 1153 caesos
1086 1087 1254 1162 Treviros
1277 1095 1398 1152 cuncta
1414 1086 1569 1152 hostibus

332 1218 491 1282 prospera
509 1218 680 1283 accepere,
693 1194 954 1262 ...Valentinum
971 1218 1142 1270 monuere,
1160 1218 1201 1260 ne
1212 1218 1365 1259 summae
1378 1195 1426 1260 rei
1438 1195 1570 1283 pericu·

332 1303 402 1367 lum
416 1303 552 1369 Iaceret.
575 1341 617 1354 ·-
635 1303 692 1384 IV,
711 1328 764 1392 7²·
779 1302 962 1370 Cerialis...
980 1301 1147 1367 coloniam
1163 1302 1378 1367 Trevirorum
1397 1302 1571 1389 ingressus

330 1420 394 1490 est,
426 1411 525 1476 avido
558 1411 665 1476 milite
689 1411 856 1477 eruendae
883 1411 1044 1476 civitatis.
1068 1409 1164 1474 Ilano
1192 1433 1266 1475 esse
1294 1409 1446 1487 Classici,
1482 1409 1570 1474 hanc

332 1519 467 1584 Tutoris
487 1520 672 1607 patriam...
700 1560 742 1570 -
765 1519 823 1596 IV,
841 1522 895 1609 74.
918 1518 1043 1603 (Verba
1059 1518 1140 1583 lacit
1155 1517 1297 1583 Petilius
1322 1516 1462 1584 Cerialis
1481 1516 1572 1604 apud

331 1626 486 1691 Treviros
517 1626 765 1716 Lingonesque)
792 1625 899 1690 «Nisi
932 1625 1017 1691 forte
1052 1626 1175 1691 Tutore
1195 1632 1229 1690 et
1245 1624 1395 1690 Classico
1425 1645 1571 1711 regnan·

335 1733 425 1799 tibus
451 1734 657 1800 moderatius
677 1735 854 1823 imperium
877 1733 1064 1822 speratis...
1096 1756 1181 1798 n-
1211 1732 1268 1806 1V‚
1307 1731 1360 1820 75.
1392 1730 1511 1802 Civilis
1537 1738 1571 1796 et

334 1840 506 1907 Classicus
531 1843 652 1909 misere
678 1843 721 1907 ad
749 1842 914 1908 Cerialem
936 1841 1111 1928 epistulas,
1135 1863 1277 1929 quarum
1296 1840 1377 1905 liaeo
1402 1840 1570 1906 sententia

334 1947 439 2015 fuit...
471 1950 526 2014 nd
550 1974 587 2016 ea
609 1950 751 2016 Cerialis
772 1949 873 2015 Civili
894 1957 927 2014 et
947 1948 1098 2013 Classico
1116 1947 1212 2015 nihil.
1235 1988 1271 1996 -
1299 1946 1356 2030 lv,
1375 1946 1428 2036 76.
1452 1947 1571 2034 (Tutor

335 2064 478 2122 testatur
498 2058 685 2144 llomanos)
704 2065 907 2123 venturos...
928 2057 963 2120 in
982 2078 1103 2120 manus
1119 2078 1185 2119 non
1209 2055 1354 2143 imperiti
1374 2054 1572 2120 adulescen-

334 2164 394 2229 tuli
411 2163 764 2251 (luliiValentini)...‚
790 2163 850 2228 sed
878 2161 997 2227 Civilis
1026 2169 1059 2226 et
1088 2160 1271 2226 Classici...
1298 2162 1442 2227 Diremit
1461 2161 1572 2227 consi·

331 2270 454 2336 liorum
497 2273 729 2338 diversitatem
767 2268 952 2357 adprobata
991 2269 1125 2333 Tutoris
1166 2270 1333 2335 sententia
1383 2269 1568 2335 Classicus

331 2379 445 2460 -IV,
467 2404 522 2469 77.
550 2379 674 2467 (Verba
712 2378 792 2443 lacit
821 2375 963 2441 Petilius
991 2375 1132 2442 Cerialis
1157 2376 1247 2464 apud
1274 2377 1412 2465 milites)
1461 2405 1477 2438 a
1507 2376 1569 2453 Ite,

333 2488 487 2552 nuntiate
516 2488 725 2575 Vespasiano
753 2483 819 2562 vel,
850 2482 942 2572 quod
969 2483 1107 2571 propius
1135 2491 1198 2562 est,
1229 2484 1329 2550 Civili
1352 2492 1386 2550 et
1405 2483 1568 2566 Classico,

337 2593 491 2659 relictum
506 2619 525 2659 a
545 2594 642 2658 vobis
657 2594 691 2658 in
707 2592 777 2658 acie
797 2590 958 2658 ducem...
980 2616 996 2654 n
1012 2630 1054 2639 -
1076 2573 1132 2670 lV,
1151 2595 1205 2680 78.
1221 2592 1326 2657 Tutor
1341 2601 1375 2658 et
1399 2592 1571 2659 Classicus

334 2710 367 2767 et
387 2701 506 2767 Civilis
522 2703 591 2767 suis
605 2703 748 2791 quisque
762 2700 845 2765 locis
865 2723 1014 2788 pugnam
1026 2700 1170 2765 ciebant.
1194 2755 1200 2767 .
1216 2741 1258 2750 —
1274 2701 1331 2785 IV,
1350 2727 1404 2792 79.
1421 2701 1571 2769 Orabant

335 2809 497 2873 auxilium
530 2810 799 2898 Agrippinenses
837 2806 1089 2895 ollerebantque
1129 2808 1320 2898 (Romanis)
1361 2833 1500 2875 uxorem
1532 2833 1571 2876 ac

334 2940 483 2981 sororem
501 2917 618 2982 Civilis
634 2925 668 2982 et
683 2916 786 2980 liliam
804 2914 958 2996 Classici,
976 2914 1094 2980 relicta
1114 2914 1177 2980 sibi
1193 2917 1333 3005 pignora
1357 2918 1569 2988 societatIs..

335 3021 549 3091 Classicus...
586 3024 749 3098 adversus
771 3023 901 3111 equites
925 3022 1130 3087 Novaesium
1157 3047 1174 3088 a
1201 3024 1331 3091 Ceriale
1366 3027 1571 3113 praemissos

337 3131 522 3196 secundum
551 3132 715 3219 proelium
750 3131 840 3196 lecit.
874 3170 916 3180 —
944 3131 984 3208 V,
1020 3130 1445 3218 19.Transierelihenum
1477 3137 1572 3221 (oum

335 3238 449 3325 Civili)
463 3241 567 3305 Tutor
577 3263 712 3329 quoque
726 3247 759 3304 et
771 3238 983 3304 Classicus...
997 3276 1040 3286 —
1053 3238 1093 3314 V,
1111 3263 1162 3303 ao.
1181 3239 1350 3305 Praesidio
1367 3241 1568 3321 cohortium,

334 3345 476 3420 alarum,
507 3348 688 3434 legionum,
715 3371 781 3412 uno
805 3346 858 3411 die
880 3345 999 3411 Civilis
1025 3345 1269 3434 quadripertito
1291 3349 1497 3438 (invasitl...,
1524 3349 1572 3414 ita

332 3453 451 3517 divisis
471 3457 588 3542 copiis,
618 3464 652 3521 ul
687 3457 759 3543 ipse
788 3463 821 3520 et
850 3455 1019 3532 Vernx...‚
1044 3454 1281 3544 Classicusque
1302 3480 1338 3521 ac
1356 3457 1460 3522 Tutor
1474 3480 1570 3522 suam

334 3562 476 3650 quisque
504 3586 640 3628 manum
670 3563 853 3628 traherent.
883 3600 925 3608 -
953 3561 993 3639 V,
1022 3585 1074 3624 ai.
1105 3562 1233 3627 Vadam
1260 3564 1390 3635 Civilis.
1424 3564 1571 3628 Grinnes

338 3670 509 3737 Classicus
522 3670 807 3759 oppugnabant...
825 3670 982 3734 Tutorem
1000 3668 1257 3759 Classicumque
1272 3671 1434 3760 adpulsae
1452 3672 1572 3737 lintres

333 3805 466 3848 vexere.

290 3889 454 3978 (IVLIVS
476 3877 715 3972 t'lLllllENS),
740 3884 951 3949 CLEMENS
970 3884 1131 3960 IVLIVS,
1156 3885 1381 3951 CLEIIENS.
1407 3925 1444 3934 -
1469 3911 1494 3963 ι,
1515 3887 1570 3952 23.

331 3998 471 4062 Ceteros
507 3994 735 4080 (centuriones
753 3993 938 4057 Pannonici
959 3994 1140 4079 exercitus)
1172 3994 1320 4059 latebrae
1351 4002 1474 4073 texere,
1502 4016 1571 4059 uno

334 4113 465 4169 retento
481 4102 655 4167 Clemente
683 4101 778 4170 lulio.
800 4101 856 4188 qui
877 4100 1085 4187 perferendis
1106 4100 1252 4165 militum
1282 4101 1451 4166 mandatis
1471 4101 1572 4166 habe-

334 4212 434 4278 batur
450 4211 591 4274 idoneus
602 4209 644 4272 ob
660 4216 853 4296 promptum
867 4207 1052 4293 ingenium.
1071 4248 1111 4258 -—
1134 4234 1160 4279 ι,
1180 4203 1231 4274 all,
1252 4209 1463 4296 llesponsum
1484 4217 1571 4274 esta

333 4308 490 4384 contione
514 4316 671 4381 mandata
687 4315 855 4382 Clementi
877 4316 1078 4395 centurioni,
1097 4340 1182 4403 quae
1198 4316 1371 4403 perferret.
1393 4354 1437 4367 -
1462 4342 1489 4396 ι,
1515 4319 1567 4381 28.

335 4426 474 4491 Accitur
490 4425 523 4512 (a
543 4425 667 4511 llruso)
683 4424 834 4489 centurio
847 4423 1016 4490 Clemens

291 4532 439 4600 IVLIVS
456 4531 668 4599 COIIDVSL
687 4572 729 4581 -
750 4553 776 4610 i,
793 4531 846 4619 76.
863 4530 912 4595 Ne
932 4531 1117 4618 Aquitania
1133 4532 1282 4620 quidem,
1300 4555 1508 4621 quamquam
1528 4530 1571 4595 ab

337 4640 420 4706 lulio
438 4639 548 4705 Cordo
575 4639 609 4703 in
625 4640 727 4705 verba
743 4638 887 4705 Othonis
907 4637 1081 4720 obstrictu,
1096 4639 1153 4703 diu
1167 4640 1303 4705 mansit.

323 4955 332 4990 ¹
352 4955 382 5011 Q.
400 4955 482 5002 lulius
494 4955 605 5005 Cordus.
623 4954 744 5008 I’mrsor..
761 4956 812 5005 186.
