3709 6234
284 857 337 913 ⁴28
866 861 977 913 alicae

328 1009 442 1068 cantes
454 1002 559 1069 levari
585 1004 618 1068 in
642 1026 803 1091 praesens
826 1002 1060 1091 proconsulari
1085 1001 1226 1091 imperio
1247 1000 1400 1090 tradique
1427 999 1565 1069 Caesari

328 1110 467 1198 placuit.
492 1149 522 1159 -
546 1135 573 1191 r,
589 1111 642 1175 80.
668 1111 871 1198 Prorogatur
890 1111 1045 1198 Poppaeo
1061 1110 1186 1176 Sabino
1214 1109 1384 1197 provincia
1419 1108 1562 1190 Moesia,

284 1232 289 1240 ‘
329 1217 453 1282 additis
470 1218 598 1283 Achaia
611 1241 650 1283 ac
665 1219 924 1285 Macedonia-
940 1218 971 1298 3,
989 1219 1042 1283 38.
1060 1217 1248 1282 Antistium
1269 1218 1425 1282 Veterem
1450 1240 1468 1281 e
1496 1217 1565 1304 pri·

329 1323 479 1390 moribus
495 1325 753 1391 Macedoniae...
778 1326 886 1413 Igitur
900 1349 986 1415 aqua
1002 1333 1036 1390 et
1055 1325 1126 1412 igni
1143 1323 1359 1390 interdictum
1388 1347 1445 1389 reo
1475 1324 1566 1412 (An-

330 1432 449 1517 tistio),
484 1432 755 1521 adpositumque,
794 1442 833 1499 ut
860 1441 1031 1498 teneretur
1057 1432 1168 1497 insula
1199 1455 1309 1520 neque
1347 1430 1565 1496 Macedoniae

330 1563 439 1629 neque
454 1540 635 1605 Thraeciae
649 1548 849 1628 opportuna.
869 1580 912 1592 -
934 1543 964 1620 5,
986 1565 1034 1607 ro.
1066 1539 1231 1605 Auditum
1264 1539 1297 1604 id
1320 1538 1478 1627 Poppaeo
1506 1538 1565 1604 Sa·

330 1647 422 1713 bine.
441 1647 473 1711 ls
488 1648 706 1713 Macedoniae
725 1658 794 1713 tum
808 1650 961 1715 intentus
973 1649 1138 1713 Achaiam
1153 1671 1287 1737 quoque
1302 1646 1453 1713 curabat.

285 1754 590 1822 MACEDONICA
612 1756 760 1825 LEGIO.
786 1797 827 1806 —
841 1756 901 1834 ΙΙΙ,
920 1781 975 1822 aa.
991 1755 1152 1843 (Quidam
1167 1754 1393 1842 tradiderunt)
1408 1760 1565 1842 quartam

331 1862 582 1927 Macedonicam
599 1863 756 1929 dextrum
777 1864 1063 1949 (Vitellianorum)
1087 1886 1193 1928 cornu
1213 1915 1233 1930 ..
1252 1861 1451 1950 complesse.

287 1969 460 2049 MACER,
479 1993 510 2035 v.
534 1971 738 2038 MAllCll'S
758 1972 931 2037 MACER.

288 2080 298 2102 '
324 2076 556 2158 MACILIVS,
572 2102 604 2145 v.
624 2079 670 2146 M.
690 2079 882 2149 AClLlVS.

288 2184 489 2251 MACllO¹.
507 2225 550 2234 -
571 2185 604 2262 6,
638 2189 688 2251 15.
723 2188 833 2276 thue
865 2188 980 2253 Macro
1009 2187 1199 2277 praefectus
1228 2187 1507 2273 tribunorumque
1535 2191 1568 2249 et

332 2293 568 2358 centurionum
587 2295 686 2382 pauci
701 2318 816 2359 secum
835 2296 1027 2376 introirent,
1045 2296 1202 2384 quotiens
1223 2294 1350 2359 curiam
1373 2293 1567 2381 ingredere-

334 2408 400 2480 tur,
431 2402 552 2488 petivit
585 2405 619 2488 (a
646 2411 765 2468 senatu
797 2403 978 2489 Tiberius).
1010 2441 1053 2452 -
1081 2402 1114 2479 6,
1138 2402 1190 2468 23.
1219 2400 1401 2465 Tradidere
1428 2396 1568 2488 quidam

334 2509 579 2597 praescriptum
593 2509 697 2576 fuisse
713 2510 877 2590 Macroni,
897 2512 926 2575 si
946 2535 1038 2575 arma
1072 2511 1113 2576 ab
1146 2510 1268 2575 Seiano
1308 2513 1566 2595 temptarentur,

333 2624 519 2681 extractum
536 2617 709 2681 custodiae
725 2619 888 2703 (Drusum
907 2618 1099 2682 Germanici
1117 2617 1279 2703 filiuni)...
1302 2616 1422 2679 ducem
1442 2611 1568 2701 populo

334 2723 518 2809 imponere.
534 2763 576 2772 -
590 2722 621 2804 6,
642 2747 694 2812 29.
712 2723 805 2788 Nihil
832 2724 1054 2812 (Mamercum
1072 2723 1251 2810 Scaurum)
1273 2721 1420 2787 amicitia
1440 2719 1566 2792 Seiani,

334 2829 392 2893 sed
413 2829 568 2894 labefecit
584 2830 674 2896 haud
689 2832 802 2896 miuus
817 2831 966 2897 validum
983 2832 1025 2896 ad
1042 2832 1143 2896 exitia
1158 2829 1329 2896 Macronis
1352 2828 1480 2908 odium,
1511 2825 1569 2915 qui

333 2936 469 3000 easdem
498 2945 587 3003 artes
609 2938 774 3004 occultius
798 2938 987 3004 exercebat.
1025 2978 1066 2988 —
1101 2938 1132 3019 6,
1152 2939 1204 3003 38.
1240 2936 1412 3001 Fulcinius
1447 2934 1566 3000 Trio...

336 3045 503 3131 supremis
518 3044 643 3109 tabulis
657 3045 763 3112 multa
783 3054 817 3111 et
839 3048 964 3111 atrocia
991 3047 1026 3111 in
1042 3047 1262 3112 Macronem..
1300 3042 1503 3131 composuit.
1529 3076 1569 3092 -

335 3150 368 3226 6,
386 3150 439 3227 45.
460 3151 576 3240 Neque
592 3153 681 3217 enini
702 3153 810 3218 multo
825 3160 902 3242 post
922 3155 1071 3242 supremi
1087 3153 1219 3218 Tiberio
1235 3152 1448 3225 consules...
1467 3148 1569 3214 nimia

335 3259 400 3321 iarn
416 3260 566 3346 potentia
583 3259 766 3336 Macronis,
786 3262 844 3349 qui
863 3263 1007 3348 gratiani
1033 3261 1071 3326 C.
1108 3261 1263 3325 Caesaris
1295 3280 1481 3346 numquam
1506 3256 1571 3320 sibi

336 3365 525 3452 neglectam
546 3368 701 3431 acriusin
723 3369 812 3432 diem
829 3369 963 3433 fovebat
990 3369 1277 3456 impuleratque...
1302 3388 1441 3432 uxorem
1473 3388 1570 3428 suam

338 3472 480 3537 Enniam
497 3475 662 3539 imitando
677 3500 825 3540 amorem
844 3477 998 3541 iuvenem
1012 3478 1148 3541 inlicere
1169 3485 1335 3564 pactoque
1364 3472 1571 3537 matrimonii

337 3581 473 3646 vincire.
489 3621 531 3629 -
546 3581 578 3661 6,
591 3583 643 3657 Ml.
664 3582 845 3668 (Tiberius)
859 3584 1009 3648 Macroni
1027 3608 1094 3648 non
1115 3584 1227 3648 abdita
1243 3583 1383 3669 ambage
1415 3580 1572 3644 occiden-

337 3694 404 3749 tem
416 3687 457 3750 ab
472 3711 511 3752 eo
527 3689 647 3763 deseri,
663 3690 825 3754 orientem
842 3692 985 3776 spectari
1002 3690 1229 3777 exprobrarit.
1245 3730 1286 3737 —
1303 3689 1335 3767 6,
1350 3693 1402 3776 47.
1421 3688 1571 3751 Testiurn

338 3795 603 3881 interrogationi,
623 3798 799 3861 tormentis
815 3821 990 3862 serrorum
1007 3798 1200 3863 Macronem
1237 3796 1446 3885 praesedisse
1480 3818 1573 3858 corn-

339 3903 494 3966 mentarii
514 3903 557 3966 ad
574 3912 728 3967 senatum
744 3906 839 3967 missi
856 3905 1020 3982 serebant,
1044 3906 1223 3992 nullaeque
1247 3906 1280 3968 in
1298 3903 1401 3990 (reos)
1429 3903 1573 3989 impera-

341 4010 422 4073 toris
442 4011 573 4075 litterae
587 4013 813 4098 suspicionem
843 4014 1009 4079 dabant...
1036 4014 1112 4077 licta
1131 4013 1289 4100 pleraque
1315 4012 1357 4075 ol)
1381 4010 1575 4074 inimicitias

341 4117 509 4181 Macronis
523 4127 620 4182 nolas
634 4121 667 4182 in
679 4122 890 4185 Arruntium.
910 4160 952 4168 -
969 4122 999 4198 a,
1018 4125 1071 4197 spat.
1090 4122 1314 4185 Arruntius...
1332 4117 1491 4184 amieis..
1506 4140 1575 4182 res·

342 4223 470 4310 pendit,
489 4224 551 4289 sibi
568 4227 651 4290 satis
663 4228 794 4306 aetalia,
811 4250 919 4314 neque
949 4225 1041 4290 aliud
1062 4225 1301 4313 paenitendum
1318 4249 1417 4313 quarn
1438 4224 1573 4311 quod...

341 4332 475 4395 anxiam
491 4341 698 4398 senectutem
717 4334 940 4408 toleravisset,
963 4333 1020 4396 diu
1035 4333 1168 4404 Seiano.
1188 4357 1275 4395 nune
1291 4332 1454 4406 Macroni,
1488 4355 1575 4397 scm-

340 4462 398 4526 per
414 4440 512 4504 alicui
525 4442 712 4526 potentium
733 4442 904 4506 invisus...
922 4443 987 4514 An,
1011 4464 1087 4504 cum
1103 4441 1297 4506 Tiberius...
1317 4440 1349 4502 vi
1365 4438 1572 4505 dominatio-

330 4739 337 4769 ¹
357 4735 473 4783 Naevius
486 4737 621 4784 Sertorius
645 4740 745 4789 Macro.
766 4739 886 4788 l’nesor..
906 4739 937 4788 N.
962 4757 996 4785 ro.
1017 4740 1119 4785 Naana
1146 4738 1261 4786 Naevian
1283 4740 1362 4785 unius
1383 4737 1477 4784 Dionis
1498 4739 1576 4784 lesti-

298 4818 388 4862 nronio
405 4818 543 4876 traditura,
555 4818 595 4876 58,
610 4836 634 4880 q,
653 4839 665 4866 a
684 4820 730 4866 ubi
751 4820 864 4867 sortasse
882 4836 944 4867 runi
961 4821 1130 4867 Monnnseno
1149 4819 1322 4866 scribendum
1337 4822 1452 4874 Nalm:
1465 4822 1554 4874 Γναῖος
1565 4837 1576 4857 ¹»

299 4899 416 4958 ¹ilffllffil·
437 4928 463 4934 -
481 4922 491 4940 “
502 4903 536 4947 ΑΙ
556 4915 702 4962 numquam
718 4905 795 4958 Nais:
812 4917 860 4962 pte
874 4909 960 4953 Γναῖος
978 4904 1042 4952 llio:
1061 4910 1148 4954 Γναῖον
1163 4903 1304 4960 legendum
1318 4917 1376 4948 usse
1391 4901 1460 4947 lrnud
1477 4900 1578 4961 proba·

300 4980 353 5026 bile
381 5003 390 5018 ι·
409 4980 575 5028 ‹lions-avan·
590 4983 622 5028 erl
639 4984 664 5032 lr.
680 4982 774 5030 Dionis
786 4984 823 5038 l.[.
