<?xml version="1.0" encoding="UTF-8"?>
<!DOCTYPE html PUBLIC "-//W3C//DTD XHTML 1.0 Transitional//EN"
    "http://www.w3.org/TR/xhtml1/DTD/xhtml1-transitional.dtd">
<html xmlns="http://www.w3.org/1999/xhtml" xml:lang="en" lang="en">
 <head>
  <title>
</title>
<meta http-equiv="Content-Type" content="text/html;charset=utf-8" />
  <meta name='ocr-system' content='tesseract 3.04.00' />
  <meta name='ocr-capabilities' content='ocr_page ocr_carea ocr_par ocr_line ocrx_word'/>
</head>
<body>
  <div class='ocr_page' id='page_1' title='image "./onomasticontaci00fabigoog_0418.png"; bbox 0 0 3709 6234; ppageno 0'>
   <div class='ocr_carea' id='block_1_1' title="bbox 373 844 1177 906">
    <p class='ocr_par' dir='ltr' id='par_1_1' title="bbox 373 844 1177 906">
     <span class='ocr_line' id='line_1_1' title="bbox 373 844 1177 906; baseline 0.005 -5"><span class='ocrx_word' id='word_1_1' title='bbox 373 844 427 902; x_wconf 77' lang='lat' dir='ltr'>lto</span> <span class='ocrx_word' id='word_1_2' title='bbox 855 853 993 906; x_wconf 85' lang='lat' dir='ltr'>LlCllthS</span> <span class='ocrx_word' id='word_1_3' title='bbox 1013 853 1177 905; x_wconf 73' lang='lat' dir='ltr'>nvcnnvs</span> 
     </span>
    </p>
   </div>
   <div class='ocr_carea' id='block_1_2' title="bbox 418 992 1659 1189">
    <p class='ocr_par' dir='ltr' id='par_1_2' title="bbox 418 992 1659 1189">
     <span class='ocr_line' id='line_1_2' title="bbox 418 992 1659 1081; baseline 0.002 -25"><span class='ocrx_word' id='word_1_4' title='bbox 418 1001 684 1079; x_wconf 76' lang='lat' dir='ltr'>exspectaretur,</span> <span class='ocrx_word' id='word_1_5' title='bbox 707 995 805 1081; x_wconf 80' lang='lat' dir='ltr'>Syria</span> <span class='ocrx_word' id='word_1_6' title='bbox 834 1017 988 1059; x_wconf 85' lang='lat' dir='ltr'>remeans</span> <span class='ocrx_word' id='word_1_7' title='bbox 1003 1002 1037 1060; x_wconf 90' lang='lat' dir='ltr'>et</span> <span class='ocrx_word' id='word_1_8' title='bbox 1056 993 1274 1058; x_wconf 90' lang='lat' dir='ltr'>consiliorum</span> <span class='ocrx_word' id='word_1_9' title='bbox 1300 993 1388 1057; x_wconf 90' lang='lat' dir='ltr'>inter</span> <span class='ocrx_word' id='word_1_10' title='bbox 1407 992 1604 1057; x_wconf 85' lang='lat' dir='ltr'>Mucianum</span> <span class='ocrx_word' id='word_1_11' title='bbox 1620 1017 1659 1059; x_wconf 84' lang='lat' dir='ltr'>uc</span> 
     </span>
     <span class='ocr_line' id='line_1_3' title="bbox 419 1098 1659 1189; baseline 0.001 -25"><span class='ocrx_word' id='word_1_12' title='bbox 419 1108 548 1186; x_wconf 89' lang='lat' dir='ltr'>patrem</span> <span class='ocrx_word' id='word_1_13' title='bbox 565 1103 716 1168; x_wconf 92' lang='lat' dir='ltr'>nuntius.</span> <span class='ocrx_word' id='word_1_14' title='bbox 735 1140 777 1150; x_wconf 90' lang='lat'>—</span> <span class='ocrx_word' id='word_1_15' title='bbox 794 1101 837 1180; x_wconf 94' lang='lat' dir='ltr'>ll,</span> <span class='ocrx_word' id='word_1_16' title='bbox 853 1105 906 1167; x_wconf 91' lang='lat'>80.</span> <span class='ocrx_word' id='word_1_17' title='bbox 930 1101 968 1167; x_wconf 93' lang='lat' dir='ltr'>ld</span> <span class='ocrx_word' id='word_1_18' title='bbox 983 1103 1095 1189; x_wconf 93' lang='lat' dir='ltr'>ipsum</span> <span class='ocrx_word' id='word_1_19' title='bbox 1115 1102 1293 1189; x_wconf 88' lang='lat' dir='ltr'>opperiens</span> <span class='ocrx_word' id='word_1_20' title='bbox 1312 1099 1492 1164; x_wconf 85' lang='lat' dir='ltr'>Mucianus</span> <span class='ocrx_word' id='word_1_21' title='bbox 1511 1098 1659 1166; x_wconf 83' lang='lat' dir='ltr'>alacrem</span> 
     </span>
    </p>
   </div>
   <div class='ocr_carea' id='block_1_3' title="bbox 419 1206 1659 1394">
    <p class='ocr_par' dir='ltr' id='par_1_3' title="bbox 419 1206 1659 1394">
     <span class='ocr_line' id='line_1_4' title="bbox 420 1206 1659 1297; baseline 0.001 -27"><span class='ocrx_word' id='word_1_22' title='bbox 420 1206 565 1294; x_wconf 71' lang='lat' dir='ltr'>(Syriae)</span> <span class='ocrx_word' id='word_1_23' title='bbox 584 1208 723 1273; x_wconf 87' lang='lat' dir='ltr'>militem</span> <span class='ocrx_word' id='word_1_24' title='bbox 741 1209 774 1271; x_wconf 93' lang='lat' dir='ltr'>in</span> <span class='ocrx_word' id='word_1_25' title='bbox 791 1207 893 1274; x_wconf 86' lang='lat' dir='ltr'>verba</span> <span class='ocrx_word' id='word_1_26' title='bbox 910 1209 1110 1297; x_wconf 77' lang='lat' dir='ltr'>Vespasiani</span> <span class='ocrx_word' id='word_1_27' title='bbox 1123 1208 1248 1294; x_wconf 81' lang='lat' dir='ltr'>adegit.</span> <span class='ocrx_word' id='word_1_28' title='bbox 1271 1208 1355 1271; x_wconf 85' lang='lat' dir='ltr'>Turn</span> <span class='ocrx_word' id='word_1_29' title='bbox 1375 1207 1659 1272; x_wconf 74' lang='lat' dir='ltr'>Antiochensium</span> 
     </span>
     <span class='ocr_line' id='line_1_5' title="bbox 419 1304 1658 1394; baseline 0.001 -25"><span class='ocrx_word' id='word_1_30' title='bbox 419 1304 588 1370; x_wconf 73' lang='lat' dir='ltr'>theatrum</span> <span class='ocrx_word' id='word_1_31' title='bbox 621 1308 839 1393; x_wconf 81' lang='lat' dir='ltr'>ingressus..</span> <span class='ocrx_word' id='word_1_32' title='bbox 878 1309 912 1371; x_wconf 93' lang='lat' dir='ltr'>in</span> <span class='ocrx_word' id='word_1_33' title='bbox 947 1306 1176 1371; x_wconf 82' lang='lat' dir='ltr'>adulationem</span> <span class='ocrx_word' id='word_1_34' title='bbox 1215 1307 1339 1370; x_wconf 88' lang='lat' dir='ltr'>ellusos</span> <span class='ocrx_word' id='word_1_35' title='bbox 1355 1304 1561 1394; x_wconf 89' lang='lat' dir='ltr'>adloquitur,</span> <span class='ocrx_word' id='word_1_36' title='bbox 1575 1312 1658 1372; x_wconf 89' lang='lat' dir='ltr'>satis</span> 
     </span>
    </p>
   </div>
   <div class='ocr_carea' id='block_1_4' title="bbox 407 1412 1659 5034">
    <p class='ocr_par' dir='ltr' id='par_1_4' title="bbox 407 1412 1659 5034">
     <span class='ocr_line' id='line_1_6' title="bbox 418 1412 1658 1501; baseline 0.003 -26"><span class='ocrx_word' id='word_1_37' title='bbox 418 1412 560 1477; x_wconf 88' lang='lat' dir='ltr'>decoms</span> <span class='ocrx_word' id='word_1_38' title='bbox 580 1414 680 1478; x_wconf 88' lang='lat' dir='ltr'>etiam</span> <span class='ocrx_word' id='word_1_39' title='bbox 702 1414 829 1479; x_wconf 87' lang='lat' dir='ltr'>Graeca</span> <span class='ocrx_word' id='word_1_40' title='bbox 863 1414 1060 1480; x_wconf 79' lang='lat' dir='ltr'>facundia...</span> <span class='ocrx_word' id='word_1_41' title='bbox 1090 1413 1182 1478; x_wconf 88' lang='lat' dir='ltr'>Nihil</span> <span class='ocrx_word' id='word_1_42' title='bbox 1209 1436 1314 1501; x_wconf 85' lang='lat' dir='ltr'>aeque</span> <span class='ocrx_word' id='word_1_43' title='bbox 1338 1412 1548 1499; x_wconf 89' lang='lat' dir='ltr'>provinciam</span> <span class='ocrx_word' id='word_1_44' title='bbox 1563 1437 1658 1479; x_wconf 84' lang='lat' dir='ltr'>excr-</span> 
     </span>
     <span class='ocr_line' id='line_1_7' title="bbox 417 1519 1659 1610; baseline 0.002 -27"><span class='ocrx_word' id='word_1_45' title='bbox 417 1520 589 1607; x_wconf 85' lang='lat' dir='ltr'>citumque</span> <span class='ocrx_word' id='word_1_46' title='bbox 611 1520 777 1599; x_wconf 73' lang='lat' dir='ltr'>accendit,</span> <span class='ocrx_word' id='word_1_47' title='bbox 794 1544 897 1610; x_wconf 88' lang='lat' dir='ltr'>quam</span> <span class='ocrx_word' id='word_1_48' title='bbox 919 1520 1009 1609; x_wconf 90' lang='lat' dir='ltr'>quod</span> <span class='ocrx_word' id='word_1_49' title='bbox 1030 1519 1251 1587; x_wconf 86' lang='lat' dir='ltr'>adsevercbat</span> <span class='ocrx_word' id='word_1_50' title='bbox 1275 1521 1465 1597; x_wconf 84' lang='lat' dir='ltr'>Mucianus,</span> <span class='ocrx_word' id='word_1_51' title='bbox 1494 1522 1659 1586; x_wconf 80' lang='lat' dir='ltr'>statuisse</span> 
     </span>
     <span class='ocr_line' id='line_1_8' title="bbox 417 1625 1658 1715; baseline 0.006 -29"><span class='ocrx_word' id='word_1_52' title='bbox 417 1625 594 1691; x_wconf 85' lang='lat' dir='ltr'>Vitellium</span> <span class='ocrx_word' id='word_1_53' title='bbox 626 1636 664 1693; x_wconf 93' lang='lat' dir='ltr'>ut</span> <span class='ocrx_word' id='word_1_54' title='bbox 690 1628 909 1693; x_wconf 88' lang='lat' dir='ltr'>Germanicas</span> <span class='ocrx_word' id='word_1_55' title='bbox 944 1627 1095 1715; x_wconf 87' lang='lat' dir='ltr'>legiones</span> <span class='ocrx_word' id='word_1_56' title='bbox 1121 1630 1155 1692; x_wconf 92' lang='lat' dir='ltr'>in</span> <span class='ocrx_word' id='word_1_57' title='bbox 1181 1627 1356 1714; x_wconf 73' lang='lat' dir='ltr'>Syriam...</span> <span class='ocrx_word' id='word_1_58' title='bbox 1388 1629 1597 1693; x_wconf 82' lang='lat' dir='ltr'>transferret.</span> <span class='ocrx_word' id='word_1_59' title='bbox 1620 1667 1658 1680; x_wconf 90' lang='lat'><em>-</em></span> 
     </span>
     <span class='ocr_line' id='line_1_9' title="bbox 418 1732 1657 1823; baseline 0.004 -27"><span class='ocrx_word' id='word_1_60' title='bbox 418 1732 460 1806; x_wconf 83' lang='lat' dir='ltr'>ll,</span> <span class='ocrx_word' id='word_1_61' title='bbox 484 1735 539 1799; x_wconf 75' lang='lat'>81.</span> <span class='ocrx_word' id='word_1_62' title='bbox 559 1734 747 1799; x_wconf 90' lang='lat' dir='ltr'>Consilium</span> <span class='ocrx_word' id='word_1_63' title='bbox 761 1734 801 1798; x_wconf 91' lang='lat' dir='ltr'>de</span> <span class='ocrx_word' id='word_1_64' title='bbox 818 1759 949 1800; x_wconf 89' lang='lat' dir='ltr'>summa</span> <span class='ocrx_word' id='word_1_65' title='bbox 966 1759 1076 1800; x_wconf 87' lang='lat' dir='ltr'>rerum</span> <span class='ocrx_word' id='word_1_66' title='bbox 1096 1736 1208 1823; x_wconf 78' lang='lat' dir='ltr'>Beryti</span> <span class='ocrx_word' id='word_1_67' title='bbox 1229 1735 1394 1801; x_wconf 87' lang='lat' dir='ltr'>habitum.</span> <span class='ocrx_word' id='word_1_68' title='bbox 1417 1734 1501 1799; x_wconf 92' lang='lat' dir='ltr'>llluc</span> <span class='ocrx_word' id='word_1_69' title='bbox 1529 1735 1657 1801; x_wconf 87' lang='lat' dir='ltr'>Mucia·</span> 
     </span>
     <span class='ocr_line' id='line_1_10' title="bbox 417 1841 1656 1931; baseline 0.003 -28"><span class='ocrx_word' id='word_1_70' title='bbox 417 1864 480 1905; x_wconf 90' lang='lat' dir='ltr'>nus</span> <span class='ocrx_word' id='word_1_71' title='bbox 502 1865 579 1905; x_wconf 90' lang='lat' dir='ltr'>cum</span> <span class='ocrx_word' id='word_1_72' title='bbox 596 1841 717 1929; x_wconf 88' lang='lat' dir='ltr'>legatis</span> <span class='ocrx_word' id='word_1_73' title='bbox 732 1842 986 1931; x_wconf 81' lang='lat' dir='ltr'>tribunisque...</span> <span class='ocrx_word' id='word_1_74' title='bbox 1005 1844 1110 1908; x_wconf 81' lang='lat' dir='ltr'>venit.</span> <span class='ocrx_word' id='word_1_75' title='bbox 1130 1843 1232 1921; x_wconf 88' lang='lat' dir='ltr'>-ll,</span> <span class='ocrx_word' id='word_1_76' title='bbox 1255 1845 1307 1908; x_wconf 80' lang='lat'>82.</span> <span class='ocrx_word' id='word_1_77' title='bbox 1330 1844 1532 1907; x_wconf 78' lang='lat' dir='ltr'>ltonativum</span> <span class='ocrx_word' id='word_1_78' title='bbox 1556 1842 1656 1907; x_wconf 88' lang='lat' dir='ltr'>militi</span> 
     </span>
     <span class='ocr_line' id='line_1_11' title="bbox 416 1949 1655 2038; baseline 0.002 -27"><span class='ocrx_word' id='word_1_79' title='bbox 416 1971 525 2037; x_wconf 89' lang='lat' dir='ltr'>neque</span> <span class='ocrx_word' id='word_1_80' title='bbox 543 1949 724 2014; x_wconf 88' lang='lat' dir='ltr'>Mucianus</span> <span class='ocrx_word' id='word_1_81' title='bbox 738 1951 845 2038; x_wconf 89' lang='lat' dir='ltr'>primo</span> <span class='ocrx_word' id='word_1_82' title='bbox 864 1951 1021 2015; x_wconf 87' lang='lat' dir='ltr'>contione</span> <span class='ocrx_word' id='word_1_83' title='bbox 1037 1951 1100 2014; x_wconf 89' lang='lat' dir='ltr'>nisi</span> <span class='ocrx_word' id='word_1_84' title='bbox 1125 1949 1254 2013; x_wconf 87' lang='lat' dir='ltr'>rrrodice</span> <span class='ocrx_word' id='word_1_85' title='bbox 1276 1949 1485 2029; x_wconf 81' lang='lat' dir='ltr'>ostcnrlerat;</span> <span class='ocrx_word' id='word_1_86' title='bbox 1515 1973 1556 2014; x_wconf 87' lang='lat' dir='ltr'>ne</span> <span class='ocrx_word' id='word_1_87' title='bbox 1574 1949 1655 2014; x_wconf 89' lang='lat' dir='ltr'>Ves-</span> 
     </span>
     <span class='ocr_line' id='line_1_12' title="bbox 416 2055 1652 2144; baseline 0.005 -28"><span class='ocrx_word' id='word_1_88' title='bbox 416 2056 576 2142; x_wconf 84' lang='lat' dir='ltr'>pasianus</span> <span class='ocrx_word' id='word_1_89' title='bbox 596 2056 733 2144; x_wconf 89' lang='lat' dir='ltr'>quidem</span> <span class='ocrx_word' id='word_1_90' title='bbox 760 2058 837 2144; x_wconf 93' lang='lat' dir='ltr'>plus</span> <span class='ocrx_word' id='word_1_91' title='bbox 870 2057 962 2122; x_wconf 91' lang='lat' dir='ltr'>civili</span> <span class='ocrx_word' id='word_1_92' title='bbox 996 2057 1085 2121; x_wconf 93' lang='lat' dir='ltr'>bcllo</span> <span class='ocrx_word' id='word_1_93' title='bbox 1123 2056 1246 2122; x_wconf 91' lang='lat' dir='ltr'>obtulit</span> <span class='ocrx_word' id='word_1_94' title='bbox 1272 2079 1374 2144; x_wconf 88' lang='lat' dir='ltr'>quam</span> <span class='ocrx_word' id='word_1_95' title='bbox 1404 2055 1460 2120; x_wconf 88' lang='lat' dir='ltr'>alii</span> <span class='ocrx_word' id='word_1_96' title='bbox 1479 2058 1512 2120; x_wconf 90' lang='lat' dir='ltr'>in</span> <span class='ocrx_word' id='word_1_97' title='bbox 1528 2080 1652 2144; x_wconf 88' lang='lat' dir='ltr'>pace...</span> 
     </span>
     <span class='ocr_line' id='line_1_13' title="bbox 416 2162 1656 2253; baseline 0.004 -28"><span class='ocrx_word' id='word_1_98' title='bbox 416 2162 526 2228; x_wconf 92' lang='lat' dir='ltr'>&#39;litum</span> <span class='ocrx_word' id='word_1_99' title='bbox 548 2164 673 2228; x_wconf 88' lang='lat' dir='ltr'>instare</span> <span class='ocrx_word' id='word_1_100' title='bbox 694 2163 848 2245; x_wconf 78' lang='lat' dir='ltr'>ludacae,</span> <span class='ocrx_word' id='word_1_101' title='bbox 882 2165 1128 2252; x_wconf 83' lang='lat' dir='ltr'>Vespasianum</span> <span class='ocrx_word' id='word_1_102' title='bbox 1151 2163 1303 2229; x_wconf 88' lang='lat' dir='ltr'>obtinere</span> <span class='ocrx_word' id='word_1_103' title='bbox 1332 2163 1479 2228; x_wconf 91' lang='lat' dir='ltr'>claustra</span> <span class='ocrx_word' id='word_1_104' title='bbox 1504 2165 1656 2253; x_wconf 80' lang='lat' dir='ltr'>Aegypti</span> 
     </span>
     <span class='ocr_line' id='line_1_14' title="bbox 415 2270 1654 2359; baseline 0.002 -26"><span class='ocrx_word' id='word_1_105' title='bbox 415 2270 555 2357; x_wconf 74' lang='lat' dir='ltr'>placuit,</span> <span class='ocrx_word' id='word_1_106' title='bbox 571 2271 725 2336; x_wconf 82' lang='lat' dir='ltr'>sufficere</span> <span class='ocrx_word' id='word_1_107' title='bbox 740 2272 943 2337; x_wconf 88' lang='lat' dir='ltr'>videbantur</span> <span class='ocrx_word' id='word_1_108' title='bbox 958 2272 1121 2335; x_wconf 89' lang='lat' dir='ltr'>adversus</span> <span class='ocrx_word' id='word_1_109' title='bbox 1137 2271 1312 2336; x_wconf 88' lang='lat' dir='ltr'>Vitellium</span> <span class='ocrx_word' id='word_1_110' title='bbox 1328 2293 1406 2359; x_wconf 84' lang='lat' dir='ltr'>pars</span> <span class='ocrx_word' id='word_1_111' title='bbox 1429 2271 1602 2358; x_wconf 88' lang='lat' dir='ltr'>copiarum</span> <span class='ocrx_word' id='word_1_112' title='bbox 1620 2278 1654 2336; x_wconf 88' lang='lat' dir='ltr'>et</span> 
     </span>
     <span class='ocr_line' id='line_1_15' title="bbox 414 2377 1654 2465; baseline 0.002 -25"><span class='ocrx_word' id='word_1_113' title='bbox 414 2377 483 2441; x_wconf 86' lang='lat' dir='ltr'>dux</span> <span class='ocrx_word' id='word_1_114' title='bbox 502 2378 722 2446; x_wconf 76' lang='lat' dir='ltr'>Mucianus..</span> <span class='ocrx_word' id='word_1_115' title='bbox 746 2418 787 2429; x_wconf 92' lang='lat'><em>—</em></span> <span class='ocrx_word' id='word_1_116' title='bbox 810 2379 919 2460; x_wconf 81' lang='lat'>11,83.</span> <span class='ocrx_word' id='word_1_117' title='bbox 936 2378 1115 2443; x_wconf 84' lang='lat' dir='ltr'>Mucianus</span> <span class='ocrx_word' id='word_1_118' title='bbox 1131 2402 1206 2443; x_wconf 89' lang='lat' dir='ltr'>cum</span> <span class='ocrx_word' id='word_1_119' title='bbox 1227 2378 1381 2465; x_wconf 89' lang='lat' dir='ltr'>expedita</span> <span class='ocrx_word' id='word_1_120' title='bbox 1398 2400 1511 2456; x_wconf 86' lang='lat' dir='ltr'>manu,</span> <span class='ocrx_word' id='word_1_121' title='bbox 1523 2379 1654 2443; x_wconf 87' lang='lat' dir='ltr'>socium</span> 
     </span>
     <span class='ocr_line' id='line_1_16' title="bbox 416 2485 1654 2574; baseline 0.002 -27"><span class='ocrx_word' id='word_1_122' title='bbox 416 2485 524 2571; x_wconf 84' lang='lat' dir='ltr'>magis</span> <span class='ocrx_word' id='word_1_123' title='bbox 557 2486 687 2573; x_wconf 90' lang='lat' dir='ltr'>imperii</span> <span class='ocrx_word' id='word_1_124' title='bbox 718 2509 820 2574; x_wconf 90' lang='lat' dir='ltr'>quam</span> <span class='ocrx_word' id='word_1_125' title='bbox 848 2487 1044 2550; x_wconf 92' lang='lat' dir='ltr'>ministrum</span> <span class='ocrx_word' id='word_1_126' title='bbox 1075 2509 1192 2573; x_wconf 87' lang='lat' dir='ltr'>agens,</span> <span class='ocrx_word' id='word_1_127' title='bbox 1223 2508 1291 2549; x_wconf 93' lang='lat' dir='ltr'>non</span> <span class='ocrx_word' id='word_1_128' title='bbox 1311 2485 1402 2549; x_wconf 87' lang='lat' dir='ltr'>lento</span> <span class='ocrx_word' id='word_1_129' title='bbox 1422 2486 1585 2551; x_wconf 86' lang='lat' dir='ltr'>itincre...</span> <span class='ocrx_word' id='word_1_130' title='bbox 1608 2524 1654 2534; x_wconf 94' lang='lat'>—</span> 
     </span>
     <span class='ocr_line' id='line_1_17' title="bbox 419 2591 1653 2682; baseline 0.001 -27"><span class='ocrx_word' id='word_1_131' title='bbox 419 2591 461 2664; x_wconf 87' lang='grc' dir='ltr'>ΙΙ,</span> <span class='ocrx_word' id='word_1_132' title='bbox 486 2595 539 2668; x_wconf 66' lang='lat'>84.</span> <span class='ocrx_word' id='word_1_133' title='bbox 555 2593 620 2658; x_wconf 88' lang='lat' dir='ltr'>Sed</span> <span class='ocrx_word' id='word_1_134' title='bbox 638 2592 720 2657; x_wconf 91' lang='lat' dir='ltr'>nibil</span> <span class='ocrx_word' id='word_1_135' title='bbox 741 2616 847 2680; x_wconf 86' lang='lat' dir='ltr'>aeque</span> <span class='ocrx_word' id='word_1_136' title='bbox 878 2592 1042 2682; x_wconf 80' lang='lat' dir='ltr'>fatigabat</span> <span class='ocrx_word' id='word_1_137' title='bbox 1072 2593 1292 2680; x_wconf 85' lang='lat' dir='ltr'>(provincias)</span> <span class='ocrx_word' id='word_1_138' title='bbox 1313 2616 1413 2680; x_wconf 92' lang='lat' dir='ltr'>quam</span> <span class='ocrx_word' id='word_1_139' title='bbox 1434 2593 1653 2680; x_wconf 89' lang='lat' dir='ltr'>pecuniarum</span> 
     </span>
     <span class='ocr_line' id='line_1_18' title="bbox 415 2699 1652 2787; baseline 0.002 -26"><span class='ocrx_word' id='word_1_140' title='bbox 415 2700 642 2787; x_wconf 87' lang='lat' dir='ltr'>conquisitio:</span> <span class='ocrx_word' id='word_1_141' title='bbox 667 2723 724 2764; x_wconf 87' lang='lat' dir='ltr'>eos</span> <span class='ocrx_word' id='word_1_142' title='bbox 739 2723 813 2765; x_wconf 92' lang='lat' dir='ltr'>esse</span> <span class='ocrx_word' id='word_1_143' title='bbox 836 2700 916 2765; x_wconf 91' lang='lat' dir='ltr'>belli</span> <span class='ocrx_word' id='word_1_144' title='bbox 942 2699 1051 2764; x_wconf 89' lang='lat' dir='ltr'>civilis</span> <span class='ocrx_word' id='word_1_145' title='bbox 1070 2723 1192 2764; x_wconf 78' lang='lat' dir='ltr'>nervos</span> <span class='ocrx_word' id='word_1_146' title='bbox 1213 2699 1372 2764; x_wconf 91' lang='lat' dir='ltr'>dictitans</span> <span class='ocrx_word' id='word_1_147' title='bbox 1391 2699 1569 2764; x_wconf 91' lang='lat' dir='ltr'>Mucianus</span> <span class='ocrx_word' id='word_1_148' title='bbox 1583 2723 1652 2764; x_wconf 92' lang='lat' dir='ltr'>non</span> 
     </span>
     <span class='ocr_line' id='line_1_19' title="bbox 416 2805 1651 2894; baseline 0.002 -26"><span class='ocrx_word' id='word_1_149' title='bbox 416 2806 467 2868; x_wconf 93' lang='lat' dir='ltr'>ius</span> <span class='ocrx_word' id='word_1_150' title='bbox 483 2815 541 2871; x_wconf 91' lang='lat' dir='ltr'>aut</span> <span class='ocrx_word' id='word_1_151' title='bbox 557 2830 672 2871; x_wconf 81' lang='lat' dir='ltr'>verum</span> <span class='ocrx_word' id='word_1_152' title='bbox 701 2807 734 2871; x_wconf 93' lang='lat' dir='ltr'>in</span> <span class='ocrx_word' id='word_1_153' title='bbox 754 2806 1017 2894; x_wconf 59' lang='lat' dir='ltr'>cognitionibus</span> <span class='ocrx_word' id='word_1_154' title='bbox 1040 2808 1099 2872; x_wconf 89' lang='lat' dir='ltr'>sed</span> <span class='ocrx_word' id='word_1_155' title='bbox 1133 2806 1239 2871; x_wconf 87' lang='lat' dir='ltr'>solam</span> <span class='ocrx_word' id='word_1_156' title='bbox 1265 2805 1533 2893; x_wconf 84' lang='lat' dir='ltr'>magnitudinem</span> <span class='ocrx_word' id='word_1_157' title='bbox 1547 2830 1651 2894; x_wconf 94' lang='lat' dir='ltr'>opum</span> 
     </span>
     <span class='ocr_line' id='line_1_20' title="bbox 413 2911 1648 3003; baseline 0.002 -27"><span class='ocrx_word' id='word_1_158' title='bbox 413 2912 629 2999; x_wconf 87' lang='lat' dir='ltr'>spectabat...</span> <span class='ocrx_word' id='word_1_159' title='bbox 666 2913 816 3002; x_wconf 81' lang='lat' dir='ltr'>Propriis</span> <span class='ocrx_word' id='word_1_160' title='bbox 852 2937 986 3003; x_wconf 92' lang='lat' dir='ltr'>quoquc</span> <span class='ocrx_word' id='word_1_161' title='bbox 1022 2913 1143 3002; x_wconf 90' lang='lat' dir='ltr'>opibus</span> <span class='ocrx_word' id='word_1_162' title='bbox 1170 2914 1348 2978; x_wconf 86' lang='lat' dir='ltr'>Mucianus</span> <span class='ocrx_word' id='word_1_163' title='bbox 1385 2911 1511 2977; x_wconf 90' lang='lat' dir='ltr'>bellum</span> <span class='ocrx_word' id='word_1_164' title='bbox 1548 2914 1648 2986; x_wconf 85' lang='lat' dir='ltr'>iuvit.</span> 
     </span>
     <span class='ocr_line' id='line_1_21' title="bbox 412 3020 1647 3111; baseline 0.002 -29"><span class='ocrx_word' id='word_1_165' title='bbox 412 3020 527 3105; x_wconf 86' lang='lat' dir='ltr'>largus</span> <span class='ocrx_word' id='word_1_166' title='bbox 551 3021 721 3107; x_wconf 89' lang='lat' dir='ltr'>privatim,</span> <span class='ocrx_word' id='word_1_167' title='bbox 749 3021 840 3111; x_wconf 92' lang='lat' dir='ltr'>quod</span> <span class='ocrx_word' id='word_1_168' title='bbox 873 3022 1005 3087; x_wconf 86' lang='lat' dir='ltr'>avidius</span> <span class='ocrx_word' id='word_1_169' title='bbox 1025 3022 1066 3087; x_wconf 91' lang='lat' dir='ltr'>de</span> <span class='ocrx_word' id='word_1_170' title='bbox 1088 3020 1271 3108; x_wconf 86' lang='lat' dir='ltr'>republica</span> <span class='ocrx_word' id='word_1_171' title='bbox 1291 3029 1450 3084; x_wconf 82' lang='lat' dir='ltr'>sumeret.</span> <span class='ocrx_word' id='word_1_172' title='bbox 1469 3058 1510 3069; x_wconf 85' lang='lat'>—-</span> <span class='ocrx_word' id='word_1_173' title='bbox 1529 3021 1571 3096; x_wconf 96' lang='lat' dir='ltr'>ll,</span> <span class='ocrx_word' id='word_1_174' title='bbox 1592 3021 1647 3109; x_wconf 79' lang='lat'>95.</span> 
     </span>
     <span class='ocr_line' id='line_1_22' title="bbox 413 3127 1650 3210; baseline 0.003 -19"><span class='ocrx_word' id='word_1_175' title='bbox 413 3127 535 3192; x_wconf 89' lang='lat' dir='ltr'>Misera</span> <span class='ocrx_word' id='word_1_176' title='bbox 551 3128 713 3195; x_wconf 72' lang='lat' dir='ltr'>civitas...</span> <span class='ocrx_word' id='word_1_177' title='bbox 736 3130 823 3194; x_wconf 86' lang='lat' dir='ltr'>inter</span> <span class='ocrx_word' id='word_1_178' title='bbox 842 3130 973 3209; x_wconf 82' lang='lat' dir='ltr'>Vinios,</span> <span class='ocrx_word' id='word_1_179' title='bbox 993 3128 1127 3210; x_wconf 86' lang='lat' dir='ltr'>Fabios,</span> <span class='ocrx_word' id='word_1_180' title='bbox 1160 3127 1278 3197; x_wconf 81' lang='lat' dir='ltr'>lcclos.</span> <span class='ocrx_word' id='word_1_181' title='bbox 1315 3128 1485 3192; x_wconf 90' lang='lat' dir='ltr'>Asiaticos</span> <span class='ocrx_word' id='word_1_182' title='bbox 1507 3128 1599 3192; x_wconf 89' lang='lat' dir='ltr'>varia</span> <span class='ocrx_word' id='word_1_183' title='bbox 1614 3138 1650 3195; x_wconf 90' lang='lat' dir='ltr'>et</span> 
     </span>
     <span class='ocr_line' id='line_1_23' title="bbox 411 3234 1648 3322; baseline 0.002 -24"><span class='ocrx_word' id='word_1_184' title='bbox 411 3234 566 3321; x_wconf 87' lang='lat' dir='ltr'>pudenda</span> <span class='ocrx_word' id='word_1_185' title='bbox 582 3244 672 3300; x_wconf 87' lang='lat' dir='ltr'>sorte</span> <span class='ocrx_word' id='word_1_186' title='bbox 688 3235 821 3322; x_wconf 82' lang='lat' dir='ltr'>agebat,</span> <span class='ocrx_word' id='word_1_187' title='bbox 838 3236 945 3301; x_wconf 92' lang='lat' dir='ltr'>donec</span> <span class='ocrx_word' id='word_1_188' title='bbox 962 3258 1152 3300; x_wconf 89' lang='lat' dir='ltr'>successere</span> <span class='ocrx_word' id='word_1_189' title='bbox 1167 3235 1346 3300; x_wconf 89' lang='lat' dir='ltr'>Mucianus</span> <span class='ocrx_word' id='word_1_190' title='bbox 1367 3243 1401 3299; x_wconf 91' lang='lat' dir='ltr'>et</span> <span class='ocrx_word' id='word_1_191' title='bbox 1415 3234 1599 3299; x_wconf 87' lang='lat' dir='ltr'>Marcellus</span> <span class='ocrx_word' id='word_1_192' title='bbox 1614 3243 1648 3300; x_wconf 89' lang='lat' dir='ltr'>et</span> 
     </span>
     <span class='ocr_line' id='line_1_24' title="bbox 413 3340 1643 3430; baseline 0 -25"><span class='ocrx_word' id='word_1_193' title='bbox 413 3343 521 3426; x_wconf 75' lang='lat' dir='ltr'>inagis</span> <span class='ocrx_word' id='word_1_194' title='bbox 540 3343 595 3405; x_wconf 84' lang='lat' dir='ltr'>alii</span> <span class='ocrx_word' id='word_1_195' title='bbox 611 3343 765 3406; x_wconf 90' lang='lat' dir='ltr'>homines</span> <span class='ocrx_word' id='word_1_196' title='bbox 779 3366 878 3430; x_wconf 86' lang='lat' dir='ltr'>quam</span> <span class='ocrx_word' id='word_1_197' title='bbox 896 3343 953 3407; x_wconf 90' lang='lat' dir='ltr'>alii</span> <span class='ocrx_word' id='word_1_198' title='bbox 969 3367 1090 3407; x_wconf 84' lang='lat' dir='ltr'>mores.</span> <span class='ocrx_word' id='word_1_199' title='bbox 1115 3380 1160 3392; x_wconf 96' lang='lat'>-</span> <span class='ocrx_word' id='word_1_200' title='bbox 1181 3340 1237 3416; x_wconf 92' lang='lat' dir='ltr'>lll,</span> <span class='ocrx_word' id='word_1_201' title='bbox 1262 3366 1288 3405; x_wconf 88' lang='grc' dir='ltr'>ι.</span> <span class='ocrx_word' id='word_1_202' title='bbox 1313 3373 1327 3400; x_wconf 89' lang='lat'>«</span> <span class='ocrx_word' id='word_1_203' title='bbox 1348 3341 1491 3405; x_wconf 89' lang='lat' dir='ltr'>lnsessis</span> <span class='ocrx_word' id='word_1_204' title='bbox 1508 3342 1643 3406; x_wconf 86' lang='lat' dir='ltr'>interim</span> 
     </span>
     <span class='ocr_line' id='line_1_25' title="bbox 412 3448 1644 3538; baseline 0 -25"><span class='ocrx_word' id='word_1_205' title='bbox 412 3448 556 3535; x_wconf 87' lang='lat' dir='ltr'>Alpibus</span> <span class='ocrx_word' id='word_1_206' title='bbox 571 3457 751 3513; x_wconf 78' lang='lat' dir='ltr'>venturum</span> <span class='ocrx_word' id='word_1_207' title='bbox 779 3473 854 3514; x_wconf 90' lang='lat' dir='ltr'>cum</span> <span class='ocrx_word' id='word_1_208' title='bbox 883 3451 989 3538; x_wconf 90' lang='lat' dir='ltr'>copiis</span> <span class='ocrx_word' id='word_1_209' title='bbox 1023 3450 1171 3514; x_wconf 84' lang='lat' dir='ltr'>Orientis</span> <span class='ocrx_word' id='word_1_210' title='bbox 1205 3449 1413 3513; x_wconf 83' lang='lat' dir='ltr'>Mucianum.</span> <span class='ocrx_word' id='word_1_211' title='bbox 1434 3477 1448 3507; x_wconf 74' lang='lat' dir='ltr'>o</span> <span class='ocrx_word' id='word_1_212' title='bbox 1469 3448 1590 3518; x_wconf 83' lang='grc' dir='ltr'>-ΙΙΙ,</span> <span class='ocrx_word' id='word_1_213' title='bbox 1612 3451 1644 3514; x_wconf 86' lang='grc'>8.</span> 
     </span>
     <span class='ocr_line' id='line_1_26' title="bbox 411 3555 1648 3645; baseline 0.001 -26"><span class='ocrx_word' id='word_1_214' title='bbox 411 3561 503 3633; x_wconf 78' lang='lat' dir='ltr'>Quae</span> <span class='ocrx_word' id='word_1_215' title='bbox 520 3557 635 3642; x_wconf 87' lang='lat' dir='ltr'>ignara</span> <span class='ocrx_word' id='word_1_216' title='bbox 646 3557 854 3644; x_wconf 89' lang='lat' dir='ltr'>Vespasiano</span> <span class='ocrx_word' id='word_1_217' title='bbox 871 3566 927 3621; x_wconf 90' lang='lat' dir='ltr'>aut</span> <span class='ocrx_word' id='word_1_218' title='bbox 945 3558 1068 3628; x_wconf 77' lang='lat' dir='ltr'>vetita:</span> <span class='ocrx_word' id='word_1_219' title='bbox 1085 3557 1209 3645; x_wconf 87' lang='lat' dir='ltr'>quippe</span> <span class='ocrx_word' id='word_1_220' title='bbox 1229 3555 1407 3642; x_wconf 84' lang='lat' dir='ltr'>Aquileiae</span> <span class='ocrx_word' id='word_1_221' title='bbox 1428 3556 1501 3619; x_wconf 89' lang='lat' dir='ltr'>sisti</span> <span class='ocrx_word' id='word_1_222' title='bbox 1519 3555 1648 3620; x_wconf 90' lang='lat' dir='ltr'>bellum</span> 
     </span>
     <span class='ocr_line' id='line_1_27' title="bbox 411 3661 1647 3751; baseline 0.001 -25"><span class='ocrx_word' id='word_1_223' title='bbox 411 3664 666 3751; x_wconf 85' lang='lat' dir='ltr'>exspectarique</span> <span class='ocrx_word' id='word_1_224' title='bbox 701 3664 896 3728; x_wconf 85' lang='lat' dir='ltr'>Mucianum</span> <span class='ocrx_word' id='word_1_225' title='bbox 925 3663 1100 3728; x_wconf 87' lang='lat' dir='ltr'>iubebat...</span> <span class='ocrx_word' id='word_1_226' title='bbox 1141 3661 1267 3726; x_wconf 87' lang='lat' dir='ltr'>Eadem</span> <span class='ocrx_word' id='word_1_227' title='bbox 1305 3663 1483 3727; x_wconf 90' lang='lat' dir='ltr'>Mucianus</span> <span class='ocrx_word' id='word_1_228' title='bbox 1520 3662 1647 3727; x_wconf 88' lang='lat' dir='ltr'>crebris</span> 
     </span>
     <span class='ocr_line' id='line_1_28' title="bbox 411 3769 1646 3857; baseline 0 -24"><span class='ocrx_word' id='word_1_229' title='bbox 411 3771 565 3857; x_wconf 88' lang='lat' dir='ltr'>epistulis</span> <span class='ocrx_word' id='word_1_230' title='bbox 598 3770 798 3836; x_wconf 87' lang='lat' dir='ltr'>monebat...</span> <span class='ocrx_word' id='word_1_231' title='bbox 826 3772 953 3857; x_wconf 80' lang='lat' dir='ltr'>gloriae</span> <span class='ocrx_word' id='word_1_232' title='bbox 986 3770 1105 3834; x_wconf 77' lang='lat' dir='ltr'>auidus</span> <span class='ocrx_word' id='word_1_233' title='bbox 1135 3777 1236 3857; x_wconf 90' lang='lat' dir='ltr'>atque</span> <span class='ocrx_word' id='word_1_234' title='bbox 1255 3792 1352 3832; x_wconf 92' lang='lat' dir='ltr'>omne</span> <span class='ocrx_word' id='word_1_235' title='bbox 1369 3769 1448 3833; x_wconf 88' lang='lat' dir='ltr'>belli</span> <span class='ocrx_word' id='word_1_236' title='bbox 1463 3769 1566 3833; x_wconf 89' lang='lat' dir='ltr'>decus</span> <span class='ocrx_word' id='word_1_237' title='bbox 1582 3770 1646 3833; x_wconf 91' lang='lat' dir='ltr'>sibi</span> 
     </span>
     <span class='ocr_line' id='line_1_29' title="bbox 411 3876 1644 3963; baseline 0 -23"><span class='ocrx_word' id='word_1_238' title='bbox 411 3879 572 3942; x_wconf 82' lang='lat' dir='ltr'>retinens,</span> <span class='ocrx_word' id='word_1_239' title='bbox 590 3915 634 3927; x_wconf 94' lang='lat'><em>-</em></span> <span class='ocrx_word' id='word_1_240' title='bbox 655 3878 715 3947; x_wconf 86' lang='grc' dir='ltr'>ΙΙΙ,</span> <span class='ocrx_word' id='word_1_241' title='bbox 736 3878 788 3941; x_wconf 76' lang='lat'>25.</span> <span class='ocrx_word' id='word_1_242' title='bbox 809 3878 922 3963; x_wconf 80' lang='lat' dir='ltr'>Vagus</span> <span class='ocrx_word' id='word_1_243' title='bbox 940 3878 1016 3941; x_wconf 87' lang='lat' dir='ltr'>inde</span> <span class='ocrx_word' id='word_1_244' title='bbox 1033 3901 1073 3940; x_wconf 91' lang='lat' dir='ltr'>an</span> <span class='ocrx_word' id='word_1_245' title='bbox 1086 3876 1226 3940; x_wconf 87' lang='lat' dir='ltr'>consilio</span> <span class='ocrx_word' id='word_1_246' title='bbox 1242 3876 1336 3939; x_wconf 90' lang='lat' dir='ltr'>ducis</span> <span class='ocrx_word' id='word_1_247' title='bbox 1351 3877 1509 3960; x_wconf 81' lang='lat' dir='ltr'>(Antonii</span> <span class='ocrx_word' id='word_1_248' title='bbox 1526 3877 1644 3963; x_wconf 87' lang='lat' dir='ltr'>Primi)</span> 
     </span>
     <span class='ocr_line' id='line_1_30' title="bbox 410 3983 1646 4063; baseline 0.002 -18"><span class='ocrx_word' id='word_1_249' title='bbox 410 3983 566 4047; x_wconf 88' lang='lat' dir='ltr'>subditus</span> <span class='ocrx_word' id='word_1_250' title='bbox 597 4006 711 4047; x_wconf 92' lang='lat' dir='ltr'>rumor</span> <span class='ocrx_word' id='word_1_251' title='bbox 745 3985 923 4048; x_wconf 82' lang='lat' dir='ltr'>advenisse</span> <span class='ocrx_word' id='word_1_252' title='bbox 954 3985 1160 4063; x_wconf 89' lang='lat' dir='ltr'>Mucianum,</span> <span class='ocrx_word' id='word_1_253' title='bbox 1197 3984 1364 4047; x_wconf 77' lang='lat' dir='ltr'>exercitus</span> <span class='ocrx_word' id='word_1_254' title='bbox 1380 3984 1413 4046; x_wconf 95' lang='lat' dir='ltr'>in</span> <span class='ocrx_word' id='word_1_255' title='bbox 1434 3983 1646 4048; x_wconf 86' lang='lat' dir='ltr'>vicemsalu-</span> 
     </span>
     <span class='ocr_line' id='line_1_31' title="bbox 411 4090 1645 4177; baseline 0.001 -24"><span class='ocrx_word' id='word_1_256' title='bbox 411 4100 541 4157; x_wconf 85' lang='lat' dir='ltr'>tasse...</span> <span class='ocrx_word' id='word_1_257' title='bbox 572 4129 616 4139; x_wconf 96' lang='lat'><em>-</em></span> <span class='ocrx_word' id='word_1_258' title='bbox 645 4090 703 4159; x_wconf 80' lang='grc' dir='ltr'>ΙΙΙ,</span> <span class='ocrx_word' id='word_1_259' title='bbox 727 4091 775 4166; x_wconf 68' lang='grc'>46.</span> <span class='ocrx_word' id='word_1_260' title='bbox 798 4091 913 4176; x_wconf 73' lang='lat' dir='ltr'>(Duell</span> <span class='ocrx_word' id='word_1_261' title='bbox 934 4100 1043 4155; x_wconf 90' lang='lat' dir='ltr'>castra</span> <span class='ocrx_word' id='word_1_262' title='bbox 1059 4091 1229 4177; x_wconf 89' lang='lat' dir='ltr'>legionum</span> <span class='ocrx_word' id='word_1_263' title='bbox 1244 4090 1495 4174; x_wconf 63' lang='lat' dir='ltr'>(Moesicurum)</span> <span class='ocrx_word' id='word_1_264' title='bbox 1511 4091 1645 4155; x_wconf 81' lang='lat' dir='ltr'>exscin-</span> 
     </span>
     <span class='ocr_line' id='line_1_32' title="bbox 409 4197 1645 4284; baseline 0.003 -26"><span class='ocrx_word' id='word_1_265' title='bbox 409 4197 486 4260; x_wconf 86' lang='lat' dir='ltr'>‹lcre</span> <span class='ocrx_word' id='word_1_266' title='bbox 514 4197 690 4282; x_wconf 90' lang='lat' dir='ltr'>parabant.</span> <span class='ocrx_word' id='word_1_267' title='bbox 722 4199 755 4260; x_wconf 90' lang='lat' dir='ltr'>ni</span> <span class='ocrx_word' id='word_1_268' title='bbox 790 4198 969 4262; x_wconf 89' lang='lat' dir='ltr'>Mucianus</span> <span class='ocrx_word' id='word_1_269' title='bbox 985 4206 1115 4262; x_wconf 82' lang='lat' dir='ltr'>sextam</span> <span class='ocrx_word' id='word_1_270' title='bbox 1131 4198 1299 4280; x_wconf 86' lang='lat' dir='ltr'>legionem</span> <span class='ocrx_word' id='word_1_271' title='bbox 1324 4197 1645 4284; x_wconf 82' lang='lat' dir='ltr'>opposuisset.Cr·e-</span> 
     </span>
     <span class='ocr_line' id='line_1_33' title="bbox 410 4303 1644 4390; baseline 0.002 -24"><span class='ocrx_word' id='word_1_272' title='bbox 410 4304 582 4368; x_wconf 85' lang='lat' dir='ltr'>monensis</span> <span class='ocrx_word' id='word_1_273' title='bbox 613 4305 772 4368; x_wconf 78' lang='lat' dir='ltr'>victorine</span> <span class='ocrx_word' id='word_1_274' title='bbox 801 4328 968 4390; x_wconf 71' lang='lat' dir='ltr'>gnarus...</span> <span class='ocrx_word' id='word_1_275' title='bbox 1004 4305 1136 4384; x_wconf 81' lang='lat' dir='ltr'>Adfuit,</span> <span class='ocrx_word' id='word_1_276' title='bbox 1179 4313 1217 4367; x_wconf 92' lang='lat' dir='ltr'>ut</span> <span class='ocrx_word' id='word_1_277' title='bbox 1256 4327 1354 4390; x_wconf 85' lang='lat' dir='ltr'>saepe</span> <span class='ocrx_word' id='word_1_278' title='bbox 1379 4305 1474 4374; x_wconf 81' lang='lat' dir='ltr'>alias.</span> <span class='ocrx_word' id='word_1_279' title='bbox 1510 4303 1644 4368; x_wconf 81' lang='lat' dir='ltr'>fortuna</span> 
     </span>
     <span class='ocr_line' id='line_1_34' title="bbox 409 4410 1645 4499; baseline 0.002 -27"><span class='ocrx_word' id='word_1_280' title='bbox 409 4411 524 4497; x_wconf 91' lang='lat' dir='ltr'>populi</span> <span class='ocrx_word' id='word_1_281' title='bbox 538 4411 693 4486; x_wconf 76' lang='lat' dir='ltr'>Romani,</span> <span class='ocrx_word' id='word_1_282' title='bbox 709 4435 794 4498; x_wconf 88' lang='lat' dir='ltr'>quae</span> <span class='ocrx_word' id='word_1_283' title='bbox 811 4412 1005 4476; x_wconf 85' lang='lat' dir='ltr'>Mucianum</span> <span class='ocrx_word' id='word_1_284' title='bbox 1027 4413 1182 4499; x_wconf 75' lang='lat' dir='ltr'>viresque</span> <span class='ocrx_word' id='word_1_285' title='bbox 1205 4411 1353 4475; x_wconf 81' lang='lat' dir='ltr'>tlriontis</span> <span class='ocrx_word' id='word_1_286' title='bbox 1368 4410 1447 4475; x_wconf 90' lang='lat' dir='ltr'>illuc</span> <span class='ocrx_word' id='word_1_287' title='bbox 1466 4410 1582 4476; x_wconf 90' lang='lat' dir='ltr'>tulit...</span> <span class='ocrx_word' id='word_1_288' title='bbox 1601 4452 1645 4461; x_wconf 96' lang='lat'>-</span> 
     </span>
     <span class='ocr_line' id='line_1_35' title="bbox 410 4517 1644 4606; baseline 0.002 -25"><span class='ocrx_word' id='word_1_289' title='bbox 410 4518 469 4588; x_wconf 89' lang='grc' dir='ltr'>ΙΙΙ,</span> <span class='ocrx_word' id='word_1_290' title='bbox 487 4521 540 4606; x_wconf 70' lang='grc'>47.</span> <span class='ocrx_word' id='word_1_291' title='bbox 567 4518 784 4582; x_wconf 88' lang='lat' dir='ltr'>Lectissimas</span> <span class='ocrx_word' id='word_1_292' title='bbox 811 4519 1064 4583; x_wconf 83' lang='lat' dir='ltr'>Liburnicarum</span> <span class='ocrx_word' id='word_1_293' title='bbox 1086 4542 1288 4605; x_wconf 88' lang='lat' dir='ltr'>omnemque</span> <span class='ocrx_word' id='word_1_294' title='bbox 1305 4518 1447 4581; x_wconf 87' lang='lat' dir='ltr'>militem</span> <span class='ocrx_word' id='word_1_295' title='bbox 1463 4517 1644 4583; x_wconf 87' lang='lat' dir='ltr'>Mucianus</span> 
     </span>
     <span class='ocr_line' id='line_1_36' title="bbox 410 4623 1644 4712; baseline 0 -24"><span class='ocrx_word' id='word_1_296' title='bbox 410 4624 607 4709; x_wconf 78' lang='lat' dir='ltr'>Byzantium</span> <span class='ocrx_word' id='word_1_297' title='bbox 623 4624 792 4711; x_wconf 87' lang='lat' dir='ltr'>adegerat.</span> <span class='ocrx_word' id='word_1_298' title='bbox 815 4664 858 4672; x_wconf 96' lang='lat'>—</span> <span class='ocrx_word' id='word_1_299' title='bbox 875 4625 935 4695; x_wconf 81' lang='grc' dir='ltr'>ΙΙΙ,</span> <span class='ocrx_word' id='word_1_300' title='bbox 952 4628 1004 4712; x_wconf 70' lang='grc'>49.</span> <span class='ocrx_word' id='word_1_301' title='bbox 1029 4625 1162 4687; x_wconf 90' lang='lat' dir='ltr'>Primus</span> <span class='ocrx_word' id='word_1_302' title='bbox 1179 4625 1391 4690; x_wconf 78' lang='lat' dir='ltr'>Antonius..</span> <span class='ocrx_word' id='word_1_303' title='bbox 1417 4624 1499 4687; x_wconf 91' lang='lat' dir='ltr'>nibil</span> <span class='ocrx_word' id='word_1_304' title='bbox 1519 4623 1644 4690; x_wconf 83' lang='lat' dir='ltr'>adven-</span> 
     </span>
     <span class='ocr_line' id='line_1_37' title="bbox 409 4730 1643 4819; baseline 0.002 -25"><span class='ocrx_word' id='word_1_305' title='bbox 409 4738 536 4795; x_wconf 88' lang='lat' dir='ltr'>tantem</span> <span class='ocrx_word' id='word_1_306' title='bbox 553 4730 749 4795; x_wconf 91' lang='lat' dir='ltr'>Mucianum</span> <span class='ocrx_word' id='word_1_307' title='bbox 769 4733 910 4811; x_wconf 89' lang='lat' dir='ltr'>veritus,</span> <span class='ocrx_word' id='word_1_308' title='bbox 935 4732 1025 4819; x_wconf 88' lang='lat' dir='ltr'>quod</span> <span class='ocrx_word' id='word_1_309' title='bbox 1050 4731 1227 4795; x_wconf 86' lang='lat' dir='ltr'>exitiosius</span> <span class='ocrx_word' id='word_1_310' title='bbox 1251 4740 1322 4794; x_wconf 85' lang='lat' dir='ltr'>erat</span> <span class='ocrx_word' id='word_1_311' title='bbox 1342 4755 1443 4817; x_wconf 87' lang='lat' dir='ltr'>quam</span> <span class='ocrx_word' id='word_1_312' title='bbox 1465 4731 1643 4818; x_wconf 87' lang='lat' dir='ltr'>Vespasia-</span> 
     </span>
     <span class='ocr_line' id='line_1_38' title="bbox 408 4839 1639 4925; baseline 0.004 -24"><span class='ocrx_word' id='word_1_313' title='bbox 408 4860 488 4901; x_wconf 91' lang='lat' dir='ltr'>num</span> <span class='ocrx_word' id='word_1_314' title='bbox 502 4840 680 4925; x_wconf 88' lang='lat' dir='ltr'>sprevisse.</span> <span class='ocrx_word' id='word_1_315' title='bbox 693 4876 737 4887; x_wconf 98' lang='lat'>-</span> <span class='ocrx_word' id='word_1_316' title='bbox 753 4839 813 4918; x_wconf 86' lang='lat' dir='ltr'>lll,</span> <span class='ocrx_word' id='word_1_317' title='bbox 829 4842 882 4903; x_wconf 82' lang='lat'>52.</span> <span class='ocrx_word' id='word_1_318' title='bbox 904 4840 1008 4902; x_wconf 73' lang='lat' dir='ltr'>lirant</span> <span class='ocrx_word' id='word_1_319' title='bbox 1027 4840 1115 4903; x_wconf 90' lang='lat' dir='ltr'>inter</span> <span class='ocrx_word' id='word_1_320' title='bbox 1129 4839 1231 4902; x_wconf 89' lang='lat' dir='ltr'>duces</span> <span class='ocrx_word' id='word_1_321' title='bbox 1249 4839 1306 4925; x_wconf 91' lang='lat' dir='ltr'>qui</span> <span class='ocrx_word' id='word_1_322' title='bbox 1318 4846 1491 4902; x_wconf 88' lang='lat' dir='ltr'>necterent</span> <span class='ocrx_word' id='word_1_323' title='bbox 1505 4861 1639 4907; x_wconf 85' lang='lat' dir='ltr'>moras:</span> 
     </span>
     <span class='ocr_line' id='line_1_39' title="bbox 407 4944 1637 5034; baseline 0.006 -27"><span class='ocrx_word' id='word_1_324' title='bbox 407 4945 530 5034; x_wconf 89' lang='lat' dir='ltr'>quippe</span> <span class='ocrx_word' id='word_1_325' title='bbox 551 4945 675 5009; x_wconf 91' lang='lat' dir='ltr'>nimius</span> <span class='ocrx_word' id='word_1_326' title='bbox 689 4946 754 5009; x_wconf 82' lang='lat' dir='ltr'>iam</span> <span class='ocrx_word' id='word_1_327' title='bbox 775 4947 959 5025; x_wconf 81' lang='lat' dir='ltr'>Antonius,</span> <span class='ocrx_word' id='word_1_328' title='bbox 977 4954 1010 5010; x_wconf 90' lang='lat' dir='ltr'>et</span> <span class='ocrx_word' id='word_1_329' title='bbox 1020 4946 1160 5009; x_wconf 90' lang='lat' dir='ltr'>certiora</span> <span class='ocrx_word' id='word_1_330' title='bbox 1175 4969 1215 5009; x_wconf 86' lang='lat' dir='ltr'>ex</span> <span class='ocrx_word' id='word_1_331' title='bbox 1231 4945 1389 5011; x_wconf 87' lang='lat' dir='ltr'>Muciano</span> <span class='ocrx_word' id='word_1_332' title='bbox 1405 4944 1637 5034; x_wconf 85' lang='lat' dir='ltr'>sperabantur.</span> 
     </span>
    </p>
   </div>
   <div class='ocr_carea' id='block_1_5' title="bbox 0 0 1860 6234">
    <p class='ocr_par' dir='ltr' id='par_1_5' title="bbox 0 0 1860 6234">
     <span class='ocr_line' id='line_1_40' title="bbox 0 0 1860 6234; baseline 0 0"><span class='ocrx_word' id='word_1_333' title='bbox 0 0 1860 6234; x_wconf 95' lang='lat' dir='ltr'> </span> 
     </span>
    </p>
   </div>
  </div>
 </body>
</html>
