<?xml version="1.0" encoding="UTF-8"?>
<!DOCTYPE html PUBLIC "-//W3C//DTD XHTML 1.0 Transitional//EN"
    "http://www.w3.org/TR/xhtml1/DTD/xhtml1-transitional.dtd">
<html xmlns="http://www.w3.org/1999/xhtml" xml:lang="en" lang="en">
 <head>
  <title>
</title>
<meta http-equiv="Content-Type" content="text/html;charset=utf-8" />
  <meta name='ocr-system' content='tesseract 3.04.00' />
  <meta name='ocr-capabilities' content='ocr_page ocr_carea ocr_par ocr_line ocrx_word'/>
</head>
<body>
  <div class='ocr_page' id='page_1' title='image "./onomasticontaci00fabigoog_0359.png"; bbox 0 0 3709 6234; ppageno 0'>
   <div class='ocr_carea' id='block_1_1' title="bbox 742 880 1563 942">
    <p class='ocr_par' dir='ltr' id='par_1_1' title="bbox 742 880 1563 942">
     <span class='ocr_line' id='line_1_1' title="bbox 742 880 1563 942; baseline -0.004 -1"><span class='ocrx_word' id='word_1_1' title='bbox 742 880 950 942; x_wconf 80' lang='lat' dir='ltr'>llOltDEOlthS</span> <span class='ocrx_word' id='word_1_2' title='bbox 971 887 1109 942; x_wconf 76' lang='lat' dir='ltr'>rtaccvs</span> <span class='ocrx_word' id='word_1_3' title='bbox 1512 882 1563 938; x_wconf 78' lang='lat'>³51</span> 
     </span>
    </p>
   </div>
   <div class='ocr_carea' id='block_1_2' title="bbox 287 1027 1570 2730">
    <p class='ocr_par' dir='ltr' id='par_1_2' title="bbox 329 1027 1566 1205">
     <span class='ocr_line' id='line_1_2' title="bbox 329 1027 1566 1120; baseline -0.003 -24"><span class='ocrx_word' id='word_1_4' title='bbox 329 1032 421 1120; x_wconf 90' lang='lat' dir='ltr'>quod</span> <span class='ocrx_word' id='word_1_5' title='bbox 436 1032 505 1096; x_wconf 92' lang='lat' dir='ltr'>illie</span> <span class='ocrx_word' id='word_1_6' title='bbox 524 1031 701 1097; x_wconf 71' lang='lat' dir='ltr'>clientelae</span> <span class='ocrx_word' id='word_1_7' title='bbox 716 1039 750 1097; x_wconf 89' lang='lat' dir='ltr'>et</span> <span class='ocrx_word' id='word_1_8' title='bbox 769 1032 841 1119; x_wconf 86' lang='lat' dir='ltr'>agri</span> <span class='ocrx_word' id='word_1_9' title='bbox 857 1039 1009 1097; x_wconf 83' lang='lat' dir='ltr'>veterum</span> <span class='ocrx_word' id='word_1_10' title='bbox 1036 1029 1236 1095; x_wconf 82' lang='lat' dir='ltr'>Crassorum</span> <span class='ocrx_word' id='word_1_11' title='bbox 1252 1052 1289 1094; x_wconf 91' lang='lat' dir='ltr'>ac</span> <span class='ocrx_word' id='word_1_12' title='bbox 1309 1029 1456 1094; x_wconf 91' lang='lat' dir='ltr'>nominis</span> <span class='ocrx_word' id='word_1_13' title='bbox 1472 1027 1566 1093; x_wconf 84' lang='lat' dir='ltr'>lavor</span> 
     </span>
     <span class='ocr_line' id='line_1_3' title="bbox 330 1139 498 1205; baseline 0 -1"><span class='ocrx_word' id='word_1_14' title='bbox 330 1139 498 1205; x_wconf 92' lang='lat' dir='ltr'>manebat.</span> 
     </span>
    </p>

    <p class='ocr_par' dir='ltr' id='par_1_3' title="bbox 287 1243 1568 1551">
     <span class='ocr_line' id='line_1_4' title="bbox 287 1243 1566 1333; baseline -0.004 -21"><span class='ocrx_word' id='word_1_15' title='bbox 287 1246 519 1312; x_wconf 84' lang='lat' dir='ltr'>HOMEHVS.</span> <span class='ocrx_word' id='word_1_16' title='bbox 559 1286 602 1295; x_wconf 91' lang='lat'>-</span> <span class='ocrx_word' id='word_1_17' title='bbox 625 1246 665 1325; x_wconf 86' lang='lat' dir='ltr'>V,</span> <span class='ocrx_word' id='word_1_18' title='bbox 693 1271 724 1312; x_wconf 83' lang='lat'>2.</span> <span class='ocrx_word' id='word_1_19' title='bbox 754 1246 925 1333; x_wconf 72' lang='lat' dir='ltr'>Solymos,</span> <span class='ocrx_word' id='word_1_20' title='bbox 962 1246 1169 1311; x_wconf 82' lang='lat' dir='ltr'>carminibus</span> <span class='ocrx_word' id='word_1_21' title='bbox 1208 1244 1346 1310; x_wconf 90' lang='lat' dir='ltr'>Homeri</span> <span class='ocrx_word' id='word_1_22' title='bbox 1361 1243 1566 1309; x_wconf 89' lang='lat' dir='ltr'>celebratam</span> 
     </span>
     <span class='ocr_line' id='line_1_5' title="bbox 329 1352 1568 1442; baseline -0.004 -22"><span class='ocrx_word' id='word_1_23' title='bbox 329 1362 541 1442; x_wconf 79' lang='lat' dir='ltr'>gentem-</span> <span class='ocrx_word' id='word_1_24' title='bbox 575 1354 613 1421; x_wconf 88' lang='lat'>0.</span> <span class='ocrx_word' id='word_1_25' title='bbox 642 1378 691 1420; x_wconf 72' lang='grc' dir='ltr'>ια,</span> <span class='ocrx_word' id='word_1_26' title='bbox 725 1383 739 1415; x_wconf 87' lang='lat'>«</span> <span class='ocrx_word' id='word_1_27' title='bbox 771 1354 860 1419; x_wconf 88' lang='lat' dir='ltr'>Hlud</span> <span class='ocrx_word' id='word_1_28' title='bbox 887 1363 978 1420; x_wconf 87' lang='lat' dir='ltr'>certe</span> <span class='ocrx_word' id='word_1_29' title='bbox 1001 1352 1275 1425; x_wconf 76' lang='lat' dir='ltr'>mihieoncedes,</span> <span class='ocrx_word' id='word_1_30' title='bbox 1298 1353 1402 1440; x_wconf 80' lang='lat' dir='ltr'>Aper,</span> <span class='ocrx_word' id='word_1_31' title='bbox 1425 1352 1568 1416; x_wconf 93' lang='lat' dir='ltr'>nonmi-</span> 
     </span>
     <span class='ocr_line' id='line_1_6' title="bbox 331 1459 1489 1551; baseline -0.003 -24"><span class='ocrx_word' id='word_1_32' title='bbox 331 1485 448 1527; x_wconf 91' lang='lat' dir='ltr'>norem</span> <span class='ocrx_word' id='word_1_33' title='bbox 468 1462 628 1526; x_wconf 87' lang='lat' dir='ltr'>honorem</span> <span class='ocrx_word' id='word_1_34' title='bbox 650 1462 798 1527; x_wconf 87' lang='lat' dir='ltr'>Homero</span> <span class='ocrx_word' id='word_1_35' title='bbox 818 1484 919 1551; x_wconf 90' lang='lat' dir='ltr'>quam</span> <span class='ocrx_word' id='word_1_36' title='bbox 938 1461 1157 1527; x_wconf 74' lang='lat' dir='ltr'>Demostheni</span> <span class='ocrx_word' id='word_1_37' title='bbox 1177 1459 1267 1548; x_wconf 86' lang='lat' dir='ltr'>apud</span> <span class='ocrx_word' id='word_1_38' title='bbox 1283 1468 1448 1548; x_wconf 89' lang='lat' dir='ltr'>posteros.</span> <span class='ocrx_word' id='word_1_39' title='bbox 1474 1487 1489 1517; x_wconf 73' lang='lat' dir='ltr'>a</span> 
     </span>
    </p>

    <p class='ocr_par' dir='ltr' id='par_1_4' title="bbox 288 1567 1569 1872">
     <span class='ocr_line' id='line_1_7' title="bbox 288 1567 1569 1657; baseline -0.004 -22"><span class='ocrx_word' id='word_1_40' title='bbox 288 1568 673 1636; x_wconf 87' lang='lat' dir='ltr'>HOMONADENSES.</span> <span class='ocrx_word' id='word_1_41' title='bbox 705 1610 748 1621; x_wconf 91' lang='lat'>—</span> <span class='ocrx_word' id='word_1_42' title='bbox 778 1569 810 1648; x_wconf 84' lang='lat'>3,</span> <span class='ocrx_word' id='word_1_43' title='bbox 828 1568 882 1645; x_wconf 69' lang='grc'>48.</span> <span class='ocrx_word' id='word_1_44' title='bbox 895 1567 1081 1657; x_wconf 84' lang='lat' dir='ltr'>(Sulpicius</span> <span class='ocrx_word' id='word_1_45' title='bbox 1102 1567 1290 1656; x_wconf 83' lang='lat' dir='ltr'>Quirinius)</span> <span class='ocrx_word' id='word_1_46' title='bbox 1311 1567 1374 1633; x_wconf 90' lang='lat' dir='ltr'>sub</span> <span class='ocrx_word' id='word_1_47' title='bbox 1392 1567 1478 1631; x_wconf 90' lang='lat' dir='ltr'>Divo</span> <span class='ocrx_word' id='word_1_48' title='bbox 1499 1568 1569 1631; x_wconf 83' lang='lat' dir='ltr'>Au-</span> 
     </span>
     <span class='ocr_line' id='line_1_8' title="bbox 333 1674 1568 1765; baseline -0.003 -24"><span class='ocrx_word' id='word_1_49' title='bbox 333 1684 474 1763; x_wconf 81' lang='lat' dir='ltr'>gusto...</span> <span class='ocrx_word' id='word_1_50' title='bbox 507 1677 711 1764; x_wconf 84' lang='lat' dir='ltr'>expugnatis</span> <span class='ocrx_word' id='word_1_51' title='bbox 744 1699 845 1765; x_wconf 90' lang='lat' dir='ltr'>super</span> <span class='ocrx_word' id='word_1_52' title='bbox 873 1675 1026 1742; x_wconf 82' lang='lat' dir='ltr'>Ciliciam</span> <span class='ocrx_word' id='word_1_53' title='bbox 1062 1676 1395 1740; x_wconf 90' lang='lat' dir='ltr'>Homonadensium¹</span> <span class='ocrx_word' id='word_1_54' title='bbox 1419 1674 1568 1740; x_wconf 78' lang='lat' dir='ltr'>castellis</span> 
     </span>
     <span class='ocr_line' id='line_1_9' title="bbox 333 1784 828 1872; baseline 0 -23"><span class='ocrx_word' id='word_1_55' title='bbox 333 1785 479 1872; x_wconf 82' lang='lat' dir='ltr'>insignia</span> <span class='ocrx_word' id='word_1_56' title='bbox 494 1784 654 1872; x_wconf 88' lang='lat' dir='ltr'>triumphi</span> <span class='ocrx_word' id='word_1_57' title='bbox 671 1784 828 1872; x_wconf 87' lang='lat' dir='ltr'>adeptus.</span> 
     </span>
    </p>

    <p class='ocr_par' dir='ltr' id='par_1_5' title="bbox 289 1890 1570 2300">
     <span class='ocr_line' id='line_1_10' title="bbox 289 1890 1570 1979; baseline -0.002 -24"><span class='ocrx_word' id='word_1_58' title='bbox 289 1891 521 1957; x_wconf 82' lang='lat' dir='ltr'>HOHATlVS</span> <span class='ocrx_word' id='word_1_59' title='bbox 558 1890 843 1956; x_wconf 57' lang='lat' dir='ltr'>Pvatlbvst</span> <span class='ocrx_word' id='word_1_60' title='bbox 873 1930 915 1941; x_wconf 93' lang='lat'><em>-</em></span> <span class='ocrx_word' id='word_1_61' title='bbox 955 1892 1016 1966; x_wconf 94' lang='grc' dir='ltr'>ΙΙΙ,</span> <span class='ocrx_word' id='word_1_62' title='bbox 1053 1917 1106 1979; x_wconf 83' lang='lat'>72.</span> <span class='ocrx_word' id='word_1_63' title='bbox 1128 1890 1241 1956; x_wconf 90' lang='lat' dir='ltr'>Pulsis</span> <span class='ocrx_word' id='word_1_64' title='bbox 1257 1890 1393 1977; x_wconf 86' lang='lat' dir='ltr'>regibus</span> <span class='ocrx_word' id='word_1_65' title='bbox 1410 1890 1570 1955; x_wconf 91' lang='lat' dir='ltr'>Horatius</span> 
     </span>
     <span class='ocr_line' id='line_1_11' title="bbox 334 1997 1569 2086; baseline -0.002 -22"><span class='ocrx_word' id='word_1_66' title='bbox 334 1999 526 2064; x_wconf 79' lang='lat' dir='ltr'>Pulvillus³</span> <span class='ocrx_word' id='word_1_67' title='bbox 540 2000 662 2064; x_wconf 87' lang='lat' dir='ltr'>iterum</span> <span class='ocrx_word' id='word_1_68' title='bbox 680 1997 800 2063; x_wconf 88' lang='lat' dir='ltr'>consul</span> <span class='ocrx_word' id='word_1_69' title='bbox 823 1998 994 2064; x_wconf 89' lang='lat' dir='ltr'>dedicavit</span> <span class='ocrx_word' id='word_1_70' title='bbox 1008 1998 1245 2086; x_wconf 86' lang='lat' dir='ltr'>(Capitolium)</span> <span class='ocrx_word' id='word_1_71' title='bbox 1263 2021 1302 2063; x_wconf 88' lang='lat' dir='ltr'>ea</span> <span class='ocrx_word' id='word_1_72' title='bbox 1318 1997 1569 2084; x_wconf 87' lang='lat' dir='ltr'>magnificentia</span> 
     </span>
     <span class='ocr_line' id='line_1_12' title="bbox 332 2106 1568 2196; baseline -0.003 -24"><span class='ocrx_word' id='word_1_73' title='bbox 332 2129 433 2194; x_wconf 88' lang='lat' dir='ltr'>quam</span> <span class='ocrx_word' id='word_1_74' title='bbox 460 2106 645 2172; x_wconf 86' lang='lat' dir='ltr'>immensae</span> <span class='ocrx_word' id='word_1_75' title='bbox 674 2115 790 2194; x_wconf 91' lang='lat' dir='ltr'>postea</span> <span class='ocrx_word' id='word_1_76' title='bbox 822 2106 937 2196; x_wconf 87' lang='lat' dir='ltr'>populi</span> <span class='ocrx_word' id='word_1_77' title='bbox 963 2106 1107 2170; x_wconf 83' lang='lat' dir='ltr'>llomani</span> <span class='ocrx_word' id='word_1_78' title='bbox 1140 2129 1222 2193; x_wconf 91' lang='lat' dir='ltr'>opes</span> <span class='ocrx_word' id='word_1_79' title='bbox 1259 2112 1419 2170; x_wconf 87' lang='lat' dir='ltr'>ornarent</span> <span class='ocrx_word' id='word_1_80' title='bbox 1455 2106 1568 2192; x_wconf 91' lang='lat' dir='ltr'>potius</span> 
     </span>
     <span class='ocr_line' id='line_1_13' title="bbox 334 2221 625 2300; baseline 0.003 -24"><span class='ocrx_word' id='word_1_81' title='bbox 334 2236 434 2300; x_wconf 89' lang='lat' dir='ltr'>quam</span> <span class='ocrx_word' id='word_1_82' title='bbox 451 2221 625 2300; x_wconf 87' lang='lat' dir='ltr'>augerent.</span> 
     </span>
    </p>

    <p class='ocr_par' dir='ltr' id='par_1_6' title="bbox 292 2319 1569 2730">
     <span class='ocr_line' id='line_1_14' title="bbox 292 2319 1567 2409; baseline 0.002 -27"><span class='ocrx_word' id='word_1_83' title='bbox 292 2319 617 2386; x_wconf 79' lang='lat' dir='ltr'><strong>110RATIVS⁴.-</strong></span> <span class='ocrx_word' id='word_1_84' title='bbox 642 2320 679 2385; x_wconf 82' lang='lat'>0.</span> <span class='ocrx_word' id='word_1_85' title='bbox 708 2345 761 2386; x_wconf 84' lang='lat'>20.</span> <span class='ocrx_word' id='word_1_86' title='bbox 796 2320 976 2409; x_wconf 86' lang='lat' dir='ltr'>(Loquitur</span> <span class='ocrx_word' id='word_1_87' title='bbox 994 2321 1101 2408; x_wconf 81' lang='lat' dir='ltr'>Aper)</span> <span class='ocrx_word' id='word_1_88' title='bbox 1132 2348 1147 2380; x_wconf 76' lang='grc' dir='ltr'>α</span> <span class='ocrx_word' id='word_1_89' title='bbox 1167 2320 1322 2406; x_wconf 75' lang='lat' dir='ltr'>Erigitur</span> <span class='ocrx_word' id='word_1_90' title='bbox 1337 2320 1426 2384; x_wconf 93' lang='lat' dir='ltr'>enim</span> <span class='ocrx_word' id='word_1_91' title='bbox 1442 2319 1508 2384; x_wconf 89' lang='lat' dir='ltr'>iam</span> <span class='ocrx_word' id='word_1_92' title='bbox 1525 2320 1567 2386; x_wconf 89' lang='lat' dir='ltr'>ab</span> 
     </span>
     <span class='ocr_line' id='line_1_15' title="bbox 332 2427 1568 2516; baseline 0.002 -25"><span class='ocrx_word' id='word_1_93' title='bbox 332 2427 580 2493; x_wconf 88' lang='lat' dir='ltr'>oratoreetiam</span> <span class='ocrx_word' id='word_1_94' title='bbox 596 2428 749 2516; x_wconf 89' lang='lat' dir='ltr'>poeticus</span> <span class='ocrx_word' id='word_1_95' title='bbox 782 2427 894 2508; x_wconf 89' lang='lat' dir='ltr'>decor,</span> <span class='ocrx_word' id='word_1_96' title='bbox 914 2451 979 2492; x_wconf 87' lang='lat' dir='ltr'>non</span> <span class='ocrx_word' id='word_1_97' title='bbox 1014 2428 1109 2493; x_wconf 81' lang='lat' dir='ltr'>Accii</span> <span class='ocrx_word' id='word_1_98' title='bbox 1133 2436 1191 2493; x_wconf 90' lang='lat' dir='ltr'>aut</span> <span class='ocrx_word' id='word_1_99' title='bbox 1206 2429 1344 2493; x_wconf 89' lang='lat' dir='ltr'>Pacuvii</span> <span class='ocrx_word' id='word_1_100' title='bbox 1360 2438 1500 2495; x_wconf 90' lang='lat' dir='ltr'>veterno</span> <span class='ocrx_word' id='word_1_101' title='bbox 1515 2430 1568 2493; x_wconf 95' lang='lat' dir='ltr'>in-</span> 
     </span>
     <span class='ocr_line' id='line_1_16' title="bbox 332 2534 1564 2624; baseline 0.001 -27"><span class='ocrx_word' id='word_1_102' title='bbox 332 2535 504 2623; x_wconf 77' lang='lat' dir='ltr'>quinctus,</span> <span class='ocrx_word' id='word_1_103' title='bbox 522 2535 639 2600; x_wconf 76' lang='lat' dir='ltr'>seder</span> <span class='ocrx_word' id='word_1_104' title='bbox 657 2534 787 2599; x_wconf 85' lang='lat' dir='ltr'>Horatii</span> <span class='ocrx_word' id='word_1_105' title='bbox 807 2543 841 2600; x_wconf 90' lang='lat' dir='ltr'>et</span> <span class='ocrx_word' id='word_1_106' title='bbox 855 2534 995 2620; x_wconf 83' lang='lat' dir='ltr'>Vergilii</span> <span class='ocrx_word' id='word_1_107' title='bbox 1015 2542 1048 2599; x_wconf 92' lang='lat' dir='ltr'>et</span> <span class='ocrx_word' id='word_1_108' title='bbox 1064 2534 1190 2599; x_wconf 89' lang='lat' dir='ltr'>Lucani</span> <span class='ocrx_word' id='word_1_109' title='bbox 1206 2536 1352 2600; x_wconf 87' lang='lat' dir='ltr'>sacrario</span> <span class='ocrx_word' id='word_1_110' title='bbox 1363 2536 1525 2624; x_wconf 88' lang='lat' dir='ltr'>prolatus.</span> <span class='ocrx_word' id='word_1_111' title='bbox 1548 2560 1564 2598; x_wconf 77' lang='lat' dir='ltr'>a</span> 
     </span>
     <span class='ocr_line' id='line_1_17' title="bbox 334 2641 1569 2730; baseline 0.002 -25"><span class='ocrx_word' id='word_1_112' title='bbox 334 2679 376 2691; x_wconf 94' lang='lat'><em>-</em></span> <span class='ocrx_word' id='word_1_113' title='bbox 397 2641 451 2707; x_wconf 77' lang='lat'>23.</span> <span class='ocrx_word' id='word_1_114' title='bbox 468 2671 484 2702; x_wconf 89' lang='lat'>«</span> <span class='ocrx_word' id='word_1_115' title='bbox 502 2641 608 2706; x_wconf 85' lang='lat' dir='ltr'>Vobis</span> <span class='ocrx_word' id='word_1_116' title='bbox 624 2642 738 2730; x_wconf 89' lang='lat' dir='ltr'>utique</span> <span class='ocrx_word' id='word_1_117' title='bbox 752 2649 932 2707; x_wconf 87' lang='lat' dir='ltr'>versantur</span> <span class='ocrx_word' id='word_1_118' title='bbox 947 2649 1026 2707; x_wconf 86' lang='lat' dir='ltr'>ante</span> <span class='ocrx_word' id='word_1_119' title='bbox 1041 2641 1157 2707; x_wconf 90' lang='lat' dir='ltr'>oculos</span> <span class='ocrx_word' id='word_1_120' title='bbox 1172 2642 1234 2724; x_wconf 83' lang='lat' dir='ltr'>illi,</span> <span class='ocrx_word' id='word_1_121' title='bbox 1257 2643 1313 2730; x_wconf 91' lang='lat' dir='ltr'>qui</span> <span class='ocrx_word' id='word_1_122' title='bbox 1331 2642 1497 2709; x_wconf 83' lang='lat' dir='ltr'>Lucilium</span> <span class='ocrx_word' id='word_1_123' title='bbox 1508 2666 1569 2730; x_wconf 91' lang='lat' dir='ltr'>pro</span> 
     </span>
    </p>
   </div>
   <div class='ocr_carea' id='block_1_3' title="bbox 291 2748 1570 3159">
    <p class='ocr_par' dir='ltr' id='par_1_7' title="bbox 336 2748 1198 2836">
     <span class='ocr_line' id='line_1_18' title="bbox 336 2748 1198 2836; baseline -0.005 -24"><span class='ocrx_word' id='word_1_124' title='bbox 336 2748 477 2813; x_wconf 89' lang='lat' dir='ltr'>Horatio</span> <span class='ocrx_word' id='word_1_125' title='bbox 498 2757 531 2813; x_wconf 92' lang='lat' dir='ltr'>et</span> <span class='ocrx_word' id='word_1_126' title='bbox 547 2749 740 2815; x_wconf 90' lang='lat' dir='ltr'>Lucretium</span> <span class='ocrx_word' id='word_1_127' title='bbox 761 2772 821 2836; x_wconf 88' lang='lat' dir='ltr'>pro</span> <span class='ocrx_word' id='word_1_128' title='bbox 842 2748 992 2835; x_wconf 81' lang='lat' dir='ltr'>Vergilio</span> <span class='ocrx_word' id='word_1_129' title='bbox 1006 2748 1165 2835; x_wconf 87' lang='lat' dir='ltr'>legunt...</span> <span class='ocrx_word' id='word_1_130' title='bbox 1183 2777 1198 2810; x_wconf 79' lang='lat' dir='ltr'>n</span> 
     </span>
    </p>

    <p class='ocr_par' dir='ltr' id='par_1_8' title="bbox 291 2854 1570 3159">
     <span class='ocr_line' id='line_1_19' title="bbox 291 2854 1568 2938; baseline 0.003 -19"><span class='ocrx_word' id='word_1_131' title='bbox 291 2854 586 2921; x_wconf 83' lang='lat' dir='ltr'>HORDEthlVS</span> <span class='ocrx_word' id='word_1_132' title='bbox 598 2854 1568 2938; x_wconf 73' lang='lat' dir='ltr'>FLACCVS‚1‹&#39;LACCVS110RDEON1VS‚1‹‘LACCVS‚</span> 
     </span>
     <span class='ocr_line' id='line_1_20' title="bbox 336 2962 1570 3052; baseline 0.001 -25"><span class='ocrx_word' id='word_1_133' title='bbox 336 2962 662 3029; x_wconf 57' lang='lat' dir='ltr'>Holmltlm&#39;lt&#39;st</span> <span class='ocrx_word' id='word_1_134' title='bbox 676 2963 757 3044; x_wconf 86' lang='grc' dir='ltr'>-Ι,</span> <span class='ocrx_word' id='word_1_135' title='bbox 775 2963 972 3050; x_wconf 82' lang='lat' dir='ltr'>9.Superior</span> <span class='ocrx_word' id='word_1_136' title='bbox 992 2963 1222 3052; x_wconf 87' lang='lat' dir='ltr'>(Germaniae)</span> <span class='ocrx_word' id='word_1_137' title='bbox 1237 2965 1405 3030; x_wconf 86' lang='lat' dir='ltr'>exercitus</span> <span class='ocrx_word' id='word_1_138' title='bbox 1421 2964 1570 3052; x_wconf 82' lang='lat' dir='ltr'>legatum</span> 
     </span>
     <span class='ocr_line' id='line_1_21' title="bbox 335 3068 1570 3159; baseline 0.002 -26"><span class='ocrx_word' id='word_1_139' title='bbox 335 3068 565 3134; x_wconf 89' lang='lat' dir='ltr'>Hordeonium</span> <span class='ocrx_word' id='word_1_140' title='bbox 603 3070 761 3134; x_wconf 84' lang='lat' dir='ltr'>Flaccum</span> <span class='ocrx_word' id='word_1_141' title='bbox 795 3070 988 3158; x_wconf 85' lang='lat' dir='ltr'>spernebat,</span> <span class='ocrx_word' id='word_1_142' title='bbox 1020 3078 1154 3136; x_wconf 88' lang='lat' dir='ltr'>senecta</span> <span class='ocrx_word' id='word_1_143' title='bbox 1181 3094 1218 3136; x_wconf 90' lang='lat' dir='ltr'>ae</span> <span class='ocrx_word' id='word_1_144' title='bbox 1243 3071 1417 3137; x_wconf 90' lang='lat' dir='ltr'>debilitate</span> <span class='ocrx_word' id='word_1_145' title='bbox 1447 3072 1570 3159; x_wconf 88' lang='lat' dir='ltr'>pedum</span> 
     </span>
    </p>
   </div>
   <div class='ocr_carea' id='block_1_4' title="bbox 334 3176 1575 4447">
    <p class='ocr_par' dir='ltr' id='par_1_9' title="bbox 334 3176 1575 4447">
     <span class='ocr_line' id='line_1_22' title="bbox 334 3176 1571 3256; baseline 0.003 -17"><span class='ocrx_word' id='word_1_146' title='bbox 334 3176 534 3254; x_wconf 90' lang='lat' dir='ltr'>invalidum,</span> <span class='ocrx_word' id='word_1_147' title='bbox 557 3177 629 3241; x_wconf 92' lang='lat' dir='ltr'>sine</span> <span class='ocrx_word' id='word_1_148' title='bbox 654 3178 856 3256; x_wconf 87' lang='lat' dir='ltr'>constantia,</span> <span class='ocrx_word' id='word_1_149' title='bbox 880 3177 952 3241; x_wconf 92' lang='lat' dir='ltr'>sinc</span> <span class='ocrx_word' id='word_1_150' title='bbox 982 3178 1222 3244; x_wconf 88' lang='lat' dir='ltr'>auctoritate...</span> <span class='ocrx_word' id='word_1_151' title='bbox 1256 3218 1300 3228; x_wconf 92' lang='lat'>-</span> <span class='ocrx_word' id='word_1_152' title='bbox 1326 3182 1352 3255; x_wconf 91' lang='grc' dir='ltr'>Ι,</span> <span class='ocrx_word' id='word_1_153' title='bbox 1375 3182 1428 3244; x_wconf 83' lang='lat'>52.</span> <span class='ocrx_word' id='word_1_154' title='bbox 1449 3178 1571 3244; x_wconf 82' lang='lat' dir='ltr'>Fabius</span> 
     </span>
     <span class='ocr_line' id='line_1_23' title="bbox 336 3282 1571 3371; baseline 0.005 -28"><span class='ocrx_word' id='word_1_155' title='bbox 336 3282 503 3349; x_wconf 84' lang='lat' dir='ltr'>Valens...</span> <span class='ocrx_word' id='word_1_156' title='bbox 533 3284 694 3371; x_wconf 87' lang='lat' dir='ltr'>instigare</span> <span class='ocrx_word' id='word_1_157' title='bbox 714 3283 945 3360; x_wconf 80' lang='lat' dir='ltr'>Vitellium...,</span> <span class='ocrx_word' id='word_1_158' title='bbox 962 3283 1092 3349; x_wconf 87' lang='lat' dir='ltr'>nullam</span> <span class='ocrx_word' id='word_1_159' title='bbox 1108 3285 1143 3349; x_wconf 91' lang='lat' dir='ltr'>in</span> <span class='ocrx_word' id='word_1_160' title='bbox 1164 3284 1486 3350; x_wconf 89' lang='lat' dir='ltr'>FlaeeoHordconio</span> <span class='ocrx_word' id='word_1_161' title='bbox 1498 3309 1571 3350; x_wconf 93' lang='lat' dir='ltr'>mo-</span> 
     </span>
     <span class='ocr_line' id='line_1_24' title="bbox 335 3391 1571 3481; baseline 0.003 -27"><span class='ocrx_word' id='word_1_162' title='bbox 335 3415 418 3457; x_wconf 92' lang='lat' dir='ltr'>ram.</span> <span class='ocrx_word' id='word_1_163' title='bbox 435 3430 477 3442; x_wconf 92' lang='lat'>-</span> <span class='ocrx_word' id='word_1_164' title='bbox 494 3391 520 3464; x_wconf 96' lang='grc' dir='ltr'>Ι,</span> <span class='ocrx_word' id='word_1_165' title='bbox 539 3394 591 3469; x_wconf 69' lang='grc'>54,</span> <span class='ocrx_word' id='word_1_166' title='bbox 609 3391 678 3457; x_wconf 91' lang='lat' dir='ltr'>Nec</span> <span class='ocrx_word' id='word_1_167' title='bbox 693 3392 810 3481; x_wconf 90' lang='lat' dir='ltr'>procul</span> <span class='ocrx_word' id='word_1_168' title='bbox 827 3392 991 3457; x_wconf 91' lang='lat' dir='ltr'>seditione</span> <span class='ocrx_word' id='word_1_169' title='bbox 1006 3392 1145 3458; x_wconf 88' lang='lat' dir='ltr'>aberant</span> <span class='ocrx_word' id='word_1_170' title='bbox 1157 3392 1323 3481; x_wconf 83' lang='lat' dir='ltr'>(milites),</span> <span class='ocrx_word' id='word_1_171' title='bbox 1342 3417 1418 3458; x_wconf 92' lang='lat' dir='ltr'>cum</span> <span class='ocrx_word' id='word_1_172' title='bbox 1437 3393 1571 3458; x_wconf 90' lang='lat' dir='ltr'>Horde-</span> 
     </span>
     <span class='ocr_line' id='line_1_25' title="bbox 336 3498 1573 3590; baseline 0.003 -28"><span class='ocrx_word' id='word_1_173' title='bbox 336 3499 434 3563; x_wconf 93' lang='lat' dir='ltr'>onius</span> <span class='ocrx_word' id='word_1_174' title='bbox 455 3498 596 3563; x_wconf 84' lang='lat' dir='ltr'>Flaccus</span> <span class='ocrx_word' id='word_1_175' title='bbox 607 3498 699 3563; x_wconf 88' lang='lat' dir='ltr'>abire</span> <span class='ocrx_word' id='word_1_176' title='bbox 714 3499 845 3586; x_wconf 84' lang='lat' dir='ltr'>legatos</span> <span class='ocrx_word' id='word_1_177' title='bbox 859 3500 1122 3586; x_wconf 46' lang='lat' dir='ltr'>(lsingonuml...</span> <span class='ocrx_word' id='word_1_178' title='bbox 1137 3500 1241 3567; x_wconf 88' lang='lat' dir='ltr'>iubet.</span> <span class='ocrx_word' id='word_1_179' title='bbox 1259 3501 1343 3579; x_wconf 92' lang='grc' dir='ltr'>-Ι,</span> <span class='ocrx_word' id='word_1_180' title='bbox 1362 3500 1414 3567; x_wconf 88' lang='grc'>56.</span> <span class='ocrx_word' id='word_1_181' title='bbox 1433 3501 1573 3590; x_wconf 88' lang='lat' dir='ltr'>Specta·</span> 
     </span>
     <span class='ocr_line' id='line_1_26' title="bbox 338 3605 1572 3695; baseline 0.003 -26"><span class='ocrx_word' id='word_1_182' title='bbox 338 3605 523 3691; x_wconf 87' lang='lat' dir='ltr'>torllagitii</span> <span class='ocrx_word' id='word_1_183' title='bbox 553 3606 768 3670; x_wconf 90' lang='lat' dir='ltr'>Hordeonius</span> <span class='ocrx_word' id='word_1_184' title='bbox 806 3606 947 3672; x_wconf 82' lang='lat' dir='ltr'>Flaccus</span> <span class='ocrx_word' id='word_1_185' title='bbox 984 3607 1172 3672; x_wconf 90' lang='lat' dir='ltr'>consularis</span> <span class='ocrx_word' id='word_1_186' title='bbox 1192 3607 1323 3695; x_wconf 85' lang='lat' dir='ltr'>legatus</span> <span class='ocrx_word' id='word_1_187' title='bbox 1352 3609 1480 3686; x_wconf 83' lang='lat' dir='ltr'>aderat,</span> <span class='ocrx_word' id='word_1_188' title='bbox 1505 3632 1572 3673; x_wconf 92' lang='lat' dir='ltr'>non</span> 
     </span>
     <span class='ocr_line' id='line_1_27' title="bbox 338 3714 1573 3798; baseline 0.005 -24"><span class='ocrx_word' id='word_1_189' title='bbox 338 3733 551 3798; x_wconf 87' lang='lat' dir='ltr'>compescere</span> <span class='ocrx_word' id='word_1_190' title='bbox 577 3721 725 3793; x_wconf 85' lang='lat' dir='ltr'>ruentes,</span> <span class='ocrx_word' id='word_1_191' title='bbox 751 3737 820 3779; x_wconf 92' lang='lat' dir='ltr'>non</span> <span class='ocrx_word' id='word_1_192' title='bbox 854 3715 997 3779; x_wconf 89' lang='lat' dir='ltr'>retinere</span> <span class='ocrx_word' id='word_1_193' title='bbox 1031 3714 1165 3796; x_wconf 82' lang='lat' dir='ltr'>dubios,</span> <span class='ocrx_word' id='word_1_194' title='bbox 1202 3738 1270 3779; x_wconf 93' lang='lat' dir='ltr'>non</span> <span class='ocrx_word' id='word_1_195' title='bbox 1284 3715 1451 3781; x_wconf 90' lang='lat' dir='ltr'>cohortari</span> <span class='ocrx_word' id='word_1_196' title='bbox 1466 3715 1573 3780; x_wconf 88' lang='lat' dir='ltr'>bonos</span> 
     </span>
     <span class='ocr_line' id='line_1_28' title="bbox 339 3817 1574 3911; baseline 0.004 -29"><span class='ocrx_word' id='word_1_197' title='bbox 339 3842 454 3898; x_wconf 83' lang='lat' dir='ltr'>ausus,</span> <span class='ocrx_word' id='word_1_198' title='bbox 472 3817 532 3883; x_wconf 92' lang='lat' dir='ltr'>sed</span> <span class='ocrx_word' id='word_1_199' title='bbox 546 3820 672 3905; x_wconf 84' lang='lat' dir='ltr'>segnis,</span> <span class='ocrx_word' id='word_1_200' title='bbox 689 3821 845 3908; x_wconf 65' lang='lat' dir='ltr'>pavidus</span> <span class='ocrx_word' id='word_1_201' title='bbox 863 3828 897 3887; x_wconf 86' lang='lat' dir='ltr'>et</span> <span class='ocrx_word' id='word_1_202' title='bbox 916 3821 1069 3888; x_wconf 88' lang='lat' dir='ltr'>socordia</span> <span class='ocrx_word' id='word_1_203' title='bbox 1094 3822 1269 3888; x_wconf 90' lang='lat' dir='ltr'>innocens.</span> <span class='ocrx_word' id='word_1_204' title='bbox 1284 3861 1328 3872; x_wconf 96' lang='lat'>—</span> <span class='ocrx_word' id='word_1_205' title='bbox 1354 3822 1396 3901; x_wconf 91' lang='grc' dir='ltr'>ΙΙ,</span> <span class='ocrx_word' id='word_1_206' title='bbox 1416 3824 1468 3911; x_wconf 83' lang='lat'>57.</span> <span class='ocrx_word' id='word_1_207' title='bbox 1486 3822 1574 3888; x_wconf 88' lang='lat' dir='ltr'>Cura</span> 
     </span>
     <span class='ocr_line' id='line_1_29' title="bbox 341 3927 1568 4020; baseline 0.007 -31"><span class='ocrx_word' id='word_1_208' title='bbox 341 3927 432 4013; x_wconf 88' lang='lat' dir='ltr'>ripae</span> <span class='ocrx_word' id='word_1_209' title='bbox 458 3927 614 4012; x_wconf 81' lang='lat' dir='ltr'>(lthenia</span> <span class='ocrx_word' id='word_1_210' title='bbox 635 3927 786 4012; x_wconf 88' lang='lat' dir='ltr'>Vitellio)</span> <span class='ocrx_word' id='word_1_211' title='bbox 808 3929 1001 3994; x_wconf 90' lang='lat' dir='ltr'>Hordeonio</span> <span class='ocrx_word' id='word_1_212' title='bbox 1036 3929 1158 3996; x_wconf 88' lang='lat' dir='ltr'>Flacco</span> <span class='ocrx_word' id='word_1_213' title='bbox 1187 3931 1364 4018; x_wconf 88' lang='lat' dir='ltr'>permissa.</span> <span class='ocrx_word' id='word_1_214' title='bbox 1394 3930 1495 4007; x_wconf 93' lang='grc' dir='ltr'>-ΙΙ,</span> <span class='ocrx_word' id='word_1_215' title='bbox 1513 3956 1568 4020; x_wconf 83' lang='lat'>97.</span> 
     </span>
     <span class='ocr_line' id='line_1_30' title="bbox 343 4035 1571 4126; baseline 0.002 -27"><span class='ocrx_word' id='word_1_216' title='bbox 343 4035 486 4100; x_wconf 82' lang='lat' dir='ltr'>Perinde</span> <span class='ocrx_word' id='word_1_217' title='bbox 532 4035 636 4122; x_wconf 79' lang='lat' dir='ltr'>legati</span> <span class='ocrx_word' id='word_1_218' title='bbox 666 4037 927 4126; x_wconf 88' lang='lat' dir='ltr'>provinciaeque</span> <span class='ocrx_word' id='word_1_219' title='bbox 974 4037 1221 4103; x_wconf 88' lang='lat' dir='ltr'>cunctabantur</span> <span class='ocrx_word' id='word_1_220' title='bbox 1260 4037 1413 4124; x_wconf 84' lang='lat' dir='ltr'>(Vitellio</span> <span class='ocrx_word' id='word_1_221' title='bbox 1446 4038 1571 4103; x_wconf 88' lang='lat' dir='ltr'>auxilia</span> 
     </span>
     <span class='ocr_line' id='line_1_31' title="bbox 341 4142 1572 4233; baseline 0.002 -28"><span class='ocrx_word' id='word_1_222' title='bbox 341 4142 500 4230; x_wconf 86' lang='lat' dir='ltr'>mittere),</span> <span class='ocrx_word' id='word_1_223' title='bbox 524 4142 738 4207; x_wconf 90' lang='lat' dir='ltr'>Hordeonius</span> <span class='ocrx_word' id='word_1_224' title='bbox 752 4143 893 4208; x_wconf 90' lang='lat' dir='ltr'>Flaccus</span> <span class='ocrx_word' id='word_1_225' title='bbox 910 4146 1078 4233; x_wconf 90' lang='lat' dir='ltr'>suspectis</span> <span class='ocrx_word' id='word_1_226' title='bbox 1102 4147 1167 4210; x_wconf 90' lang='lat' dir='ltr'>iam</span> <span class='ocrx_word' id='word_1_227' title='bbox 1189 4143 1326 4211; x_wconf 87' lang='lat' dir='ltr'>Batavis</span> <span class='ocrx_word' id='word_1_228' title='bbox 1348 4145 1468 4210; x_wconf 87' lang='lat' dir='ltr'>anxius</span> <span class='ocrx_word' id='word_1_229' title='bbox 1488 4169 1572 4233; x_wconf 87' lang='lat' dir='ltr'>pro-</span> 
     </span>
     <span class='ocr_line' id='line_1_32' title="bbox 339 4247 1571 4340; baseline 0.006 -28"><span class='ocrx_word' id='word_1_230' title='bbox 339 4250 411 4336; x_wconf 94' lang='lat' dir='ltr'>prio</span> <span class='ocrx_word' id='word_1_231' title='bbox 441 4247 543 4325; x_wconf 85' lang='lat' dir='ltr'>bello,</span> <span class='ocrx_word' id='word_1_232' title='bbox 566 4249 701 4315; x_wconf 86' lang='lat' dir='ltr'>Vettius</span> <span class='ocrx_word' id='word_1_233' title='bbox 730 4250 879 4315; x_wconf 90' lang='lat' dir='ltr'>Bolanus</span> <span class='ocrx_word' id='word_1_234' title='bbox 883 4303 950 4327; x_wconf 91' lang='grc'>.....</span> <span class='ocrx_word' id='word_1_235' title='bbox 977 4258 1166 4340; x_wconf 89' lang='lat' dir='ltr'>etuterque</span> <span class='ocrx_word' id='word_1_236' title='bbox 1193 4251 1354 4339; x_wconf 84' lang='lat' dir='ltr'>ambigui.</span> <span class='ocrx_word' id='word_1_237' title='bbox 1377 4291 1420 4301; x_wconf 92' lang='lat'>-</span> <span class='ocrx_word' id='word_1_238' title='bbox 1441 4252 1498 4333; x_wconf 71' lang='lat' dir='ltr'>lt,</span> <span class='ocrx_word' id='word_1_239' title='bbox 1521 4252 1571 4320; x_wconf 79' lang='lat'>13.</span> 
     </span>
     <span class='ocr_line' id='line_1_33' title="bbox 342 4355 1575 4447; baseline 0.001 -27"><span class='ocrx_word' id='word_1_240' title='bbox 342 4356 481 4443; x_wconf 85' lang='lat' dir='ltr'>(lulium</span> <span class='ocrx_word' id='word_1_241' title='bbox 498 4355 655 4436; x_wconf 83' lang='lat' dir='ltr'>Civilem,</span> <span class='ocrx_word' id='word_1_242' title='bbox 672 4364 710 4422; x_wconf 94' lang='lat' dir='ltr'>ut</span> <span class='ocrx_word' id='word_1_243' title='bbox 727 4355 892 4423; x_wconf 91' lang='lat' dir='ltr'>tumultus</span> <span class='ocrx_word' id='word_1_244' title='bbox 918 4359 1111 4424; x_wconf 90' lang='lat' dir='ltr'>Germanici</span> <span class='ocrx_word' id='word_1_245' title='bbox 1148 4359 1258 4447; x_wconf 88' lang='lat' dir='ltr'>specie</span> <span class='ocrx_word' id='word_1_246' title='bbox 1274 4367 1456 4425; x_wconf 86' lang='lat' dir='ltr'>retentaret</span> <span class='ocrx_word' id='word_1_247' title='bbox 1469 4358 1575 4444; x_wconf 86' lang='lat' dir='ltr'>legio-</span> 
     </span>
    </p>
   </div>
   <div class='ocr_carea' id='block_1_5' title="bbox 298 4622 1567 5073">
    <p class='ocr_par' dir='ltr' id='par_1_10' title="bbox 298 4622 1567 4768">
     <span class='ocr_line' id='line_1_34' title="bbox 328 4622 1567 4687; baseline -0.006 -11"><span class='ocrx_word' id='word_1_248' title='bbox 328 4625 336 4659; x_wconf 94' lang='lat'>¹</span> <span class='ocrx_word' id='word_1_249' title='bbox 357 4623 384 4676; x_wconf 68' lang='grc' dir='ltr'><strong>Μ</strong></span> <span class='ocrx_word' id='word_1_250' title='bbox 400 4640 405 4673; x_wconf 93' lang='lat'>:</span> <span class='ocrx_word' id='word_1_251' title='bbox 423 4622 656 4672; x_wconf 78' lang='lat' dir='ltr'>onomadensinm.</span> <span class='ocrx_word' id='word_1_252' title='bbox 676 4623 783 4683; x_wconf 82' lang='lat' dir='ltr'>Strabo,</span> <span class='ocrx_word' id='word_1_253' title='bbox 804 4639 840 4682; x_wconf 85' lang='lat'>12,</span> <span class='ocrx_word' id='word_1_254' title='bbox 856 4624 889 4673; x_wconf 78' lang='lat'>0:</span> <span class='ocrx_word' id='word_1_255' title='bbox 911 4622 1073 4687; x_wconf 71' lang='grc' dir='ltr'><strong>Ὁμονιδέας.</strong></span> <span class='ocrx_word' id='word_1_256' title='bbox 1094 4644 1105 4666; x_wconf 76' lang='lat'>‹-</span> <span class='ocrx_word' id='word_1_257' title='bbox 1124 4623 1206 4687; x_wconf 79' lang='lat' dir='ltr'>Apud</span> <span class='ocrx_word' id='word_1_258' title='bbox 1227 4623 1344 4671; x_wconf 86' lang='lat' dir='ltr'>Plinium</span> <span class='ocrx_word' id='word_1_259' title='bbox 1366 4624 1393 4670; x_wconf 91' lang='lat' dir='ltr'>in</span> <span class='ocrx_word' id='word_1_260' title='bbox 1409 4623 1497 4671; x_wconf 88' lang='lat' dir='ltr'>indice</span> <span class='ocrx_word' id='word_1_261' title='bbox 1514 4622 1567 4670; x_wconf 83' lang='lat' dir='ltr'>libr</span> 
     </span>
     <span class='ocr_line' id='line_1_35' title="bbox 298 4703 1057 4768; baseline 0.007 -19"><span class='ocrx_word' id='word_1_262' title='bbox 298 4703 320 4749; x_wconf 94' lang='lat' dir='ltr'>V</span> <span class='ocrx_word' id='word_1_263' title='bbox 337 4704 434 4765; x_wconf 85' lang='lat' dir='ltr'>optimi</span> <span class='ocrx_word' id='word_1_264' title='bbox 452 4705 560 4751; x_wconf 84' lang='lat' dir='ltr'>codices</span> <span class='ocrx_word' id='word_1_265' title='bbox 572 4704 702 4752; x_wconf 82' lang='lat' dir='ltr'>exhibent</span> <span class='ocrx_word' id='word_1_266' title='bbox 716 4703 879 4752; x_wconf 79' lang='lat' dir='ltr'>omanadum</span> <span class='ocrx_word' id='word_1_267' title='bbox 897 4720 910 4749; x_wconf 77' lang='lat' dir='ltr'>a</span> <span class='ocrx_word' id='word_1_268' title='bbox 925 4704 1057 4768; x_wconf 77' lang='lat' dir='ltr'>(Onnum).</span> 
     </span>
    </p>

    <p class='ocr_par' dir='ltr' id='par_1_11' title="bbox 328 4783 702 4835">
     <span class='ocr_line' id='line_1_36' title="bbox 328 4783 702 4835; baseline 0.008 -4"><span class='ocrx_word' id='word_1_269' title='bbox 328 4784 395 4832; x_wconf 75' lang='lat' dir='ltr'>2M.</span> <span class='ocrx_word' id='word_1_270' title='bbox 414 4783 542 4832; x_wconf 85' lang='lat' dir='ltr'>Horatius</span> <span class='ocrx_word' id='word_1_271' title='bbox 561 4784 702 4835; x_wconf 85' lang='lat' dir='ltr'>Pulvillus.</span> 
     </span>
    </p>

    <p class='ocr_par' dir='ltr' id='par_1_12' title="bbox 329 4864 562 4928">
     <span class='ocr_line' id='line_1_37' title="bbox 329 4864 562 4928; baseline 0 -14"><span class='ocrx_word' id='word_1_272' title='bbox 329 4865 341 4899; x_wconf 84' lang='lat'><strong>³</strong></span> <span class='ocrx_word' id='word_1_273' title='bbox 357 4864 383 4914; x_wconf 74' lang='grc' dir='ltr'>Ι</span> <span class='ocrx_word' id='word_1_274' title='bbox 396 4880 401 4913; x_wconf 87' lang='lat'><strong>:</strong></span> <span class='ocrx_word' id='word_1_275' title='bbox 415 4865 562 4928; x_wconf 82' lang='lat' dir='ltr'>puluiliua.</span> 
     </span>
    </p>

    <p class='ocr_par' dir='ltr' id='par_1_13' title="bbox 327 4946 892 5006">
     <span class='ocr_line' id='line_1_38' title="bbox 327 4946 892 5006; baseline 0.005 -13"><span class='ocrx_word' id='word_1_276' title='bbox 327 4946 388 5002; x_wconf 78' lang='lat'>⁴0.</span> <span class='ocrx_word' id='word_1_277' title='bbox 408 4946 537 4994; x_wconf 85' lang='lat' dir='ltr'>Horatius</span> <span class='ocrx_word' id='word_1_278' title='bbox 551 4946 673 4997; x_wconf 71' lang='lat' dir='ltr'>Flaccus</span> <span class='ocrx_word' id='word_1_279' title='bbox 691 4948 814 5006; x_wconf 65' lang='lat' dir='ltr'>Proser„</span> <span class='ocrx_word' id='word_1_280' title='bbox 838 4956 892 5006; x_wconf 69' lang='lat' dir='ltr'>itt,</span> 
     </span>
    </p>

    <p class='ocr_par' dir='ltr' id='par_1_14' title="bbox 335 5018 546 5073">
     <span class='ocr_line' id='line_1_39' title="bbox 335 5018 546 5073; baseline -0.005 -7"><span class='ocrx_word' id='word_1_281' title='bbox 335 5018 477 5072; x_wconf 64' lang='lat' dir='ltr'>wacena..</span> <span class='ocrx_word' id='word_1_282' title='bbox 495 5020 546 5073; x_wconf 62' lang='lat' dir='ltr'>rati.</span> 
     </span>
    </p>
   </div>
   <div class='ocr_carea' id='block_1_6' title="bbox 0 0 1884 6228">
    <p class='ocr_par' dir='ltr' id='par_1_15' title="bbox 0 0 1884 6228">
     <span class='ocr_line' id='line_1_40' title="bbox 0 0 1884 6228; baseline 0 0"><span class='ocrx_word' id='word_1_283' title='bbox 0 0 1884 6228; x_wconf 95' lang='lat' dir='ltr'> </span> 
     </span>
    </p>
   </div>
  </div>
 </body>
</html>
