3709 6234
862 874 947 927 NERO
1491 874 1543 929 467

304 1015 455 1078 teneret?
475 1037 491 1077 11
512 1053 555 1062 -
580 1015 629 1090 13,
647 1014 700 1080 50.
719 1015 846 1080 Eodem
872 1039 962 1081 anno
986 1015 1112 1081 crebris
1127 1017 1243 1105 populi
1259 1018 1540 1104 flagitationibus,

304 1119 554 1187 immodestiam
570 1121 827 1210 publicanorum
847 1124 1033 1210 arguentis,
1052 1123 1221 1190 dubitavit
1239 1125 1341 1204 Nero,
1364 1150 1406 1191 an
1422 1136 1542 1193 cuncta

303 1227 483 1316 vectigalia
498 1229 609 1296 omitti
622 1228 762 1297 iuberet.
785 1270 821 1281 —
842 1232 892 1310 13,
911 1233 964 1298 52.
983 1231 1071 1297 Reos
1092 1256 1132 1297 ex
1145 1233 1319 1321 provincia
1334 1233 1462 1315 Alrica,
1485 1236 1541 1324 qui

304 1336 545 1424 proconsulare
561 1338 739 1426 imperium
760 1339 829 1404 illic
843 1337 1042 1419 habuerant,
1060 1339 1248 1428 Sulpicium
1265 1341 1484 1407 Carrrcrinurn
1508 1350 1541 1408 et

304 1443 503 1534 Pompeium
519 1446 696 1510 Silvanum
711 1446 858 1512 absolvit
879 1446 1014 1512 Caesar.
1031 1486 1067 1496 —
1090 1449 1140 1520 13,
1159 1448 1212 1525 54.
1231 1448 1362 1513 Durius
1374 1450 1538 1515 Avitus...

302 1553 491 1619 minitando
505 1555 575 1619 vim
596 1555 797 1634 Romanam,
825 1554 891 1620 nisi
916 1554 1135 1620 abscederent
1157 1555 1254 1620 Frisii
1277 1564 1411 1622 veteres
1436 1558 1470 1621 in
1491 1557 1539 1623 lo·

303 1682 361 1725 cos
373 1669 431 1726 aut
445 1685 568 1727 novam
585 1662 698 1727 sedem
716 1685 734 1726 a
750 1662 893 1727 Caesare
908 1662 1143 1749 impetrarent,
1157 1662 1304 1752 perpulit
1314 1663 1486 1729 Verritum
1506 1675 1540 1730 et

301 1768 503 1855 Malorigem
517 1793 634 1858 preces
650 1770 831 1858 suscipere.
856 1770 1070 1858 Profectique
1084 1770 1242 1852 Romam,
1259 1771 1339 1835 dum
1361 1770 1437 1836 aliis
1452 1773 1541 1837 curis

303 1876 470 1942 intentum
487 1876 653 1943 Neronem
689 1878 950 1965 opperiuntur...
978 1877 1066 1942 Nero
1093 1878 1229 1943 civitate
1250 1878 1401 1943 llomana
1424 1878 1541 1944 ambos

301 1981 452 2066 donavit,
482 1985 610 2050 Frisios
638 1985 799 2050 decedere
832 1986 923 2072 agris
939 1984 1049 2050 iussit.
1065 2023 1109 2034 -
1133 1988 1182 2066 14,
1211 2010 1237 2051 1.
1258 1982 1322 2050 1)111
1338 1986 1539 2052 meditatum

301 2092 413 2157 scelus
428 2115 496 2157 non
511 2093 601 2158 ultra
616 2093 704 2157 Nero
719 2092 864 2160 distulit.
884 2100 1052 2157 vetustate
1068 2093 1199 2181 imperii
1219 2093 1340 2159 coalita
1354 2094 1493 2158 audacia
1508 2102 1541 2160 et

301 2197 498 2285 flagrantior
519 2201 553 2265 in
578 2200 650 2265 dies
672 2222 785 2264 amore
822 2200 1010 2288 Poppaeae,
1042 2223 1127 2287 quae
1158 2200 1221 2264 sibi
1238 2202 1491 2266 matrimonium
1507 2210 1542 2267 ct

300 2303 480 2370 discidium
495 2308 655 2373 Octaviae
676 2307 837 2371 incolumi
858 2307 1047 2395 Agrippina
1063 2307 1151 2371 lraud
1168 2330 1350 2394 sperans...
1375 2347 1411 2357 -
1436 2311 1487 2385 14.
1506 2331 1536 2374 a.

300 2412 417 2479 Tradit
432 2414 573 2480 Cluvius
589 2415 708 2480 ardore
730 2414 924 2480 retinendae
949 2414 1176 2503 Agrippinam
1193 2416 1363 2502 potentiae
1379 2438 1418 2479 co
1432 2439 1539 2504 usque

300 2530 507 2609 provectam,
531 2531 568 2588 ut
583 2523 694 2587 medio
714 2522 793 2604 diei,
816 2546 894 2587 eum
914 2522 949 2586 id
972 2522 1131 2609 temporis
1155 2522 1243 2587 Nero
1273 2546 1332 2611 per
1357 2522 1474 2587 vinum
1506 2530 1540 2588 et

299 2628 416 2718 epulas
430 2629 659 2710 incalesceret,
678 2631 811 2695 offerret
827 2654 862 2694 se
878 2630 1012 2718 saepius
1029 2629 1212 2695 temulento
1226 2640 1450 2720 comptam..·,
1470 2633 1537 2697 im·

299 2737 504 2826 missamque
521 2740 554 2823 (a
568 2740 709 2826 Seneca)
724 2739 833 2804 Acten
858 2737 1027 2810 libertam,
1050 2762 1136 2825 quae
1151 2738 1252 2802 simul
1270 2762 1331 2803 suo
1346 2737 1539 2826 periculoet

298 2843 436 2909 infamia
452 2845 597 2910 Neronis
624 2846 722 2909 anxia
744 2846 888 2910 delerret
915 2845 1154 2934 pervulgatum
1187 2869 1260 2910 esse
1276 2846 1441 2911 incestum
1461 2848 1535 2935 glo-

298 2951 407 3018 riante
434 2961 583 3019 matre...
613 2953 737 3017 Fabius
772 2953 934 3018 llusticus
964 2976 1032 3018 non
1063 2953 1285 3040 Agrippinae,
1322 2954 1381 3019 sed
1410 2954 1535 3020 Neroni

298 3059 449 3148 cupitum
486 3060 520 3124 id
554 3069 760 3126 memorat...
799 3099 842 3111 —
872 3063 921 3141 14,
945 3060 976 3125 3.
1009 3061 1116 3148 lgitur
1145 3059 1233 3125 Nero
1253 3061 1360 3126 vitare
1387 3071 1535 3128 secretos

297 3167 534 3257 (Agrippinae)
561 3192 804 3256 congressus...
841 3169 1058 3234 Postremo...
1100 3168 1287 3233 interficere
1313 3171 1532 3235 constituit...

297 3273 431 3340 Obtulit
458 3276 631 3363 ingenium
664 3276 828 3340 Anicetus
854 3275 1009 3357 libertus,
1025 3276 1125 3340 classi
1146 3275 1235 3364 apud
1252 3275 1421 3341 Misenum
1437 3300 1534 3364 prae·

297 3381 404 3448 lectus
420 3391 453 3448 et
469 3385 629 3471 pueritiae
660 3382 804 3449 Neronis
831 3383 1001 3450 educator.
1026 3422 1066 3432 -
1087 3389 1137 3463 14,
1155 3386 1185 3460 4.
1206 3383 1275 3447 1331
1292 3383 1448 3470 pluribus
1463 3407 1533 3448 ser·

296 3490 465 3566 monibus,
501 3491 601 3556 modo
625 3491 853 3556 familiaritate
889 3490 1029 3555 iuvenili
1057 3490 1146 3554 Nero
1171 3498 1205 3555 et
1219 3513 1335 3554 rursus
1352 3489 1530 3566 adductus,

295 3598 393 3688 quasi
421 3600 505 3663 seria
534 3599 755 3668 consociaret.
788 3608 893 3664 tracto
922 3600 956 3663 in
970 3599 1110 3684 longum
1131 3599 1301 3678 convictu,
1318 3599 1534 3686 prosequitur

295 3705 475 3772 abeuntem
499 3707 844 3795 (13311313)...-14,
868 3730 898 3795 7.
922 3707 969 3771 At
987 3705 1110 3770 Neroni
1139 3706 1277 3771 nuntios
1301 3706 1424 3793 patrati
1446 3705 1531 3771 laci-

295 3814 387 3879 noris
397 3814 585 3902 opperienti
594 3813 901 3879 adferturevasisse
914 3813 1169 3902 (Agrippinam)
1182 3813 1249 3878 ictu
1261 3812 1328 3877 levi
1338 3813 1528 3879 sauciam...

294 3919 351 3987 An
379 3946 418 3987 eo
442 3922 645 3987 descensum
665 3921 847 3987 credebant
872 3920 1016 4008 (Seneca
1029 3921 1226 4006 etBurrus),
1246 3928 1294 3990 ut.
1312 3921 1377 3984 nisi
1392 3944 1530 4008 praeve·

293 4027 1530 4118 nireturAgrippina,pereundum{Neroniesset...Anicetus...nilrileune-

293 4144 383 4203 tatus
393 4138 501 4226 poscit
513 4160 679 4201 summam
692 4136 900 4201 scelerisAd
912 4159 985 4200 cam
996 4158 1111 4200 vocem
1127 4133 1215 4200 Nero
1231 4134 1289 4198 illo
1310 4134 1373 4199 sibi
1392 4135 1445 4200 dic
1457 4135 1528 4199 dari

293 4243 472 4333 imperium
496 4252 734 4333 auctoremque
766 4244 848 4309 tanti
877 4244 1026 4308 muneris
1055 4242 1213 4308 libertum
1246 4243 1463 4330 prolitetur...
1485 4281 1529 4293 -

295 4354 345 4434 14,
367 4376 400 4442 9.
423 4352 672 4439 Adspeneritne
694 4350 1352 4417 13111133131133131331Χ31ο3113131331
1378 4351 1528 4437 corporis

290 4459 361 4524 eius
381 4460 580 4528 laudaverit.
604 4468 683 4524 sunt
703 4461 760 4547 qui
783 4459 997 4530 tradiderint,
1017 4466 1097 4523 sunt
1116 4457 1174 4546 qui
1187 4456 1349 4522 abnuant.
1370 4457 1527 4522 Cremata

290 4574 342 4632 est
367 4575 465 4632 nocte
485 4567 601 4633 eadem
619 4567 787 4633 convivali
805 4566 891 4631 lecto
907 4575 941 4632 et
955 4566 1125 4654 exsequiis
1145 4564 1270 4629 vilibus
1284 4584 1291 4644 ;
1307 4587 1427 4652 neque,
1445 4565 1526 4629 dum

289 4673 379 4740 Nero
400 4699 509 4740 rerum
531 4674 733 4764 potiebatur,
752 4682 914 4760 congesta
939 4681 996 4739 aut
1017 4672 1132 4738 clausa
1147 4673 1311 4739 humus...
1327 4672 1526 4738 Consulenti

292 4781 528 4872 (Agrippinae)
545 4807 645 4870 super
660 4783 792 4847 Nerone
817 4782 1065 4870 responderunt
1085 4780 1245 4846 Chaldaei
1267 4781 1334 4844 forc
1354 4787 1391 4844 ut
1413 4779 1525 4868 impe-

292 4898 381 4956 raret
409 4900 617 4979 matremque
654 4891 832 4957 occideret.
868 4929 910 4940 —
944 4893 992 4966 14.
1028 4913 1076 4954 ro.
1100 4887 1198 4954 Seda
1220 4886 1363 4953 Caesare
1377 4886 1525 4975 perlecto

293 4997 428 5063 demum
443 4998 569 5063 scelere
590 4999 786 5086 magnitudo
802 4995 874 5063 eius
889 4996 1061 5062 intellecta
1076 5005 1138 5063 est.
1153 5033 1197 5047 -
1217 4998 1266 5080 14,
1288 5017 1336 5061 11.
1351 4995 1441 5082 Ergo
1456 5018 1524 5062 non
