3709 6234
287 869 340 925 396
864 867 1015 921 lVPPlTEll

331 1014 416 1081 mori
430 1013 589 1100 adigitur,
607 1010 684 1099 quia
710 1033 810 1098 super
835 1008 950 1076 Iuniae
975 1007 1121 1074 familiae
1165 1007 1402 1074 claritudinem
1442 1006 1567 1074 Divum

332 1123 528 1209 Augustum
547 1119 692 1185 abavum
713 1116 852 1184 ferebat.
878 1116 966 1182 lussi
990 1123 1204 1182 accusatores
1230 1114 1361 1181 obicere
1388 1114 1569 1203 prodigum

332 1228 625 1316 largitionibus...‚
652 1227 734 1316 quin
754 1249 830 1291 enm
850 1225 938 1290 inter
948 1224 1089 1290 libertos
1105 1224 1240 1305 habere,
1253 1247 1338 1312 qnos
1354 1222 1395 1287 ab
1409 1221 1568 1311 epistulis

331 1348 364 1405 et
379 1336 504 1403 libellis
528 1344 562 1402 ct
577 1334 763 1401 rationibus
783 1331 941 1421 appellet,
960 1333 1097 1396 nomina
1121 1356 1273 1398 summae
1288 1354 1387 1396 curae
1400 1339 1434 1396 et
1462 1329 1569 1396 medi-

332 1456 523 1512 tamenta...
542 1443 627 1509 Cum
642 1441 815 1506 damnatio
836 1440 990 1515 instaret,
1008 1438 1224 1506 brachiorum
1243 1463 1348 1504 venas
1374 1439 1567 1526 Torquatus

331 1552 530 1619 interscidit.
552 1587 587 1598 -
607 1548 656 1631 16,
679 1548 711 1612 8.
728 1547 842 1635 lpsum
860 1546 982 1611 debinc
1009 1546 1078 1634 (L.)
1096 1547 1249 1613 Silanum
1266 1546 1432 1636 increpuit
1447 1545 1568 1632 (Nero)

333 1662 450 1734 isdem,
485 1656 609 1747 quibus
635 1663 792 1743 patruum
821 1655 894 1719 cias
923 1655 1143 1743 Torquatum,
1184 1663 1356 1743 tamquam
1375 1654 1571 1742 disponeret

332 1769 397 1833 iam
422 1765 659 1854 imperiicuras
672 1763 934 1851 praeficeretque
951 1762 1137 1828 rationibus
1154 1771 1187 1829 et
1202 1761 1327 1828 libellis
1355 1771 1388 1828 et
1414 1761 1569 1849 epistulis

331 1873 483 1940 libertos.

288 1983 325 2047 L.
344 1979 524 2069 (IVNlVS)
539 1977 742 2059 SILANVS,
758 2001 791 2042 v.
816 1977 853 2043 L.
878 1978 1072 2045 SILANVS
1087 1978 1132 2064 (rt
1152 1986 1188 2061 ct?
1200 1979 1257 2063 B).

286 2090 332 2155 M.
355 2085 538 2173 (IVNIVS)
553 2084 758 2167 SnANVS,
777 2110 810 2151 v.
828 2086 877 2152 M.
893 2085 1086 2152 SlLANVS
1106 2089 1149 2171 (A
1172 2093 1206 2151 et
1229 2087 1284 2170 B).

285 2197 297 2222 ¹
319 2193 469 2260 IVNIVS
492 2192 814 2271 VERGlllAVVS,
841 2218 874 2259 v.
895 2194 1060 2260 IVNCVS
1074 2192 1400 2259 VERGILIANVS.

287 2302 438 2368 IVNIVS
453 2302 619 2390 (mensis).
643 2340 685 2350 -
702 2325 732 2379 2,
745 2304 799 2379 ιίι.
817 2303 849 2368 Α
874 2302 907 2367 d.
925 2301 986 2366 Vll
1017 2301 1180 2367 kalendas
1196 2300 1351 2367 lunias...
1369 2340 1413 2350 -
1438 2301 1488 2382 16,
1513 2325 1564 2368 ra.

333 2411 510 2476 Menses...
530 2407 641 2474 blaius
661 2409 807 2481 Claudii.
826 2409 963 2475 lunius¹
982 2409 1174 2475 Germanici
1207 2408 1402 2474 nominibus
1431 2417 1565 2475 mutan-

330 2525 395 2599 tur,
416 2517 616 2583 testificante
632 2517 790 2582 Cornelio
806 2516 956 2584 Orlito...
987 2518 1062 2582 ideo
1098 2517 1231 2582 lunium
1270 2540 1420 2582 mensem
1455 2524 1569 2583 trans·

330 2626 485 2702 missum,
499 2626 578 2714 quia
593 2626 659 2690 duo
673 2626 738 2691 iam
755 2626 957 2715 Torquati...
980 2626 1164 2691 infaustum
1181 2649 1304 2691 nomen
1322 2625 1455 2691 lunium
1469 2623 1569 2690 fecis·

333 2742 419 2799 sent..
434 2772 476 2783 -
501 2735 545 2798 Α.
564 2736 617 2810 ll.
633 2732 748 2798 Idibus
767 2733 883 2801 Iuniis.

288 2841 409 2907 IVNO.
426 2878 470 2892 -
495 2844 526 2920 ά,
551 2844 598 2918 nl.
618 2841 650 2906 ls
675 2864 808 2931 quoquc
829 2865 939 2906 annus
953 2841 1141 2929 legationes
1157 2843 1360 2906 Graecarum
1380 2838 1569 2907 civitatium

331 2948 459 3028 habuit,
482 2949 606 3014 Samiis
627 2949 806 3015 lunonis...
825 2948 966 3014 delubro
992 2957 1164 3015 vetustum
1186 2949 1273 3037 asyli
1292 2950 1344 3013 ius
1357 2955 1396 3014 ut
1411 2948 1568 3013 firmare-

330 3068 385 3123 tur
409 3056 615 3145 petentibus.
640 3095 677 3105 -
698 3057 747 3134 15,
771 3058 824 3133 ll·
843 3056 941 3144 [Post
969 3057 1161 3123 incendium
1183 3056 1326 3121 Neronis
1345 3079 1387 3121 ex
1416 3054 1569 3122 Sibullae

330 3164 438 3252 libris)
460 3164 638 3252 propitiata
661 3162 744 3229 luno
755 3186 814 3251 per
831 3170 1015 3236 matronas.
1031 3165 1176 3252 primum
1194 3164 1227 3228 in
1249 3162 1427 3251 Capitolio,
1446 3162 1569 3228 deinde

330 3272 418 3361 apud
439 3272 629 3359 proximum
650 3295 753 3346 marc,
771 3270 860 3336 unde
881 3272 1000 3337 hausta
1016 3295 1103 3360 aqua
1115 3271 1279 3359 templum
1296 3278 1329 3336 et
1349 3269 1569 3335 simulacrum

330 3381 410 3446 deae
427 3403 640 3467 perspersum
656 3388 718 3445 cst.
735 3417 779 3429 -
802 3379 827 3459 l,
842 3380 894 3443 86.
915 3380 1073 3466 Prodigia
1095 3381 1231 3467 insuper
1246 3378 1472 3456 terrebant...,
1491 3401 1568 3443 cru-

329 3490 418 3577 pisse
432 3486 516 3552 cella
533 3486 670 3551 lunonis
687 3487 845 3551 maiorem
873 3487 1019 3551 bumana
1035 3487 1222 3573 speciem...
1248 3526 1287 3536 -
1303 3487 1359 3563 IV,
1377 3486 1430 3551 53.
1450 3486 1569 3550 llelvi-

329 3596 405 3660 dius
428 3596 562 3660 Priscus
578 3603 754 3682 praetor...
772 3592 898 3670 lovem,
921 3594 1098 3673 lunonem,
1122 3594 1310 3659 Minervam
1327 3593 1568 3683 praesidesque

328 3703 458 3791 imperii
479 3702 560 3767 deos
581 3710 736 3790 precatus
757 3702 848 3789 (eum
863 3702 1024 3767 lustraret
1044 3725 1155 3766 aream
1173 3702 1360 3789 Capitolii).

286 3811 330 3876 IV
335 3811 508 3877 Pl'l'l'lill.
527 3848 564 3859 -
587 3834 614 3886 1,
633 3809 686 3897 73.
705 3808 885 3895 (Tiberius)
910 3811 1046 3897 scripsit
1075 3809 1314 3875 consulibus...
1333 3808 1569 3874 iusiurandum

328 3918 465 4006 perinde
479 3917 726 3982 aestimandum
744 3940 843 4005 quam
869 3918 898 3980 si
919 3917 1030 3983 lovem
1048 3917 1243 3982 fefellisset:
1262 3918 1401 3983 deorum
1429 3917 1570 3981 iniurias

329 4026 381 4090 dis
403 4050 512 4090 carae.
536 4062 570 4072 —
602 4051 633 4098 2,
671 4050 723 4089 22.
754 4024 1004 4110 (Germanicus)
1032 4026 1223 4113 congeriem
1249 4049 1418 4090 armorum
1445 4025 1571 4091 struxit

329 4133 473 4220 superbo
497 4156 571 4196 cnm
589 4132 745 4207 titulo...,
761 4133 988 4199 exercitum...
1007 4157 1043 4197 ea
1055 4137 1262 4199 monimenta
1282 4133 1384 4214 blarti
1401 4141 1434 4198 et
1449 4132 1520 4197 lovi
1535 4140 1569 4199 et

329 4242 486 4328 Augusto
507 4241 707 4304 sacravisse.
731 4279 764 4288 -
785 4265 815 4318 2,
836 4241 888 4303 32.
911 4242 1007 4306 Dona
1023 4241 1105 4318 lovi,
1126 4241 1239 4323 Marti,
1259 4241 1510 4316 Concordiae..
1528 4241 1567 4308 L.

330 4349 408 4413 Piso
432 4357 464 4413 et
486 4347 605 4411 Gallus
627 4348 767 4412 Asinius
791 4355 824 4412 ct
846 4349 971 4437 l'apius
988 4348 1128 4413 llutilns
1145 4359 1178 4415 et
1201 4352 1237 4414 L.
1260 4350 1432 4439 Apronius
1448 4349 1570 4414 decre-

327 4479 405 4521 vere
419 4455 473 4542 lob
489 4464 630 4519 mortem
647 4454 784 4519 Libonis
810 4456 937 4542 Drusi).
952 4495 997 4507 -
1010 4457 1041 4537 3,
1060 4458 1112 4523 61.
1132 4458 1310 4546 Ephesii...
1343 4465 1570 4523 memorantes

328 4589 401 4628 csso
422 4563 511 4650 apud
528 4586 605 4628 se...
628 4561 741 4627 lucum
772 4565 992 4652 Ortygiam...
1020 4573 1120 4654 atquc
1147 4567 1257 4653 ipsum
1280 4565 1348 4630 illie
1374 4564 1570 4653 Apollinem

332 4680 407 4760 post
429 4670 625 4735 interfectos
642 4670 810 4758 Cyclopas
828 4670 916 4735 loris
931 4674 1014 4736 iram
1030 4674 1202 4740 vitavisse..
1219 4713 1261 4722 -
1278 4674 1309 4751 3,
1328 4673 1380 4739 62.
1396 4673 1567 4742 Civitas„·

326 4779 629 4845 Stratonicensium
655 4778 743 4842 lovis
768 4787 802 4844 et
824 4780 957 4845 Triviae
984 4780 1181 4868 religionem
1199 4782 1425 4868 (tuellatnrl...
1451 4779 1569 4870 Cyprii

1563 5053 1683 5253 4

314 5001 321 5037 ¹
341 5000 447 5066 Lipsius
462 5017 467 5050 :
486 5000 583 5048 Iulius.
600 5015 652 5047 non
671 5000 811 5049 intellecto
828 4999 1020 5055 transmissum
1037 5002 1076 5052 (in
1091 5017 1185 5052 nonren
1203 5002 1381 5058 Germanici).

1407 5405 1501 5476 f
