3709 6234
353 846 406 898 326
887 848 1096 901 obnubilans

396 1013 577 1081 qnernquc,
599 989 745 1055 maxime
774 990 807 1056 in
835 991 976 1056 comites
991 998 1025 1057 et
1051 990 1177 1055 amicos
1200 987 1394 1056 Germanioi
1418 989 1581 1058 saevisse.
1598 1030 1643 1043 -

400 1101 430 1174 3,
460 1102 507 1177 nl.
535 1099 776 1184 (Accusatores
805 1097 1059 1187 asseverabant)
1088 1099 1122 1163 in
1149 1098 1307 1164 convivio
1330 1099 1537 1178 Germanici,
1563 1124 1642 1166 cum

399 1230 499 1295 super
528 1230 606 1272 eum
638 1207 717 1270 l'iso
751 1206 992 1284 discumberet,
1024 1206 1167 1272 inlectos
1197 1206 1353 1272 manibus
1389 1208 1460 1272 eius
1502 1207 1641 1277 cibos...

398 1314 595 1379 Absurdum
611 1313 790 1379 videbatur
806 1315 893 1379 inter
915 1314 1025 1379 aliena
1045 1315 1183 1380 servitia
1202 1320 1236 1379 ct
1256 1321 1307 1380 tot
1321 1313 1527 1380 adstant-ium
1549 1316 1640 1392 visu.

398 1425 470 1510 ipso
495 1422 697 1487 Germanico
711 1445 836 1500 coram,
855 1423 889 1486 id
904 1446 1067 1491 ausum...
1090 1421 1222 1487 ludices
1239 1445 1298 1510 per
1318 1421 1453 1487 diversa
1468 1423 1641 1510 implaca-

398 1530 483 1596 biles
499 1539 650 1609 crant...,
670 1538 807 1595 senatus
827 1554 1014 1619 numquam
1033 1531 1116 1596 satis
1131 1529 1260 1596 credito
1277 1530 1349 1595 sine
1364 1529 1482 1599 fraude
1501 1531 1643 1596 Germa·

399 1638 511 1703 nicum
545 1638 714 1703 interisse.
744 1677 787 1687 -
817 1638 848 1718 3,
883 1638 933 1704 16.
967 1638 1095 1705 Audire
1131 1661 1183 1703 mc
1217 1638 1356 1706 memini
1382 1661 1424 1704 ex
1449 1637 1643 1705 senioribus

398 1747 508 1811 visum
540 1745 673 1834 saepius
708 1746 794 1811 inter
824 1769 946 1811 manus
984 1746 1118 1811 Pisonis
1156 1744 1368 1824 libellum...,
1403 1748 1529 1812 amicos
1570 1748 1643 1814 cius

398 1854 607 1919 dictitavisse
629 1853 760 1919 litteras
776 1852 899 1920 Tiberii
915 1863 948 1920 ct
964 1854 1122 1920 mandata
1142 1854 1177 1919 in
1193 1854 1434 1924 Germanicum
1457 1855 1640 1922 contineri.

399 2001 442 2011 —
472 1962 575 2049 3,17.
607 1961 659 2050 (ln
685 1962 830 2048 Liviam)
860 1962 979 2049 optimi
1010 1962 1173 2050 cuiusque
1200 1963 1319 2027 secreti
1351 1970 1492 2051 questus
1530 1965 1644 2052 magis

400 2069 664 2137 ardescebant...
684 2090 691 2135 τ
715 2069 806 2158 quod
833 2093 892 2158 pro
921 2070 1080 2135 omnibus
1100 2069 1231 2135 civibus
1258 2069 1350 2156 leges
1367 2070 1556 2150 obtineant,
1582 2073 1643 2138 uni

397 2178 596 2243 Germanico
631 2201 698 2243 non
727 2177 928 2264 contigisse3
955 2177 1083 2243 Vitellii
1122 2185 1156 2243 ct
1183 2178 1318 2243 Veranii
1356 2201 1439 2243 voce
1472 2178 1636 2268 delletum

400 2285 620 2353 Caesarem...
637 2325 681 2335 -
707 2286 738 2367 3,
766 2290 814 2351 ι8.
837 2284 1028 2352 Addiderat
1040 2285 1246 2352 Messalinus
1259 2286 1391 2351 Tiberio
1412 2293 1445 2352 et
1464 2287 1643 2372 Augustae

399 2402 432 2460 ct
456 2394 625 2459 Antoniae
647 2402 681 2459 et
709 2393 917 2481 Agrippinae
950 2394 1129 2482 Drusoque
1155 2393 1197 2459 ob
1229 2394 1414 2459 vindictam
1447 2394 1642 2460 Germanici

398 2511 512 2590 grates
540 2501 731 2588 agendas...
758 2540 801 2550 -
822 2502 853 2579 3,
881 2525 930 2588 ις).
959 2501 991 2565 ls
1019 2502 1095 2566 linis
1124 2502 1187 2568 suit
1217 2501 1410 2567 ulciscenda
1445 2502 1642 2567 Germanici

400 2617 518 2690 morte,
548 2633 614 2674 non
640 2608 740 2673 modo
767 2608 859 2696 apud
885 2608 963 2673 illos
983 2609 1146 2690 homines,
1170 2610 1228 2698 qui
1258 2617 1329 2675 tum
1350 2607 1510 2697 agebant,
1538 2610 1643 2677 ctiam

402 2718 527 2783 secutis
556 2716 765 2806 temporibus
799 2716 891 2781 vario
920 2740 1053 2782 rumore
1085 2718 1220 2783 iactata.
1252 2757 1296 2768 -
1329 2716 1361 2788 3.
1385 2741 1437 2806 29.
1471 2717 1537 2783 Per
1552 2718 1641 2785 idem

400 2833 534 2913 tompus
566 2824 746 2911 (Tiberius)
770 2824 939 2899 Neronem
961 2848 979 2889 e
1000 2824 1115 2889 liberis
1141 2825 1334 2890 Germanici
1360 2825 1427 2889 iam
1449 2825 1641 2912 ingressum

399 2934 572 2999 iuventam
590 2932 841 2998 commendavit
865 2932 1059 3020 patribus...
1084 2932 1181 2998 Plebi
1215 2932 1397 2998 admodum
1414 2932 1534 3012 laetae,
1549 2935 1642 3021 quod

401 3041 594 3105 Germanici
614 3041 754 3127 stirpem
771 3041 835 3104 iam
852 3039 1014 3128 puberem
1031 3039 1250 3128 adspiciebat.
1281 3079 1322 3091 -
1349 3039 1381 3121 3,
1406 3041 1458 3104 31.
1482 3039 1643 3129 Sequitur

400 3148 524 3213 'liberii
553 3156 706 3237 quartus,
738 3147 839 3214 Drusi
874 3146 1043 3212 sccundus
1076 3147 1272 3213 consulatus
1302 3147 1408 3234 patris
1440 3156 1542 3235 atque
1581 3148 1642 3215 lilii

400 3256 543 3343 collegio
557 3256 712 3342 insignis,
736 3252 821 3319 Nam
838 3256 984 3320 triennio
1000 3262 1076 3320 ante
1091 3255 1283 3320 Germanici
1300 3278 1377 3320 cunr
1401 3254 1534 3319 Tiberio
1552 3254 1642 3322 idem

401 3365 507 3429 bonor
531 3387 640 3450 neque
661 3370 781 3450 patruo
803 3362 914 3427 laetus
943 3386 1052 3450 neque
1069 3370 1187 3427 natura
1205 3372 1271 3427 tam
1289 3386 1438 3427 conexus
1462 3362 1581 3428 luerat.
1602 3402 1644 3414 -

402 3473 432 3544 3,
451 3475 505 3550 Aa.
533 3471 668 3559 (Florus
697 3480 729 3535 el
757 3471 914 3534 Sacrovir
944 3469 1033 3557 apud
1061 3469 1178 3533 Gallos
1204 3469 1430 3556 disserebant)
1453 3470 1645 3535 discordare

401 3580 541 3646 militem
559 3578 773 3667 (llornarmml
791 3578 905 3642 audito
923 3577 1116 3642 Germanici
1132 3577 1247 3642 exilio.
1266 3617 1309 3625 —
1332 3577 1363 3658 3,
1379 3580 1434 3665 49.
1453 3576 1644 3643 Clutorium

402 3688 554 3753 l’riscum
571 3687 717 3775 equitem
741 3687 944 3762 llomanum,
960 3693 1036 3773 post
1057 3683 1186 3749 celebre
1199 3708 1346 3764 (arinen,
1365 3708 1432 3772 quo
1450 3685 1644 3750 Germanici

402 3819 556 3882 suprema
586 3795 780 3869 defleverat,
813 3794 954 3879 pecunia
977 3792 1137 3856 donatum
1167 3816 1184 3856 a
1221 3792 1427 3878 Hiberia)...
1456 3832 1499 3841 -
1530 3792 1561 3874 3,
1585 3792 1642 3857 56.

401 3902 554 3967 Tiberias
585 3904 732 3966 Drusum
768 3924 919 3965 summae
943 3901 989 3964 rei
1029 3899 1178 3964 admovit
1215 3900 1410 3986 (potcstatis
1446 3899 1645 3965 tribuniciae

402 4012 620 4097 conlatione),
647 4033 724 4073 cum
745 4009 904 4072 incolumi
926 4008 1128 4072 Germanico
1153 4008 1322 4094 integrum
1342 4007 1429 4071 inter
1450 4007 1534 4070 duos
1550 4006 1644 4071 iudi-

402 4121 490 4185 cium
529 4117 705 4185 tenuisset.
752 4155 794 4164 -
828 4118 860 4193 A.
903 4140 930 4182 ι.
964 4115 1156 4179 Germanici
1186 4103 1329 4179 mortem
1365 4115 1452 4180 inter
1484 4137 1644 4203 prospera

401 4227 545 4292 (lucebat
571 4225 764 4310 (Tiberius).
783 4262 826 4273 —
847 4225 877 4300 d,
901 4222 931 4291 3.
964 4222 1112 4310 (Seiano)
1138 4223 1430 4311 promptissimum
1458 4223 1568 4287 visum
1601 4221 1644 4287 ad

400 4358 539 4401 uxorem
567 4331 697 4420 (Drusi)
734 4331 864 4395 Liviam
885 4338 1093 4406 convertere,
1116 4353 1200 4419 qaae
1230 4353 1325 4393 soror
1345 4330 1578 4396 Germanici...
1600 4368 1645 4381 -

403 4447 469 4520 ,Μ
501 4441 593 4506 Anni
609 4439 774 4528 principio
795 4440 925 4504 Drusus
946 4461 988 4502 ex
1011 4438 1203 4502 Germanici
1231 4435 1346 4501 liberis
1373 4443 1485 4524 togam
1511 4437 1645 4502 virilem

402 4551 558 4638 sumpsit,
581 4571 734 4637 quaeque
748 4546 841 4611 lratri
858 4547 930 4610 cius
946 4546 1072 4610 Neroni
1092 4545 1288 4610 decreverat
1315 4552 1465 4621 senatuS,
1489 4545 1642 4631 repetita.

402 4699 444 4708 —
461 4660 492 4734 d,
510 4661 542 4722 8.
561 4656 743 4742 (Defuncto
761 4656 870 4719 Druso
887 4653 1041 4718 Tiberius
1058 4654 1090 4717 in
1105 4654 1252 4740 senatu),
1271 4660 1309 4717 ut
1323 4652 1514 4716 Germanici
1532 4651 1642 4726 liberi,

400 4767 497 4832 unica
517 4765 744 4852 praesentium
761 4762 928 4828 malorum
947 4762 1149 4836 levamenta,
1173 4761 1424 4840 inducerentur,
1448 4760 1581 4847 petivit.
1600 4798 1643 4808 —

402 4879 434 4953 ά,
456 4901 487 4962 q.
507 4872 690 4938 blcmoriae
707 4873 806 4936 Drusi
823 4871 954 4948 cadem,
973 4893 1057 4959 quae
1076 4870 1109 4933 in
1130 4869 1383 4948 Germanicum,
1402 4868 1641 4938 decernuntur.

402 4982 571 5082 plerisque
600 4980 736 5048 additis.
768 4987 805 5045 ul
835 4980 938 5044 lermc
966 4986 1056 5043 amat
1085 4976 1251 5073 posterior
1279 4976 1441 5041 adulatio.
1470 5013 1510 5023 —
1532 4977 1564 5051 d.
1592 4999 1642 5052 ια,
