3709 6234
201 439 255 496 288
783 444 884 501 ltslt’s

246 584 394 672 genitus.
416 586 450 649 in
466 586 688 652 contubernio
704 587 878 674 legionum
899 588 1053 666 eductus,
1071 611 1171 677 quem
1200 587 1338 652 militari
1376 611 1482 653 voea-

247 692 328 756 bulo
353 692 542 780 Caligulam
572 693 801 783 adpellabant,
845 697 923 785 quia
967 695 1165 784 plerumque
1198 695 1240 760 ad
1273 694 1484 761 concilianda

246 799 340 887 vulgi
357 800 469 866 studia
485 825 524 866 eo
546 802 693 887 tegmine
707 802 830 889 pedum
847 802 1063 869 induebatur.
1077 840 1122 853 -
1146 827 1173 877 r,
1190 802 1245 890 69.
1262 829 1278 864 a
1295 801 1483 891 Tamquam

246 931 365 995 parum
381 908 558 974 ambitiose
576 909 682 974 lilium
704 908 800 974 ducis
817 909 947 998 gregali
968 910 1086 976 habitu
1116 907 1330 976 circumierat
1359 908 1484 976 Caesa-

245 1038 385 1105 remque
403 1016 594 1100 Caligulam
614 1016 777 1105 appellari
794 1017 875 1083 velit
892 1017 1110 1106 (Agrippina)
1132 1043 1147 1081 n
1176 1021 1263 1095 -rt,
1280 1041 1336 1107 7¹·
1349 1015 1485 1084 Avebat

245 1123 419 1189 animus...
439 1125 596 1190 statim...
621 1148 807 1190 uremnrare
823 1126 948 1204 exitus,
965 1148 1051 1213 quos
1068 1125 1222 1191 Latinius
1235 1131 1338 1213 atque
1356 1124 1483 1214 Opsius

244 1232 414 1320 ceterique
437 1232 553 1317 llagitii
572 1232 645 1296 eius
677 1240 865 1320 repertores
890 1231 1048 1303 habuere.
1071 1256 1139 1297 non
1171 1232 1271 1297 modo
1300 1241 1482 1322 postquam

246 1339 283 1404 C.
313 1337 438 1404 Caesar
471 1362 581 1403 rerum
620 1339 748 1425 potstas
772 1346 836 1416 est,
860 1339 918 1404 sed
946 1338 1109 1404 ineolumi
1152 1338 1297 1405 Tiberio.
1326 1377 1372 1390 —
1399 1337 1479 1422 5,r.

245 1446 370 1533 (Livia)
385 1445 521 1511 laudata
536 1453 587 1510 est
603 1470 662 1533 pro
678 1447 797 1511 rostris
813 1447 883 1513 aC.
914 1446 1059 1511 Caesare
1086 1453 1284 1534 pronepote,
1315 1445 1374 1536 qui
1403 1469 1483 1511 mox

244 1576 357 1618 rerum
373 1554 500 1641 potitus
514 1561 577 1618 est.
596 1593 637 1602 -
653 1552 685 1630 6,
699 1555 729 1618 :a
750 1552 861 1618 lsdem
878 1553 1001 1619 litteris
1030 1554 1154 1619 Caesar
1182 1552 1337 1618 Sextium
1377 1551 1483 1620 Paeo·

245 1662 382 1726 nianum
399 1661 552 1749 pereutit.
576 1714 582 1727 .
607 1660 819 1727 delectum...
843 1660 886 1725 ab
914 1660 1050 1741 Seiana,
1085 1661 1181 1726 euius
1207 1683 1271 1749 ope
1311 1659 1413 1727 dolus
1440 1659 1480 1727 C.

244 1769 379 1835 Caesari
395 1776 581 1856 pararetur.
609 1807 639 1816 -
660 1769 693 1842 a,
713 1770 744 1833 5.
763 1769 864 1833 Cotta
885 1767 1134 1834 Messalinus...
1153 1768 1306 1855 arguitur
1320 1765 1483 1858 pleraque

245 1875 279 1941 in
295 1876 333 1942 C.
354 1877 360 1915 ¹
384 1876 563 1941 Caesarem
578 1876 675 1963 quasi
691 1876 837 1940 incestae
850 1874 1064 1946 virilitatis...
1082 1874 1223 1943 dixisse.
1238 1913 1273 1926 -
1289 1873 1322 1955 6,
1335 1899 1368 1963 9.
1379 1875 1482 1942 Secu·

243 1992 296 2049 tae
316 1983 437 2048 dehinc
454 1983 578 2048 Tiberii
600 1983 734 2048 litterae
755 1984 788 2048 in
810 1985 889 2047 Sex.
909 1982 1125 2049 Vistilium...
1149 1982 1259 2048 Causa
1286 1981 1483 2048 ollensiouis

244 2091 378 2156 Vistilio
396 2091 469 2159 luit.
486 2114 545 2155 sen
564 2099 800 2178 composuerat
816 2090 983 2179 quaedam
1000 2090 1033 2155 in
1049 2089 1090 2156 C.
1108 2091 1288 2156 Caesarem
1303 2097 1342 2156 ut
1370 2089 1482 2180 impu·

244 2197 369 2268 dicum.
388 2199 459 2263 sive
475 2199 553 2263 licto
569 2196 682 2262 habita
699 2197 793 2262 tides.
809 2237 849 2246 -
865 2197 897 2275 a,
917 2220 959 2261 20
989 2196 1060 2262 Sub
1080 2197 1169 2263 idem
1185 2205 1319 2286 tempus
1337 2197 1377 2264 C.
1395 2197 1481 2266 Cae-

244 2328 310 2382 sar,
329 2304 516 2370 discedenti
533 2304 680 2393 Capreas
701 2329 763 2369 avo
789 2327 913 2374 eomes.
951 2304 1126 2370 Claudiam
1158 2305 1205 2370 M.
1235 2303 1342 2372 Silani
1362 2305 1479 2376 liliam.

246 2413 404 2500 cainiugio
420 2413 560 2500 aceepit,
584 2412 767 2477 immanem
795 2412 945 2477 animum
973 2411 1117 2478 subdola
1150 2411 1316 2479 modestia
1348 2419 1479 2502 tegens,

243 2544 310 2584 non
333 2520 550 2586 damnatione
567 2520 695 2596 matris,
714 2544 781 2585 non
799 2521 902 2586 exitio
922 2520 1063 2585 fratrum
1097 2525 1194 2607 rupta
1221 2543 1346 2588 voce...
1383 2520 1479 2588 Vnde

243 2651 322 2693 mox
343 2629 464 2694 scitum
489 2627 639 2692 l'assieni
655 2627 798 2692 oratoris
823 2626 954 2693 dietum
982 2626 1201 2715 percrebruit,
1231 2650 1341 2717 neque
1360 2627 1477 2695 melio·

243 2760 314 2801 rem
345 2760 506 2826 umquam
538 2759 675 2799 servum
708 2758 817 2823 neque
841 2734 1041 2801 deteriorem
1071 2735 1249 2800 dominum
1282 2735 1398 2804 tuisse.
1436 2775 1476 2788 -

242 2843 275 2927 6,
293 2844 347 2912 32.
369 2845 422 2932 (L.
441 2843 613 2929 Vitellius)
630 2842 786 2929 regendis
804 2842 989 2929 provinciis
1009 2842 1118 2930 prisea
1139 2842 1264 2908 virtute
1277 2843 1359 2931 egit.
1383 2843 1479 2912 Vnde

242 2976 414 3040 regressus
428 2960 460 3017 et
475 2949 653 3016 formidine
674 2949 712 3016 C.
728 2951 895 3028 Caesaris,
919 2949 1147 3016 familiaritate
1160 2949 1295 3016 Claudii
1320 2956 1419 3040 turpe
1444 2952 1479 3018 in

242 3061 416 3126 servitium
433 3068 624 3124 mutatus...
644 3095 686 3106 -
702 3057 733 3138 a,
751 3057 804 3134 45.
822 3057 938 3148 Neque
973 3058 1063 3122 enim
1089 3057 1196 3123 multo
1227 3065 1305 3146 post
1329 3059 1480 3148 supremi

242 3168 375 3233 Tiberio
393 3166 605 3243 consules...,
630 3164 733 3229 nimia
753 3165 820 3229 iam
833 3165 986 3251 potentia
1002 3164 1186 3245 Macronis,
1203 3165 1262 3254 qui
1276 3166 1423 3254 gratiam
1438 3165 1478 3236 C.

243 3276 397 3341 Caesaris
415 3298 598 3363 numquam
619 3273 683 3337 sibi
702 3271 893 3358 neglectam
908 3273 1021 3337 aerius
1041 3272 1162 3338 indies
1184 3271 1333 3352 fovebat,
1363 3273 1481 3364 impu·

242 3383 393 3471 leratque
410 3390 643 3472 postmortem
669 3379 844 3455 Claudiae.
864 3403 965 3468 quam
982 3387 1123 3467 nuptam
1141 3380 1171 3444 ei
1185 3380 1312 3460 rettuli,
1339 3404 1479 3450 uxorem

243 3515 337 3555 suam
355 3489 498 3554 Enniam
517 3487 678 3553 imitando
694 3511 842 3552 atriorem
858 3489 1012 3552 iuvenem
1030 3487 1167 3552 inlicere
1181 3495 1347 3578 pactoque
1365 3489 1480 3556 matri·

243 3598 347 3662 monii
368 3594 608 3669 vincire,nil1il
639 3594 856 3672 abnuentem,
875 3593 956 3659 dum
979 3595 1222 3660 dominationis
1247 3595 1476 3683 apisceretur3

243 3728 333 3782 nam,
364 3705 426 3769 etsi
442 3711 630 3769 eommotus
645 3702 793 3788 ingenio,
809 3702 1064 3767 simulationum
1082 3709 1194 3767 tamen
1225 3702 1310 3768 falsa
1337 3704 1371 3770 in
1402 3705 1479 3772 sinu

242 3813 296 3879 avi
316 3811 551 3902 perdidicerat.
566 3851 607 3859 -
620 3812 651 3878 a.
674 3809 725 3886 tlt,
749 3810 787 3873 C.
807 3809 956 3884 Caesari,
980 3809 1065 3875 torte
1079 3819 1323 3877 ortosermone
1343 3811 1382 3879 l..
1404 3813 1481 3879 Sul·

243 3921 310 3985 lam
327 3919 498 3997 inridenti,
519 3917 630 3982 onmia
669 3916 784 3982 Sullae
810 3916 890 3982 vitia
920 3925 955 3982 et
976 3917 1105 3982 nullam
1139 3917 1292 3984 eiusdem
1320 3919 1481 3988 virtutem

242 4020 435 4094 habiturum
474 4025 641 4114 praedixit
661 4024 853 4109 (Tiberius).
887 4064 930 4074 —
954 4023 1058 4101 6..l8.
1093 4025 1321 4094 Arruntius...
1349 4028 1479 4112 amieis,

301 4133 475 4223 respondit
496 4131 559 4197 sibi
584 4134 667 4197 satis
683 4133 845 4198 aetatis...
870 4133 936 4210 bn,
960 4155 1037 4196 cum
1058 4131 1211 4196 Tiberius
1246 4141 1323 4221 post
1349 4143 1481 4202 tantam

242 4266 354 4309 rerum
370 4240 611 4330 experientiam
628 4240 660 4304 ri
686 4239 928 4304 dominationis
953 4239 1137 4304 convulsus
1171 4247 1204 4305 et
1241 4248 1393 4308 mutatus
1420 4245 1476 4326 sit,

243 4353 281 4418 C.
301 4351 480 4416 Caesarem
497 4348 553 4412 rix
567 4348 660 4413 linita
680 4348 836 4435 pueritia,
871 4348 1026 4435 ignarum
1055 4347 1206 4414 omnium
1235 4356 1292 4416 aut
1320 4351 1479 4439 pessimis

230 4585 236 4618 ¹
255 4584 411 4648 Nipperdey
429 4587 491 4646 post
505 4582 729 4632 Freinslieimium
745 4597 750 4630 ι
769 4582 871 4632 Gaiana.
