3709 6234
854 866 943 936 orno
1483 877 1532 935 sot

299 1020 423 1085 Pisone
451 1021 601 1086 occisum
625 1021 800 1086 incastris
827 1022 996 1087 Othonem
1025 1045 1132 1109 vagus
1165 1022 1313 1111 primum
1334 1030 1368 1088 et
1387 1024 1536 1088 incertus

297 1150 452 1194 rumor...
475 1129 559 1208 -Ι,
578 1127 632 1195 35.
657 1127 787 1194 Obvius
810 1130 843 1193 in
874 1129 1004 1194 Palatio
1037 1127 1142 1194 lulius
1171 1129 1309 1195 Atticus
1330 1129 1532 1218 speculator.

297 1242 475 1299 cruentum
490 1234 643 1322 gladium
667 1243 856 1310 ostentans,
872 1236 1019 1300 occisum
1043 1260 1061 1301 a
1079 1260 1114 1300 se
1132 1234 1301 1301 Othonem
1317 1236 1532 1302 exclamavit.

296 1380 338 1390 —
354 1342 378 1408 l.
404 1340 458 1406 36.
474 1342 632 1429 (Milites)
654 1343 689 1407 in
713 1351 888 1430 suggestu,
910 1344 945 1407 in
965 1366 1032 1431 quo
1051 1342 1152 1431 paulo
1175 1352 1253 1408 ante
1281 1367 1382 1409 aurea
1407 1342 1535 1408 Galbae

296 1455 408 1513 statua
438 1448 559 1518 luerat.
602 1449 750 1514 medium
779 1451 867 1514 inter
892 1449 989 1536 signa
1024 1450 1193 1515 Othonem
1214 1448 1349 1515 vexillis
1377 1450 1535 1536 (circum-

295 1555 435 1640 dant)...
455 1556 523 1621 Nec
538 1556 654 1622 deerat
670 1539 972 1644 Othoprotendens
987 1581 1108 1622 manus
1123 1556 1262 1621 adorare
1278 1555 1413 1643 vulgus
1427 1557 1534 1623 iacere

296 1662 453 1731 oscula...
473 1700 513 1712 -
547 1663 573 1742 Ι,
601 1665 653 1752 39.
678 1665 837 1750 ¹igitasse
852 1663 1061 1750 (Cornelius)
1094 1664 1182 1729 Laco
1206 1663 1323 1750 ignaro
1348 1663 1455 1730 Galba
1494 1664 1534 1729 de

296 1769 481 1834 occidendo
496 1770 570 1836 'l'ito
588 1770 687 1835 Vinio
703 1770 839 1850 dicitur,
862 1772 933 1835 sive
957 1779 995 1835 ut
1017 1794 1126 1859 poena
1142 1772 1214 1836 eius
1239 1771 1372 1836 animos
1386 1771 1533 1836 militum

237 1871 242 1880 ’
296 1876 470 1956 mulceret,
485 1900 545 1942 seu
560 1878 734 1942 conscium
754 1877 899 1942 Othonis
914 1877 1116 1945 credebat...
1146 1876 1231 1957 -Ι,
1251 1880 1304 1954 do.
1330 1878 1457 1943 Othoni
1478 1887 1534 1943 ta-

296 2007 372 2049 men
389 1984 511 2049 armari
530 1984 661 2073 plebem
677 1984 918 2062 nuntiabatur3
937 1986 984 2049 ire
1003 1985 1205 2073 praecipites
1217 1994 1249 2049 et
1265 2008 1430 2072 occupare
1448 1986 1534 2073 peri-

295 2090 370 2156 cula
391 2091 496 2157 iubet.
515 2131 559 2140 -
582 2092 607 2160 Ι.
629 2094 684 2170 ἀι.
709 2092 756 2156 Εο
785 2093 882 2177 signo
916 2091 1095 2156 manifesta
1120 2093 1154 2156 in
1177 2092 1347 2157 Othonem
1382 2093 1533 2157 omnium

297 2197 442 2263 militum
459 2199 581 2266 studia.
594 2236 639 2249 -
659 2199 686 2276 Ι,
703 2201 758 2275 da.
783 2200 832 2263 lte
853 2199 943 2284 (Tito
963 2199 1118 2285 Vinio)...
1138 2198 1333 2286 ambigitur,
1351 2222 1533 2287 consump-

295 2306 419 2371 seritne
433 2329 550 2371 vocem
576 2307 647 2371 eius
677 2307 809 2371 instans
825 2314 948 2375 metus,
966 2329 1009 2370 an
1035 2306 1293 2394 proclamaverit
1315 2329 1382 2371 non
1401 2330 1476 2372 esse
1491 2307 1534 2371 ab
1553 2350 1555 2354 «

295 2413 429 2478 Othone
450 2414 647 2478 mandatum
668 2422 705 2477 ut.
718 2414 938 2479 occideretur.
955 2453 999 2462 -
1014 2414 1039 2492 Ι,
1056 2415 1110 2488 alt.
1130 2412 1238 2499 (Piso)
1264 2412 1393 2479 latebra
1424 2414 1533 2479 immi·

293 2544 378 2586 nens
397 2521 537 2585 exitium
558 2520 746 2590 dill'erehat.
762 2544 839 2585 cum
855 2520 1021 2586 advenere
1043 2521 1149 2585 missu
1165 2519 1310 2586 Othonis
1332 2521 1532 2589 nominatim

293 2629 326 2692 in
343 2628 479 2693 eaedem
496 2628 568 2693 eius
588 2629 779 2694 ardentis..
797 2666 841 2679 -
859 2629 883 2706 l,
902 2629 955 2705 Μ.
981 2627 1117 2692 Nullam
1142 2627 1277 2693 caedem
1299 2627 1387 2693 Otho
1408 2631 1533 2697 maiore

294 2734 420 2800 laetitia
433 2736 618 2822 excepisse,
635 2735 764 2800 nullum
782 2742 879 2823 caput
899 2743 968 2800 tam
990 2733 1238 2800 insatiabilibus
1262 2734 1369 2800 oeulis
1404 2737 1534 2823 perlus-

295 2852 402 2908 trasse
418 2841 554 2908 dicitur.
573 2881 614 2890 —
636 2843 661 2922 Ι,
684 2842 739 2920 45.
774 2843 890 2907 hlium
917 2842 1072 2908 crederes
1098 2850 1266 2921 senatum,
1294 2842 1398 2909 alium
1427 2868 1533 2933 popu·

295 2949 365 3015 lum
452 2951 625 3037 increpare
652 2949 855 3027 Galbam...¹
873 2949 1063 3015 exosculari
1079 2949 1224 3014 Othonis
1248 2972 1429 3017 manum...
1463 2952 1532 3018 Nec

294 3057 539 3144 aspernabatur
558 3057 714 3144 singulos
735 3058 837 3126 Otho.
868 3056 1007 3122 avidum
1023 3064 1056 3122 et
1085 3057 1250 3121 minacem
1279 3057 1424 3123 militum
1453 3060 1532 3124 ani-

292 3187 385 3229 mum
406 3164 661 3252 vocevultuque
679 3164 1048 3251 temperans...Othoni
1063 3165 1212 3228 nondum
1228 3166 1411 3231 auotoritas
1424 3165 1532 3232 inerat

292 3271 335 3335 ad
350 3270 596 3359 prohibendum
625 3272 751 3342 scelus:
788 3270 901 3336 iubere
931 3272 997 3335 iam
1025 3279 1168 3358 poterat.
1188 3271 1271 3350 -Ι,
1294 3271 1349 3348 46.
1374 3272 1530 3359 (Milites)

292 3379 448 3465 praetorii
464 3378 655 3466 praefectos
671 3378 734 3443 sibi
755 3379 819 3466 ipsi
839 3379 963 3465 legere,
989 3378 1138 3442 Plotium
1161 3379 1352 3444 Firmum...
1369 3379 1530 3445 incolumi

292 3485 399 3551 adhuc
435 3486 543 3550 (lalba
573 3493 685 3573 partes
719 3486 863 3550 Othonis
904 3493 1056 3551 secutum
1089 3506 1115 3560 ;v
1144 3485 1338 3571 adiungitur
1382 3486 1531 3552 Licinius

292 3592 466 3664 Proculus,
502 3594 620 3658 intima
646 3592 871 3657 familiaritate
902 3592 1046 3656 Othonis
1079 3600 1256 3679 suspectus
1284 3593 1424 3658 consilia
1458 3594 1530 3659 eius

291 3701 456 3766 fovisse...
477 3702 578 3768 Otho.
598 3725 638 3764 ne
654 3700 746 3783 vulgi
775 3699 954 3786 largitione
984 3700 1219 3764 centurionum
1244 3701 1376 3765 animos
1401 3710 1531 3767 averte·

291 3816 388 3876 teret.
414 3808 532 3872 liscum
566 3831 664 3872 suum
692 3808 886 3871 vacationes
912 3830 1043 3872 annuas
1069 3806 1303 3871 exsoluturum
1332 3809 1526 3896 promisit...

291 3915 379 3979 Laco
394 3916 626 4002 praelectus...
645 3914 686 3979 ab
700 3924 852 3985 evocato.
872 3913 1029 4002 quemad
1054 3913 1191 3978 caedem
1217 3915 1289 3979 eius
1319 3916 1408 3980 Otho
1435 3940 1529 4004 prae·

291 4022 440 4100 irriserat,
462 4023 652 4087 confossus.
666 4060 710 4071 —
737 4021 761 4092 Ι,
782 4024 834 4109 47.
852 4022 1050 4086 lteeernitur
1066 4021 1192 4086 Othoni
1214 4022 1392 4088 tribunicia
1407 4032 1528 4111 potes-

291 4137 341 4193 tas
357 4138 389 4193 et
404 4152 525 4193 nomen
543 4130 687 4215 Augusti
703 4137 862 4192 etomnes
878 4129 1067 4216 principum
1079 4129 1264 4196 honores...
1275 4129 1364 4196 Otho
1390 4140 1528 4197 cruento

290 4235 398 4300 adhue
416 4238 526 4317 loro...
546 4238 578 4299 in
596 4236 801 4323 Capitolium
816 4245 916 4324 atquo
932 4235 1009 4300 inde
1025 4237 1058 4300 in
1076 4235 1244 4302 Palatium
1260 4246 1378 4303 vectus
1389 4240 1526 4305 concedi

289 4369 427 4432 corpora
444 4346 636 4432 sepulturae
651 4346 860 4433 cremarique
874 4345 1038 4435 permisit.
1061 4381 1104 4393 —
1126 4345 1151 4416 l.
1175 4347 1228 4409 50.
1258 4346 1437 4434 Trepidam
1471 4372 1528 4413 ur-

291 4450 365 4516 bem
382 4477 418 4516 ae
435 4452 533 4516 simul
552 4453 763 4516 atrocitatem
773 4431 923 4517 'recentis
940 4452 1088 4524 sceleris,
1107 4452 1207 4516 simul
1225 4460 1355 4517 veteres
1382 4453 1528 4520 Othonis

290 4583 400 4624 mores
421 4568 642 4646 paventem...
661 4559 983 4646 NuncproOthone
1009 4581 1050 4623 an
1079 4582 1139 4645 pro
1170 4559 1306 4625 Vitellio
1331 4561 1362 4624 in
1401 4551 1534 4650 templa

291 4666 396 4729 ituros
412 4669 426 4729 ζ’
440 4702 483 4715 -
499 4665 523 4740 Ι,
542 4667 595 4742 tlt.
615 4665 779 4729 Nuntium
803 4665 844 4729 de
864 4665 966 4730 caede
993 4665 1120 4730 Galbae
1148 4676 1181 4731 et
1211 4667 1353 4754 imperio
1382 4668 1527 4734 Othonis

290 4772 415 4836 Fabius
445 4772 569 4836 l'alens
599 4773 632 4835 in
664 4772 800 4836 civitate
840 4773 1027 4837 Leucorum
1047 4774 1216 4860 accepit...
1235 4773 1343 4838 Gallis
1357 4777 1526 4841 cunetatio

289 4889 443 4965 exempta
460 4881 539 4944 etin
563 4880 731 4943 Othonem
747 4903 784 4944 ae
813 4879 990 4944 Vitellium
1010 4878 1125 4943 odium
1146 4904 1206 4967 par
1227 4901 1234 4948 :
1261 4905 1303 4945 ex
1333 4881 1469 4947 t'iteltio
1492 4891 1526 4948 et

290 4996 411 5053 metus.
428 5025 472 5036 —
494 4987 520 5060 Ι,
539 5012 591 5074 70.
618 4986 737 5051 Siliani
765 4987 966 5075 aequites)...
998 4987 1162 5053 instinctu
1191 4988 1423 5064 decurionum,
1451 4990 1521 5078 qui,
