3709 6234
802 873 976 925 alnelssvs
1474 869 1530 923 459

289 1010 428 1076 molitor
445 1010 625 1076 Narcissus
641 1012 972 1100 flagrantissimaque
998 1036 1037 1077 eo
1053 1013 1087 1077 in
1116 1020 1266 1100 tempore
1290 1013 1399 1099 gratia
1415 1013 1528 1078 Pallas

290 1120 474 1205 agitavere,
485 1142 565 1183 num
581 1119 798 1188 Messalinam
810 1120 948 1185 secretis
963 1119 1400 1208 minisdepellerentamore
1412 1120 1526 1186 Silii...

292 1227 377 1291 Dein
398 1234 531 1293 metu...
545 1226 850 1302 desistunt,Pallas
872 1279 908 1302 ..,
930 1227 1134 1294 Callistus..
1159 1227 1311 1292 Perstitit
1338 1226 1528 1308 Narcissus,

291 1333 403 1398 solum
415 1334 449 1398 id
469 1334 666 1412 immutans,
685 1359 725 1399 ne
746 1359 813 1424 quo
829 1359 984 1400 sermone
1000 1336 1184 1423 praesciam
1201 1336 1352 1400 criminis
1376 1344 1409 1400 et
1433 1358 1530 1400 accu-

291 1444 414 1507 satoris
439 1441 574 1507 faceret.
601 1468 711 1516 -ιι,
741 1444 793 1508 30,
815 1442 1012 1532 Calpurnia.
1036 1495 1042 1508 .
1066 1443 1209 1530 genibus
1232 1443 1386 1508 Caesaris
1409 1466 1528 1530 provo-

292 1545 364 1612 luta
381 1549 537 1635 nupsisse
551 1548 767 1612 Messalinam
780 1549 863 1613 Silio
880 1549 1050 1615 exclamat
1063 1571 1069 1629 ;
1087 1549 1188 1613 simul
1205 1549 1444 1636 Cleopatram..
1454 1600 1475 1627 .,
1488 1572 1529 1611 an

292 1656 514 1742 comperisset
529 1655 736 1743 interrogat:
760 1666 860 1743 atque
880 1656 939 1721 illa
956 1657 1125 1721 adnuente
1142 1657 1220 1721 cieri
1238 1656 1435 1720 Narcissum
1451 1678 1530 1742 pos-

293 1763 390 1829 tulat.
412 1763 444 1828 ls
471 1764 605 1828 veniam
631 1764 664 1827 in
688 1765 906 1851 praeteritum
937 1772 1150 1852 petens...-
1171 1788 1221 1843 ιι,
1240 1764 1280 1827 33
1307 1762 1527 1828 Narcissus...

292 1895 360 1937 non
380 1870 479 1935 aliam
497 1894 591 1956 spem
603 1871 845 1935 incolumitatis
862 1872 1016 1937 Caesaris
1031 1872 1197 1949 adfirmat,
1215 1894 1315 1958 quam
1332 1871 1360 1934 si
1374 1871 1425 1935 ius
1444 1870 1532 1934 mili·

297 1990 368 2045 tum
393 2002 460 2043 uno
475 1977 534 2041 illo
549 1977 603 2042 die
623 1979 657 2041 in
677 1977 823 2066 aliquem
854 1978 1050 2043 libertorum
1076 1979 1282 2054 transferret,
1300 2001 1402 2065 seque
1435 1978 1531 2043 offert

291 2094 537 2173 suscepturum.
575 2124 617 2133 -
657 2110 705 2161 ιι,
736 2087 789 2162 34.
833 2085 985 2150 instabat
1023 2086 1158 2174 quidem
1189 2085 1368 2149 Narcissus
1403 2086 1530 2171 aperire

293 2193 453 2280 ambages
468 2192 521 2278 (L.
540 2192 679 2269 Vitellii}
702 2200 735 2257 ct
759 2193 829 2257 veri
845 2194 977 2280 copiam
1000 2193 1127 2273 facere;
1153 2192 1211 2256 sed
1232 2216 1299 2257 non
1319 2192 1395 2256 ideo
1422 2193 1531 2278 pervi-

296 2301 382 2366 cit...
402 2299 470 2364 Nec
500 2298 607 2365 multo
636 2308 713 2386 post
731 2300 848 2365 urbem
875 2299 1078 2387 ingredienti
1099 2298 1271 2387 (Claudio)
1305 2298 1532 2363 oflerebantur

295 2431 493 2473 communes
509 2406 617 2486 liberi,
637 2408 701 2471 nisi
717 2407 896 2471 Narcissus
921 2407 1071 2471 amoveri
1086 2431 1143 2472 eos
1158 2407 1323 2471 iussisset.
1345 2444 1388 2453 —
1409 2429 1458 2484 ιι,
1474 2405 1526 2467 35.

294 2515 397 2602 Apud
424 2513 574 2601 (milites)
605 2522 844 2602 praemonente
874 2514 1031 2578 Narcisso
1065 2537 1170 2601 pauca
1197 2513 1297 2578 verba
1324 2511 1531 2600 lecithlau-

294 2622 386 2704 dius)
418 2661 461 2670 —
483 2646 532 2689 ιι.
551 2622 604 2709 37.
624 2621 665 2685 Ni
681 2622 816 2686 caedem
832 2620 1062 2708 (Messalinae)
1071 2621 1250 2686 Narcissus
1271 2620 1529 2708 properavissct.

295 2737 443 2794 verterat
472 2729 637 2815 pernicies
666 2728 697 2791 in
730 2736 959 2792 accusatorem
980 2752 1080 2804 3nam
1108 2727 1312 2793 Claudius...
1339 2726 1534 2813 Prorumpit

297 2836 478 2901 Narcissus
499 2835 744 2922 denuntiatque
768 2835 1023 2900 centurionibus
1050 2842 1083 2898 et
1117 2833 1266 2912 tribuno,
1293 2833 1350 2921 qui
1378 2832 1528 2908 aderant,

296 2944 434 3031 exsequi
453 2942 589 3006 caedem
605 2963 611 3011 :
635 2942 680 3006 ita
698 2943 934 3029 imperatorem
956 2941 1082 3006 iubere.
1098 2981 1128 2989 —
1156 2965 1204 3017 ιι,
1223 2941 1276 3005 38.
1297 2939 1437 3004 Decreta
1449 2938 1533 3003 Nar-

294 3050 382 3114 cisso
409 3050 601 3138 quaestoria
621 3050 780 3135 insignia,
816 3048 1024 3113 levissimum
1047 3048 1181 3114 fastidio
1203 3049 1288 3128 eius,
1324 3070 1401 3111 cum
1431 3069 1532 3133 supra

297 3155 486 3221 Pallantem
529 3164 562 3220 et
594 3156 776 3221 Callistum
801 3164 927 3241 ageret.
953 3194 995 3205 -
1030 3180 1111 3239 ra,r
1147 3156 1247 3242 (Cum
1275 3177 1361 3217 uxor
1391 3152 1533 3216 Claudio

296 3262 474 3348 deligenda
500 3263 615 3342 essetl,
651 3262 748 3327 Aelia
773 3263 950 3328 Paetina...
975 3263 1132 3327 Narcisso
1165 3260 1351 3326 fovebatur.
1371 3298 1410 3308 -
1431 3283 1480 3329 12.
1499 3281 1529 3325 2.

295 3369 472 3435 Narcissus
489 3378 585 3434 vetus
601 3370 864 3448 matrimonium,
882 3369 986 3433 liliam
1001 3391 1272 3443 communem...,
1287 3366 1369 3431 nihil
1384 3368 1417 3430 in
1431 3389 1532 3453 pena-

297 3476 387 3541 tibus
413 3477 571 3564 (Claudii)
599 3500 723 3541 novum
744 3476 945 3557 disserebat,
964 3478 991 3541 si
1022 3486 1116 3541 sueta
1151 3476 1299 3539 coniunx
1326 3474 1460 3539 rediret.
1490 3509 1534 3522 -

303 3608 351 3662 ιι,
380 3587 432 3671 57.
452 3584 639 3671 Agrippina
655 3584 876 3671 trepidatione
897 3584 1058 3671 principis
1073 3607 1173 3647 usa...
1192 3581 1385 3645 Narcissum
1403 3581 1534 3644 incusat

297 3692 465 3779 cupidinis
481 3715 518 3756 ae
539 3692 750 3779 praedarum.
769 3691 837 3755 Noe
854 3690 909 3753 ille
931 3692 1059 3758 reticet.
1087 3689 1321 3777 impotentiam
1337 3686 1533 3752 muliebrem

300 3798 486 3886 nimiasque
503 3823 580 3885 spes
600 3800 672 3862 eius
697 3822 853 3884 arguens.
875 3837 915 3847 -
941 3822 990 3868 12,
1010 3798 1063 3862 65.
1091 3796 1182 3860 blors
1209 3795 1333 3859 indicta
1351 3795 1533 3878 (Domitiae

300 3905 443 3993 Lepidae
460 3905 603 3969 Neronis
619 3907 767 3989 aruitae),
787 3905 930 3968 multum
947 3903 1325 3980 adversanteNarcisso,
1342 3902 1534 3990 quiAgrip-

299 4014 412 4101 pinam
448 4015 555 4099 magis
587 4014 762 4101 magisque
795 4020 992 4099 suspectans
1014 4011 1220 4099 prompsisse
1252 4010 1339 4074 inter
1363 4009 1536 4097 proximos

300 4120 467 4186 ferebatur
483 4131 608 4185 certam
622 4120 685 4184 sibi
702 4120 895 4207 perniciem,
912 4143 972 4183 seu
991 4118 1206 4183 Britannicus
1226 4141 1337 4182 rerum
1367 4139 1426 4181 scu
1449 4114 1536 4180 Nero

301 4237 496 4315 poteretur;
520 4252 636 4293 verum
654 4229 699 4292 ita
718 4228 758 4291 de
786 4251 820 4291 se
848 4227 1007 4291 meritum
1033 4226 1225 4300 Caesarem,
1261 4233 1298 4288 ut
1328 4224 1433 4288 vitam
1461 4223 1537 4286 usui

300 4337 371 4399 eius
394 4335 603 4422 impenderet
625 4387 645 4400 ..
669 4374 710 4382 —
732 4335 780 4410 13,
806 4360 829 4397 ι.
851 4334 1028 4397 Narcissus
1058 4333 1190 4397 Claudii
1213 4331 1366 4400 libertus.
1384 4329 1424 4394 de
1440 4330 1537 4394 cuius

300 4442 418 4529 iurgiis
439 4441 599 4505 adversus
617 4443 840 4527 Agrippinam
868 4439 994 4514 rettuli,
1013 4463 1132 4528 aspera
1152 4438 1305 4503 custodia
1333 4446 1366 4501 et
1392 4436 1536 4501 necessi-

301 4557 369 4614 tate
384 4557 532 4613 extrema
562 4550 602 4612 ad
632 4557 773 4613 mortem
797 4549 920 4634 agitur,
948 4548 1053 4611 invito
1080 4543 1418 4635 principetNerone).
1442 4542 1537 4608 cuius

300 4656 423 4721 abditis
438 4655 546 4719 adhuc
562 4656 653 4719 vitiis
674 4679 732 4741 per
752 4656 927 4720 avaritiam
944 4678 982 4719 ac
998 4653 1246 4742 prodigentiam
1263 4652 1346 4716 mire
1366 4673 1535 4737 congrue-

301 4762 388 4829 bat¹.

290 4993 299 5028 ¹
316 4990 348 5037 V.
361 4991 442 5038 etiam
461 5004 497 5049 ra,
507 5005 531 5054 9.
545 4989 584 5036 66.
