3709 6234
800 861 832 916 G.
858 859 963 916 VIBIVS
1460 858 1512 912 727

276 1002 540 1092 praeficeretur).
559 1002 645 1068 Dein
662 1001 798 1068 Marsus
809 1003 933 1069 seniori
948 1011 981 1069 et
1001 1002 1112 1070 acrius
1127 1001 1281 1090 tendenti
1300 1000 1417 1068 Sentio
1436 1025 1513 1068 con-

277 1111 391 1178 cessit.
411 1150 452 1164 -—
478 1134 568 1200 a,79.
595 1108 772 1177 Marsus...
803 1108 940 1176 Vibius¹
965 1110 1138 1177 nuntiavil
1162 1109 1277 1176 Pisoni
1300 1109 1443 1176 liomsm
1470 1107 1513 1173 ad

277 1218 454 1284 dicendam
468 1240 606 1284 causam
627 1216 768 1285 veniret.
791 1256 831 1270 -
848 1216 938 1297 456.
965 1217 1148 1285 Censuit...
1167 1216 1287 1283 Vibius
1307 1216 1451 1294 Marsus,
1475 1224 1513 1281 ut

278 1326 336 1393 Μ’.
357 1326 495 1415 Lepido,
516 1325 570 1391 cui
587 1324 697 1413 (Asia)
711 1324 884 1413 provincia
900 1324 1096 1406 obvenerat,
1110 1348 1212 1413 super
1226 1347 1405 1392 numerum
1419 1322 1512 1412 lega·

277 1442 380 1517 retur,
402 1432 461 1522 qui
486 1432 604 1519 templi
626 1455 741 1498 curam
768 1433 957 1522 susciperet
981 1432 1128 1521 (Tiberio
1143 1432 1399 1522 statuendi).—
1418 1430 1509 1521 6,t7.

275 1540 489 1621 Albucilla,..
508 1539 657 1606 defertur
680 1539 864 1628 impietatis
887 1540 921 1606 in
947 1540 1146 1630 principem.
1175 1538 1447 1608 Conectebautur
1475 1545 1512 1605 ut

275 1648 401 1713 conscii
413 1656 448 1713 et
462 1646 606 1713 adulteri
622 1647 695 1712 eius
712 1647 776 1712 Cn.
798 1648 979 1725 Domitius,
1004 1647 1122 1713 Vibius
1141 1648 1288 1731 Marsus,
1311 1646 1350 1715 L.
1373 1648 1511 1714 Arrun·

276 1757 385 1823 tius...
403 1756 581 1822 Marsus...
603 1754 748 1821 vetustis
774 1754 960 1821 honoribus
988 1763 1022 1822 et
1041 1755 1196 1824 inlustris
1220 1754 1343 1822 studiis
1365 1763 1447 1822 erat.
1466 1791 1511 1806 -

276 1865 366 1945 ΜΒ.
395 1863 501 1950 Igitur
521 1863 691 1930 Domitius
715 1861 946 1930 defensionem
976 1862 1156 1938 meditans,
1180 1862 1316 1932 Marsus
1338 1870 1510 1951 tamquam

275 1971 422 2039 inediam
450 1970 706 2048 destinavisset,
738 1970 927 2058 produxere
958 1972 1134 2038 vitam-
1166 1993 1276 2051 rr,ro.
1306 1969 1510 2057 (Vardanes)

276 2080 459 2167 reciperare
481 2078 678 2144 Armeniam
708 2076 840 2160 avebat,
863 2077 897 2144 ni
922 2102 940 2144 a
963 2078 1059 2144 Vibio
1089 2076 1214 2157 blarso,
1241 2078 1360 2166 Syriae
1384 2077 1508 2164 legato,

278 2186 403 2252 bellum
420 2186 597 2253 minitante
612 2185 781 2252 cohibitus
796 2184 893 2250 lorct.

230 2294 410 2384 (VIBIVS)
432 2292 595 2369 PANSA,
613 2317 646 2359 v.
671 2291 834 2358 I’ANSA.

229 2402 380 2467 VIBIVS
400 2399 666 2468 SECVNDVS&
689 2437 727 2450 -
747 2403 854 2477 ataid.
873 2398 1012 2465 Vibius³
1026 2400 1201 2467 Secundus
1217 2424 1320 2489 eques
1337 2401 1511 2466 llomanus

120 2503 124 2510 ⁹
275 2506 650 2575 accusantibusMauris
661 2506 924 2595 repetundarum
936 2507 1118 2574 damnatur
1128 2516 1229 2597 atqua
1241 2507 1337 2573 ltalia
1351 2507 1508 2595 exigItur,

274 2641 316 2683 ne
334 2616 488 2705 graviore
503 2637 612 2703 poena
627 2614 839 2692 adficeretur,
857 2613 948 2679 Vibii
964 2614 1075 2702 Crispi
1090 2615 1203 2683 fratris
1223 2614 1344 2703 opibus
1364 2613 1508 2680 enisusl.

230 2725 269 2792 C.
285 2723 446 2805 VIBIVS,
468 2721 616 2788 VIBIVS
632 2721 850 2803 SEllENVS,
872 2721 1098 2789 SERENVSV
1111 2722 1188 2808 (A).
1206 2761 1249 2772 -
1271 2722 1360 2802 a,30.
1384 2724 1510 2788 Acces-

274 2837 387 2897 serant
426 2838 559 2919 praeter
586 2829 744 2896 Trionem
770 2838 802 2896 et
833 2829 956 2897 Catum
979 2838 1193 2896 accusatores
1212 2829 1365 2917 (Libonis
1394 2829 1511 2915 Drusi)

275 2939 435 3006 Fonteius
461 2938 613 3026 Agrippa
637 2944 671 3003 et
699 2936 737 3003 C.
770 2936 889 3005 Vibius
899 2935 923 3015 ⁰,
954 2936 1207 3025 certabantque,
1243 2938 1297 3003 cui
1322 2937 1374 3005 ius
1405 2959 1507 3025 pero·

274 3045 370 3111 randi
390 3046 425 3111 in
448 3068 543 3111 reum
564 3043 711 3125 daretur,
740 3044 846 3110 donec
871 3043 1069 3122 Vibiust...
1094 3044 1293 3132 singillatim
1316 3066 1352 3115 se
1367 3043 1510 3109 crimina

275 3152 484 3219 obiecturum
498 3151 683 3241 protessus,
707 3150 849 3240 protulit
862 3149 1040 3219 libellos...
1057 3190 1102 3202 -
1115 3151 1208 3230 aaa.
1227 3149 1347 3217 Vibius
1362 3150 1510 3217 Serenus

275 3285 334 3349 pro
361 3259 499 3326 consule
526 3259 697 3325 ulterioris
726 3258 921 3346 Hispaniae,
948 3257 989 3323 de
1020 3259 1054 3324 vi
1076 3257 1212 3348 publicu
1243 3258 1435 3336 damnatus,
1466 3255 1510 3322 cb

274 3367 486 3434 atrocitatem
510 3389 642 3433 morum
665 3366 699 3430 in
722 3364 868 3430 insulam
888 3366 1078 3451 Amorgum
1102 3364 1310 3452 deportatur.
1335 3401 1379 3418 -
1416 3363 1506 3442 aaa.

276 3475 386 3542 Isdem
407 3473 605 3540 consulibus
628 3473 839 3539 miseriarum
850 3495 888 3537 ac
908 3472 1069 3538 saevitiae
1084 3472 1277 3561 exemplum
1300 3479 1410 3550 atrox,
1432 3494 1510 3536 reus

274 3590 381 3672 pater,
398 3580 685 3660 accusatorlilius,
702 3603 824 3646 nornen
841 3579 975 3667 utrique
992 3577 1110 3645 Vibius
1126 3581 1285 3660 Sereana,
1304 3580 1338 3646 in
1352 3587 1509 3644 senatum

274 3690 403 3757 inducti
416 3697 507 3757 sunt.
521 3688 576 3756 Ab
587 3687 688 3754 axilio
699 3694 906 3755 retractus...
920 3695 1057 3776 pater...
1071 3727 1114 3736 —
1128 3690 1218 3778 laq.
1232 3687 1307 3754 Non
1319 3686 1509 3753 occultante

274 3797 407 3864 Tiberio
421 3804 519 3863 vetus
534 3795 648 3861 odium
672 3794 852 3860 adversum
872 3793 1008 3860 exulem
1027 3793 1203 3862 Serenum.
1220 3794 1306 3862 Nam
1320 3802 1398 3883 post
1416 3793 1509 3860 dam·

275 3915 392 3972 natum
415 3904 590 3984 Libonem,
620 3902 732 3968 missis
758 3901 801 3967 ad
829 3902 1009 3968 Caesarem
1029 3901 1193 3972 litteris...
1212 3942 1255 3954 -
1282 3902 1373 3980 Alto.
1400 3901 1509 3969 Dictis

274 4015 395 4081 dehine
430 4012 621 4089 sententiis,
644 4019 680 4077 ut
717 4012 863 4078 Serenus
901 4033 994 4076 more
1025 4011 1191 4077 maiorum
1221 4010 1408 4099 puniretur,
1440 4034 1508 4099 quo

273 4122 421 4188 molliret
436 4118 610 4196 invidiam,
629 4118 819 4184 intercessit
837 4117 1063 4205 (Tiberius)...
1083 4117 1132 4185 Ita
1155 4118 1301 4184 Serenus
1317 4119 1506 4206 Amorgum

274 4232 496 4318 reportaturt‘.

261 4436 267 4470 ¹
292 4433 385 4482 t'ibr'ue
401 4433 477 4480 uncis
494 4431 557 4484 irret.
571 4430 681 4479 nistera.

258 4517 269 4551 ‘²
286 4516 315 4564 L.
329 4515 426 4562 Vibius
442 4513 593 4561 Secundus.
612 4512 736 4570 Pnosor„
751 4512 807 4574 39⁸·

258 4597 270 4631 ³
287 4596 333 4648 IA:
354 4594 455 4642 ninius.

258 4677 270 4712 ⁴
286 4677 319 4725 V.
335 4677 416 4723 etiam
431 4674 463 4730 ll,
483 4691 519 4723 ιο.

258 4758 270 4792 ⁵
288 4756 410 4815 Paneion,
427 4755 483 4819 399.

257 4837 327 4889 VIA:
349 4836 444 4884 liuius.
462 4836 538 4887 Cora.
552 4837 662 4886 Gruter.
682 4836 726 4883 Sic
744 4844 850 4883 veteres
865 4836 1010 4885 editiones.
1030 4862 1057 4872 -
1074 4835 1182 4898 Lipsius
1196 4835 1368 4884 conicicbirt:
1385 4832 1506 4885 Cluuius.

258 4919 269 4954 '⁶
288 4920 314 4972 ΙΙ
328 4935 333 4969 :
349 4918 443 4968 liuius.

259 5000 271 5035 ⁸
288 5000 320 5049 V.
332 4999 413 5049 etiam
430 5012 454 5054 a,
472 4998 511 5047 ta.
