3709 6234
779 859 930 913 Ttnssntvs
1439 855 1494 911 679

256 1000 466 1067 obiectando.
485 1001 578 1081 Quae
593 1001 635 1066 ab
658 1000 836 1066 heredibus
851 1000 1017 1067 occultata
1033 1000 1165 1066 recitari
1181 999 1334 1066 Tiberius
1349 1001 1489 1070 iussit...

254 1149 299 1160 -
314 1108 346 1181 6,
363 1109 416 1198 39.
440 1110 531 1175 llaec
555 1107 709 1174 Tiberius
734 1132 801 1174 non
827 1109 921 1187 mari,
953 1116 991 1175 ut
1019 1107 1111 1188 olim,
1136 1108 1267 1173 divisus
1296 1131 1405 1198 neque
1433 1133 1492 1199 per

256 1215 460 1304 longinquos
494 1216 634 1281 nuntios
660 1214 858 1304 accipiebat,
886 1216 945 1281 sed
968 1214 1084 1281 urbem
1113 1216 1250 1282 iuxta...
1265 1254 1308 1264 -
1322 1215 1356 1294 6,
1372 1218 1428 1293 άο.
1450 1216 1489 1283 C.

256 1321 363 1388 Galba
376 1323 604 1391 consularis...
623 1323 813 1390 voluntario
828 1325 921 1390 exitu
942 1323 1147 1412 (cecilia...
1165 1322 1319 1389 tristibus
1338 1321 1493 1390 Caesaris

257 1431 378 1496 litteris
403 1432 611 1518 provinciam
637 1433 748 1496 sortiri
780 1431 982 1519 prohibitus.
1003 1430 1095 1504 -6,
1115 1430 1167 1507 45.
1202 1429 1301 1509 Quod
1330 1430 1491 1498 damnum

257 1537 432 1603 tlaesarad
447 1538 590 1624 gloriam
606 1540 706 1604 vertit
721 1539 886 1605 exsolutis
902 1539 1066 1605 domuum
1079 1546 1112 1604 et
1128 1538 1315 1604 insularum
1332 1538 1490 1626 pretiis..

258 1646 479 1711 Aestimando
504 1647 666 1736 cuiusque
694 1647 897 1713 detrimento
926 1656 1087 1736 quattuor
1117 1646 1294 1734 progeneri
1324 1647 1490 1719 (laeseris

256 1752 319 1822 Cn.
347 1753 526 1826 Domitius,
550 1756 688 1819 Cassius
709 1755 896 1842 Longinus,
916 1755 963 1820 M.
993 1754 1157 1834 Vinicius,
1178 1751 1357 1818 Rubellius
1391 1752 1492 1819 lllan-

257 1862 321 1925 ‹lus
335 1860 500 1928 delecti...
518 1862 633 1951 Neque
649 1863 738 1928 cuim
755 1862 863 1928 multo
884 1871 962 1951 post
996 1862 1143 1950 supremi
1176 1859 1305 1925 Tiberio
1336 1860 1493 1927 consules

259 1969 321 2033 Cn.
341 1969 557 2047 Acerronius,
585 1970 623 2035 C.
648 1971 829 2036 Pontius...
860 2009 902 2020 -
923 1970 954 2047 o,
973 1973 1026 2059 47.
1066 1971 1195 2036 lnterea
1222 1969 1350 2033 Romae
1373 1967 1494 2034 tuturis

257 2076 360 2141 etiam
398 2084 475 2164 post
509 2077 696 2141 Tiberium¹
723 2077 882 2143 caedibus
926 2078 1054 2143 semina
1092 2076 1492 2156 iaciebantur—M&

258 2183 438 2271 (Loquitur
455 2184 492 2250 L.
508 2184 704 2272 Arruntius)
720 2215 781 2252 ιι...
799 2186 867 2264 An,
879 2208 956 2250 cum
979 2184 1131 2250 Tiberius
1146 2192 1224 2273 post
1235 2190 1365 2250 tantam
1381 2206 1492 2252 rerum

258 2292 501 2378 experientiam
530 2292 563 2355 vi
588 2291 829 2356 dominationis
857 2291 1042 2358 convulsus
1069 2300 1101 2357 et
1130 2298 1281 2357 mutatus
1301 2291 1425 2358 sit...»
1460 2329 1494 2341 —

259 2399 291 2476 a,
310 2401 362 2465 50.
392 2400 459 2464 lam
481 2399 652 2464 Tiberium
685 2422 819 2487 corpus,
854 2400 920 2464 iam
951 2399 1051 2481 vires,
1092 2399 1240 2464 nondum
1267 2398 1493 2465 dissimulatio

258 2506 476 2573 deserebat...
495 2506 689 2573 liberius...
710 2508 888 2573 instaurari
904 2506 1022 2594 epulas
1038 2505 1388 2595 iubetdiscumbitquc
1405 2505 1492 2571 ultra

259 2614 437 2680 solitum...
458 2614 511 2678 Ad
527 2610 689 2701 capienda
708 2616 836 2703 imperii
850 2614 1032 2703 primordia
1049 2615 1087 2680 tl.
1106 2615 1231 2678 tlaosar
1245 2613 1491 2698 egrediebatur.

258 2745 333 2785 cmn
356 2730 492 2809 repente
517 2721 666 2787 adfertur
688 2721 795 2787 redire
810 2722 943 2786 'liberio
963 2744 1080 2786 vocem
1102 2744 1139 2785 are
1166 2722 1301 2788 visus...
1318 2720 1375 2786 Sic
1394 2719 1493 2785 Tibe-

258 2830 326 2894 rius
342 2829 447 2893 linivit
472 2836 591 2894 octavo
606 2838 640 2895 et
664 2829 914 2916 septuagesimo
927 2830 1048 2895 aetatis
1063 2850 1163 2895 anuo.
1186 2867 1229 2878 —
1249 2851 1300 2897 ιι.
1323 2827 1353 2895 3.
1378 2828 1493 2914 (Vele-

260 2937 328 3001 rius
355 2938 553 3024 Asiaticus),
581 2960 657 3002 cum
680 2960 714 3000 se
745 2938 920 3003 honestius
939 2936 1122 3002 calliditate
1142 2935 1266 3001 'liberii
1289 2934 1343 3001 vel
1366 2936 1493 3024 impetu

258 3046 297 3110 (J.
315 3042 471 3108 Caesaris
494 3044 680 3131 periturum
699 3044 853 3116 dixisset,
885 3067 987 3133 (luam
1016 3039 1107 3132 (incid
1136 3043 1250 3108 fraude
1278 3042 1433 3108 muliebri
1460 3051 1493 3108 et

257 3150 428 3239 impudico
443 3150 567 3215 l'itellii
584 3174 641 3216 ore
656 3151 831 3217 caderet...
850 3191 893 3201 -
919 3177 967 3226 ιι,
992 3175 1044 3218 21.
1060 3150 1146 3217 Cum
1162 3150 1252 3216 hisce
1269 3150 1380 3215 verbis
1394 3149 1492 3215 'libc-

259 3261 327 3323 rius
341 3258 489 3323 dedecus
513 3258 677 3324 natalium
693 3260 766 3324 eius
787 3259 969 3324 velavissct
985 3281 992 3325 :
1010 3289 1024 3316 ιι
1042 3258 1179 3324 Curtius
1215 3257 1323 3323 llutus
1360 3257 1493 3323 videtur

259 3366 341 3431 mibi
356 3389 398 3430 ex
414 3387 450 3430 se
466 3374 577 3431 natus.
598 3394 612 3422 a
629 3405 672 3414 -
694 3390 744 3436 ra.
773 3392 821 3431 ιι.
839 3365 1017 3452 (Claudius
1042 3366 1163 3452 legatis
1190 3365 1392 3431 Parthorum
1422 3387 1493 3429 res-

256 3473 424 3562 pandens)
439 3496 516 3540 se...
536 3474 621 3537 llivo
638 3474 795 3558 Augusto
825 3472 1048 3561 adaequabat,
1071 3473 1212 3560 petitum
1236 3473 1278 3537 ab
1311 3496 1350 3537 eo
1379 3495 1493 3559 regem

258 3581 416 3654 reterens
439 3580 564 3645 omissa
579 3580 703 3645 'l'iberii
719 3582 892 3650 memoria.
908 3603 1113 3669 quamquam
1136 3581 1165 3645 is
1180 3602 1314 3669 quoque
1343 3580 1490 3646 miserat.

257 3727 301 3742 -
316 3713 365 3765 ra,
388 3690 441 3754 25.
458 3686 601 3774 (Pallas)
617 3686 815 3753 stimulabat
830 3687 1009 3752 Claudium
1027 3691 1038 3774 (
1042 3696 1079 3753 ut
1099 3689 1137 3753 L.
1167 3688 1353 3752 Domitium
1390 3687 1494 3776 adop-

259 3797 418 3883 taret)...,
445 3796 533 3859 sic...
562 3818 579 3859 a
608 3794 740 3859 Tiberio
771 3817 872 3883 super
896 3796 1066 3882 propriam
1086 3795 1225 3882 stirpem
1254 3794 1493 3860 Germanicum

258 3903 487 3991 adsumptum.
506 3901 616 3968 -13.
636 3900 666 3966 3.
685 3900 838 3967 Tiberius
852 3909 957 3967 artem
973 3924 1106 3991 quoque.
1126 3900 1283 3975 callebat,
1302 3925 1367 3991 qua
1390 3901 1491 3967 verba

258 4010 474 4099 expenderet,
494 4017 564 4073 tum
592 4008 725 4073 validus
764 4008 920 4074 sensibus
951 4017 1009 4074 aut
1046 4008 1202 4075 consulto
1231 4007 1423 4094 ambiguus.
1451 4049 1493 4061 -

265 4121 313 4194 tlt,
337 4122 389 4207 47.
415 4120 563 4205 Graptus
598 4139 640 4182 ex
669 4116 799 4182 libertis
815 4118 989 4204 (Neronis)
1006 4115 1172 4188 Caesaris.
1195 4140 1259 4182 usu
1287 4125 1319 4182 et
1355 4126 1493 4183 senecta

258 4227 391 4292 'l'iberio
406 4225 556 4314 abusque
564 4223 703 4289 domum
719 4225 909 4312 principum
922 4223 1077 4293 edoctus.
1089 4276 1110 4290 ..
1125 4264 1167 4274 -
1186 4223 1235 4302 13,
1250 4223 1304 4291 55.
1321 4224 1490 4291 Aderat...

260 4333 514 4421 (Ampsivariis)
530 4331 641 4398 clarus
652 4331 797 4419 perillas
808 4340 926 4418 gentes
943 4340 976 4396 et
991 4331 1089 4396 nobis
1104 4354 1238 4421 quoque
1253 4331 1341 4397 lidus
1356 4332 1492 4424 nomine

260 4442 447 4516 Boiocalus,
466 4440 617 4505 vinctum
633 4462 668 4504 se
684 4439 866 4504 rebellione
882 4438 1051 4505 Cherusca
1060 4439 1155 4505 iussu
1169 4440 1315 4504 Arminii
1330 4440 1490 4518 reterens,

261 4572 338 4614 mox
358 4545 502 4621 Tiberio,
521 4547 722 4613 Germanico
738 4546 880 4612 ducibus
900 4547 1067 4635 stipendia
1088 4548 1292 4614 meruisse...
1310 4587 1352 4596 -
1373 4547 1490 4627 1463.

261 4656 484 4721 Meminerant
500 4654 609 4720 adbuc
634 4654 771 4744 quidam
805 4654 1014 4742 Agrippinae
1049 4654 1265 4722 aTiberio...
1303 4655 1431 4743 pulsae.
1451 4695 1493 4705 -

264 4765 312 4841 25,
331 4766 385 4841 44,
409 4767 542 4842 Quos...
575 4763 698 4847 vulgus
729 4762 941 4827 tlbristianos
973 4761 1176 4852 appellabat.
1194 4763 1323 4835 Auctor
1347 4762 1492 4836 nominis

247 4996 252 5034 ι
273 4993 372 5053 pitter!
386 4997 447 5069 post
466 4993 605 5047 Tiberium
623 4997 699 5054 uncis
717 4996 779 5054 incl,

100 5255 395 5521 ι
