3709 6234
364 863 418 919 590
936 867 1073 921 nouum

409 1015 559 1095 spretum
601 1007 841 1072 Arsacidarum
896 1007 1071 1096 fastigium
1115 1008 1163 1072 ire
1212 1006 1323 1072 ultum
1375 1005 1494 1071 volens
1546 1030 1654 1093 mag-

410 1116 562 1180 nitudine
591 1139 723 1179 rursum
748 1115 944 1180 Romana...
962 1116 1115 1181 diversas
1134 1114 1177 1180 ad
1192 1137 1290 1179 ouras
1306 1113 1511 1179 trahebatur.
1529 1152 1574 1162 —
1595 1111 1650 1193 15,

414 1222 463 1289 13.
492 1251 507 1280 α
535 1222 706 1286 Armeniis
722 1245 855 1310 semper
868 1223 1041 1288 Romanae
1057 1222 1211 1287 dicionis.
1237 1250 1252 1281 n
1278 1258 1319 1269 -
1337 1220 1394 1300 lv,
1415 1245 1467 1284 21.
1482 1219 1651 1286 Civilis...

411 1330 542 1394 consilii
560 1329 740 1416 ambiguus
755 1338 789 1394 et
808 1330 876 1394 vim
897 1330 1085 1395 Romanam
1115 1336 1287 1417 reputans.
1309 1367 1353 1376 —
1383 1329 1439 1404 lV,
1461 1327 1515 1417 69.
1540 1327 1653 1392 lulius

407 1440 550 1526 'Auspex
572 1490 593 1502 ..
619 1438 686 1501 vim
706 1437 936 1503 Romanam...
953 1437 1151 1502 dissertans.
1175 1474 1219 1487 -
1240 1439 1279 1503 G.
1302 1439 1354 1512 (2.
1373 1436 1433 1499 Vis
1451 1442 1485 1501 et
1496 1435 1651 1523 potentia

407 1545 544 1632 regibus
567 1544 874 1633 (Marcomanorum
890 1544 1169 1633 Quadorumque)
1190 1568 1231 1609 ex
1252 1543 1450 1608 auctoritate
1476 1542 1648 1607 Romana.

364 1652 398 1739 8)
416 1652 556 1716 Rouana
585 1672 719 1717 urnas.
756 1689 795 1702 -
831 1652 862 1720 3.
896 1655 951 1728 lo.
985 1652 1138 1716 Romana
1177 1652 1297 1716 civitas
1325 1651 1406 1715 olim
1444 1650 1522 1715 data
1545 1648 1651 1734 (Iulio

411 1760 510 1823 Floro
526 1759 671 1823 Trevero
692 1766 725 1824 et
743 1758 826 1823 lulio
847 1760 1026 1823 Sacroviro
1040 1757 1188 1843 Aeduo),
1210 1781 1286 1823 oum
1306 1758 1340 1822 id
1360 1781 1473 1822 rarum
1498 1780 1559 1822 nec
1583 1756 1651 1820 nisi

409 1867 527 1931 virtuti
546 1866 692 1954 pretium
715 1873 815 1931 esset.
839 1905 880 1914 -
901 1866 932 1942 t,
952 1867 1005 1955 37.
1030 1865 1247 1953 Ornospades
1273 1865 1490 1953 (Parthus)...
1508 1864 1648 1929 civitate

412 1974 562 2037 Romana
584 1973 740 2039 donatus.
758 2010 803 2022 -
822 1997 872 2045 ιι,
900 1972 954 2038 23.
988 1973 1199 2038 Primores...
1223 1971 1366 2041 Galliae.
1401 1996 1486 2060 quae
1506 1971 1649 2037 Comata

411 2080 612 2169 appellatur,
635 2079 769 2145 foedera
789 2088 823 2145 et
847 2080 1020 2145 civitatem
1038 2079 1225 2144 Romanam
1257 2078 1387 2165 pridem
1408 2079 1572 2160 adsecuti,
1597 2080 1650 2143 ius

411 2187 705 2275 adipiscendorum
721 2188 754 2251 in
770 2187 852 2251 urbe
864 2186 1029 2251 honorum
1047 2185 1291 2276 (expetebant).
1320 2224 1353 2234 -
1374 2211 1422 2267 ιι,
1440 2189 1492 2263 af.
1508 2185 1651 2274 (Loqui-

411 2302 466 2359 tur
504 2293 679 2378 Claudius)
717 2320 731 2355 (ι
760 2293 906 2358 Maiores
937 2294 1014 2372 mei,
1047 2317 1190 2381 quorum
1219 2293 1476 2381 antiquissimus
1503 2291 1650 2356 Clausus

412 2402 540 2485 origine
556 2400 681 2466 Sabina
697 2399 797 2465 simul
819 2401 851 2465 in
868 2400 1039 2465 civitatem
1054 2400 1243 2465 Romanam
1262 2407 1295 2464 et
1316 2401 1349 2464 in
1374 2399 1519 2464 familias
1543 2400 1651 2487 patri-

412 2510 539 2574 ciorum
560 2508 709 2572 adscitus
733 2516 825 2573 est...
847 2532 862 2570 u
877 2545 922 2557 -
943 2508 992 2583 13,
1017 2509 1069 2584 54.
1088 2507 1177 2572 Nero
1190 2508 1326 2574 civitate
1347 2507 1499 2572 Romana
1518 2506 1650 2592 (Verri-

413 2625 484 2681 tum
504 2624 538 2681 et
558 2614 759 2700 Malorigem
782 2614 884 2679 duces
904 2614 1102 2701 Frisiorum)
1119 2613 1269 2680 donavit.
1293 2654 1336 2663 —
1360 2614 1386 2695 l,
1413 2620 1445 2680 8.
1474 2613 1647 2679 Galliae...

413 2721 749 2809 obligatae(Galbae)
759 2723 885 2786 recenti
897 2721 986 2786 dono
1003 2722 1175 2787 Romanae
1186 2722 1345 2789 civitatis,
1358 2761 1400 2770 -
1422 2722 1448 2799 Ι,
1462 2722 1514 2809 78.
1527 2720 1648 2808 (Otho)

414 2828 624 2916 Lingonibus
653 2829 818 2894 universis
852 2829 1023 2894 civitatem
1053 2830 1283 2895 Romanam...
1320 2828 1424 2895 dedit.
1453 2828 1647 2916 -lll,47.

415 2938 557 3018 Cohors.
578 2936 681 3024 (regis
699 2937 811 3022 Ponti)
830 2936 996 3002 auxilium
1012 2936 1104 3020 olim,
1125 2960 1203 3000 mox
1220 2935 1337 3025 (regno
1355 2937 1390 3000 in
1410 2936 1552 3001 formam
1573 2959 1651 3024 pro·

413 3044 543 3108 vinciae
564 3043 713 3129 redacto)
731 3044 846 3109 donati
861 3044 998 3110 civitate
1016 3044 1180 3108 Romana.

369 3152 400 3241 9)
418 3152 557 3217 Rouana
573 3151 751 3235 (feminino
762 3175 897 3238 genere,
916 3175 994 3215 cum
1009 3151 1084 3216 aliis
1098 3150 1366 3238 nominibus).-
1383 3148 1651 3239 1‚36.Augebat

413 3258 539 3315 metum
561 3272 685 3336 gnarus
708 3250 879 3314 Romanae
896 3249 1114 3315 seditionis..
1137 3250 1256 3314 hostis.
1277 3288 1322 3300 -
1339 3273 1367 3331 1,
1393 3251 1445 3337 57.
1469 3249 1651 3315 Adductus

414 3367 525 3421 tamen
545 3356 578 3419 in
600 3381 693 3443 spem
719 3356 918 3422 clementiae
942 3357 1124 3423 Romanae.
1146 3392 1190 3406 -
1210 3382 1236 3436 r,
1255 3356 1308 3421 60.
1325 3357 1409 3421 Cum
1426 3356 1650 3445 quadraginta

413 3455 608 3520 cohortibus
631 3455 802 3519 Romanis.
829 3494 873 3507 —
896 3482 927 3526 a,
950 3480 977 3519 r.
996 3456 1086 3519 Mota
1103 3456 1251 3519 (lrientis
1268 3480 1369 3541 regna
1389 3456 1651 3543 provinciaeque

414 3555 597 3618 Romanae.
624 3592 667 3602 -
694 3581 724 3622 2.
753 3580 782 3617 2.
800 3554 924 3639 (subiit
951 3554 1059 3641 pudor
1089 3554 1246 3640 Parthos)
1268 3555 1332 3617 iam
1352 3553 1438 3618 inter
1458 3554 1649 3640 provincias

415 3662 584 3725 Romanas
596 3661 717 3724 solium
735 3662 975 3725 Arsacidarum
986 3661 1099 3725 baberi
1114 3661 1264 3749 darique.
1282 3701 1324 3709 -—
1341 3686 1371 3742 2,
1400 3687 1449 3749 ¹7·
1475 3660 1652 3727 Exclamat

414 3769 677 3855 (Germanicus).
704 3770 803 3849 irent,
837 3776 1058 3856 sequerentur
1083 3769 1252 3831 Romanas
1277 3793 1368 3845 area,
1387 3769 1520 3856 propria
1543 3769 1651 3855 legio-

414 3899 492 3939 num
515 3877 664 3940 numina.
684 3914 724 3922 -
752 3902 782 3946 2,
808 3875 859 3938 26.
889 3876 1056 3956 (Tiberius
1082 3885 1195 3940 monet
1219 3877 1472 3962 Germanicum)
1493 3901 1593 3965 posse
1616 3887 1651 3942 et

415 3983 660 4051 Cheruscos...
678 3984 838 4068 quoniam
857 3983 1028 4047 Romanae
1041 3982 1161 4047 ultioni
1181 3983 1374 4047 consultum
1388 3993 1488 4054 esset,
1507 3984 1651 4049 internis
1673 3998 1679 4013 '

413 4088 589 4152 discordiis
614 4089 770 4176 relinqui.
798 4127 840 4138 -
871 4115 901 4166 a,
929 4089 983 4152 63.
1022 4089 1280 4176 (Maroboduus)
1309 4091 1445 4177 scripsit
1471 4091 1648 4157 liberie...

414 4195 529 4259 multis
555 4196 749 4260 nationibus
769 4196 994 4260 clarissimum
1016 4197 1187 4283 quondam
1203 4221 1315 4283 regem
1333 4198 1374 4261 ad
1390 4222 1425 4261 se
1448 4199 1653 4263 vocantibus

416 4293 602 4356 Ronmnam
624 4294 806 4358 aririeitiam
835 4295 1046 4380 praetulisse.
1068 4333 1107 4344 —
1123 4320 1153 4374 2,
1173 4300 1226 4359 ao.
1246 4295 1320 4359 Non
1342 4295 1428 4359 ultra
1440 4295 1650 4372 dubitatum,

414 4424 513 4487 quam
537 4400 614 4463 dum
633 4401 802 4466 Romanae
827 4403 982 4466 cobortes
1008 4402 1039 4464 in
1075 4426 1219 4490 aequum
1242 4403 1458 4467 eniterentur.
1480 4442 1524 4455 —
1544 4406 1576 4474 3,
1594 4431 1651 4474 20.

413 4507 646 4575 'l'acfurinas...
659 4510 832 4573 eohortem
847 4509 1033 4573 Romanam
1046 4509 1273 4575 circumsedit.
1292 4549 1335 4556 —
1355 4514 1386 4591 Δ,
1411 4510 1443 4575 5.
1471 4511 1651 4580 Etruria...

413 4615 618 4702 Vmbriaque
645 4616 793 4680 delectae
811 4617 973 4700 (urbanae
989 4618 1242 4703 praetoriaeque
1272 4619 1441 4703 cobortes)
1459 4628 1515 4683 aut
1535 4629 1655 4688 vetere

416 4722 510 4786 Latio
526 4731 558 4786 et
577 4722 717 4787 coloniis
738 4724 926 4810 antiquitus
940 4723 1112 4789 Romanis.
1139 4769 1171 4775 -.
1195 4727 1226 4801 s),
1251 4725 1303 4788 33.
1321 4725 1481 4812 Antiquis
1506 4729 1656 4816 scripto-

416 4828 507 4892 ribus
528 4853 622 4892 rarus
638 4830 855 4898 obtrectator.
876 4854 983 4917 neque
1013 4830 1111 4894 refert
1134 4831 1332 4918 cuiusquam
1359 4832 1504 4897 Punicas
1527 4833 1656 4902 Roma-

414 4961 518 5002 nasne
549 4939 637 5002 acies
663 4938 783 5003 laetius
808 4938 980 5003 extuleris.
1009 4977 1052 4986 —
1083 4940 1113 5019 (1,
1147 4939 1407 5004 solennibus
1432 4941 1654 5036 (fliraecum)
