3709 6234
809 853 892 905 ttvtl
1439 851 1492 907 415

210 992 354 1059 LlNVS.
374 1018 485 1072 -11,
509 998 558 1071 hl·
577 994 720 1072 Quidam
743 997 925 1082 Cecropem
941 995 1183 1060 Atheniensem
1200 996 1254 1060 vel
1269 997 1390 1062 Linum
1412 999 1497 1062 The·

253 1099 378 1166 banum
389 1101 516 1186 (lerunt
531 1101 661 1167 litteras
676 1104 891 1190 repperisse).
901 1142 943 1150 —
954 1103 991 1170 tl.
1014 1128 1063 1167 12.
1082 1104 1261 1168 «Aureum
1278 1104 1491 1170 saeculum...

252 1210 362 1297 poetis
382 1217 415 1274 et
430 1209 565 1274 vatibus
586 1209 791 1286 abundabat,
812 1211 869 1299 qui
886 1211 970 1275 bene
988 1210 1073 1276 lacta
1094 1221 1296 1278 canerent...
1320 1212 1388 1276 Nec
1421 1213 1495 1276 aliis

253 1324 311 1380 aut
343 1316 450 1402 gloria
485 1318 590 1381 maior
619 1325 677 1382 aut
705 1318 880 1404 augustior
909 1318 1026 1396 honor,
1058 1320 1203 1407 primum
1236 1320 1325 1406 apud
1353 1320 1491 1398 deos...‚

252 1422 374 1488 deinde
388 1424 478 1512 apud
494 1424 570 1488 illos
584 1425 636 1489 dis
650 1425 785 1511 genitos
805 1449 985 1513 sacrosque
1005 1428 1207 1512 reges‚inter
1222 1449 1307 1514 quos
1324 1428 1492 1492 neminem

251 1530 472 1610 causidicum,
504 1532 563 1596 sed
585 1532 719 1619 Orphea
744 1541 776 1597 et
798 1533 917 1598 Linum
948 1557 1027 1599 ac...
1069 1533 1265 1621 Apollinem
1288 1535 1490 1621 accepimus

208 1636 337 1706 LllllS.
358 1677 400 1687 -
421 1663 471 1710 12,
490 1639 541 1707 56,
569 1639 660 1703 lnter
682 1638 791 1704 lacum
810 1640 974 1704 Fucinum
991 1664 1190 1730 amnemque
1211 1642 1314 1706 Lirim
1333 1650 1493 1729 perrupto

253 1745 360 1832 (iussu
376 1746 523 1834 Claudii)
541 1755 697 1813 monte...

207 1851 488 1922 ‘LIVENEIt-'s
508 1879 540 1919 v.
561 1854 800 1919 LlVlNllll'S.

208 1958 344 2040 tlt-tn,
363 1961 589 2036 Al'Gl'STA,
612 1963 748 2032 ll'LlA.
769 1963 891 2028 lVlAA
908 1963 1123 2028 AVGVSTA
1140 1964 1163 2028 ¹.
1191 2003 1234 2014 -
1254 1988 1281 2036 ι,
1304 1965 1334 2029 3.
1353 1965 1494 2029 Genitos

251 2069 403 2156 Agrippa
432 2069 552 2133 Gaium
581 2092 618 2133 ac
647 2070 829 2135 Lucium...
861 2094 952 2134 mors
981 2071 1049 2134 lato
1072 2095 1214 2158 propera
1248 2071 1302 2136 vel
1331 2095 1494 2136 novercae

252 2175 365 2239 Liviae
380 2175 479 2240 dolus
495 2176 647 2242 abstulit.
664 2215 706 2223 -
726 2201 752 2246 1.
770 2180 800 2241 5.
821 2178 950 2241 Rumor
963 2182 1145 2243 incesserat
1162 2181 1398 2265 Augustum...
1416 2179 1494 2242 Pla-

251 2282 380 2346 nasiam
397 2291 531 2348 vectum
550 2284 591 2346 ad
620 2284 798 2348 visendum
813 2286 1045 2373 Agrippam...
1062 2286 1159 2364 Quod
1183 2287 1370 2351 Maximum
1397 2288 1493 2350 uxori

251 2389 396 2455 Marciae
425 2391 608 2477 aperuisse,
632 2390 722 2454 illam
743 2392 897 2458 liviae...
935 2392 1081 2457 Acribus
1108 2393 1270 2457 custodiis
1296 2393 1434 2457 domum
1460 2402 1492 2457 et

250 2496 322 2561 vias
352 2506 523 2586 saepserat>
554 2499 659 2574 livia,
694 2497 839 2586 laetique
871 2500 1038 2564 interdum
1064 2500 1172 2564 nuntii
1194 2499 1492 2587 vulgabanturtde

251 2605 398 2690 Augusti
413 2604 635 2690 valetudine).
655 2645 697 2653 -
719 2631 744 2684 r,
766 2606 798 2671 6.
822 2606 966 2694 Propius
995 2631 1074 2671 vero
1096 2606 1265 2672 Tiberium
1287 2631 1324 2672 ac
1348 2608 1489 2674 Liviam.

250 2709 346 2774 illum
369 2721 472 2780 metu.
495 2712 581 2777 hauc
600 2713 836 2777 novercalibus
857 2713 943 2778 odiis
960 2714 1148 2801 (Agrippae
1167 2713 1334 2801 Postumi)
1356 2714 1491 2779 caedem

249 2817 506 2886 festinavisse...
541 2819 724 2884 Sallustius
752 2821 935 2907 Crispus...
977 2821 1108 2886 monuit
1135 2821 1279 2890 Liviam.
1310 2845 1351 2886 nc
1372 2845 1491 2886 arcana

248 2924 382 3006 domus,
399 2948 440 2990 ne
459 2926 599 2990 consilia
617 2928 813 3004 amicorum,
838 2929 1024 2992 ministeria
1036 2927 1183 2991 militum
1198 2928 1419 3014 vulgarentur
1448 2966 1492 2978 —

254 3056 281 3104 r,
300 3035 331 3097 8.
354 3033 502 3119 Augusti
518 3042 757 3098 testamentum
780 3086 799 3100 ..
824 3034 994 3099 Tiberium
1010 3043 1043 3100 et
1060 3035 1190 3099 Liviam
1206 3035 1346 3099 heredes
1360 3035 1488 3102 habuit.

249 3139 342 3204 Livia
359 3140 393 3204 in
414 3139 576 3204 familiam
602 3140 721 3205 Iuliam
744 3165 934 3230 nomenque
955 3144 1150 3229 Augustum
1173 3142 1425 3207 adsumebatur.
1448 3183 1490 3192 -

253 3270 280 3322 ι,
302 3270 350 3312 ιο.
374 3246 466 3311 Livia
484 3249 597 3334 gravis
627 3248 660 3312 in
691 3249 935 3336 rempublicam
963 3257 1070 3314 mater
1096 3251 1225 3334 (eorum
1247 3249 1384 3336 qnidem
1415 3274 1491 3314 seu-

250 3355 366 3432 tentia,
398 3356 456 3443 qui
482 3357 587 3418 vitam
612 3357 760 3441 Augusti
783 3357 997 3442 arguebant),
1029 3357 1141 3442 gravis
1171 3355 1284 3419 domui
1306 3356 1488 3420 Caesarum

248 3483 403 3525 noverca.
428 3500 469 3510 -
496 3487 522 3540 r,
542 3463 589 3525 13.
615 3462 730 3549 Neque
747 3471 859 3526 tamen
884 3462 1034 3550 periculo
1058 3463 1217 3550 (llaterii)
1244 3463 1418 3546 mitigatus
1438 3470 1489 3526 est

247 3568 441 3655 (Tiberius).
459 3569 566 3632 donec
583 3569 741 3633 Haterius
757 3573 949 3655 Augustam
977 3578 1086 3634 oraret
1102 3570 1241 3656 eiusque
1266 3570 1489 3632 curatissimis

247 3676 403 3761 precibus
427 3684 671 3763 protegeretur.
692 3715 734 3723 -
761 3702 787 3756 r,
809 3679 858 3752 il.
883 3676 992 3741 Multa
1015 3685 1149 3763 patrum
1170 3685 1202 3740 ct
1232 3677 1265 3739 iu
1297 3679 1487 3758 Augustam

245 3781 436 3847 adulatio...
465 3781 632 3871 Plerique.
665 3792 700 3847 ut
734 3784 861 3847 nomini
892 3783 1044 3848 Caresaris
1079 3782 1325 3847 adscriberetur
1355 3811 1369 3840 «
1387 3782 1489 3847 luliae

246 3887 376 3954 lilius».
410 3890 605 3955 censebant.
629 3930 671 3937 —
701 3914 728 3966 r,
761 3891 813 3953 33.
850 3891 1102 3975 (Germanicus)
1129 3892 1305 3977 Augustae
1339 3912 1486 3976 nepos..·

246 3997 462 4061 Accedebant
482 3996 663 4061 muliebres
678 3998 882 4061 olleusioncs
898 3997 1134 4062 novercalibus
1151 3997 1265 4061 Liviae
1281 3996 1315 4061 in
1329 3998 1488 4084 Agrippi·

246 4126 324 4169 nam
342 4104 501 4169 stimulis.
520 4144 548 4151 -
576 4129 606 4185 α,
626 4105 674 4179 il.
697 4104 935 4191 (Germanicus
950 4104 1034 4168 vidit
1050 4105 1084 4167 in
1105 4104 1246 4190 somnis)
1264 4127 1300 4168 se
1313 4113 1487 4192 operatum

245 4220 278 4275 et
298 4212 462 4298 sanguine
479 4236 573 4274 sacro
593 4235 745 4297 respersa
761 4219 935 4298 praetexta
953 4210 1177 4299 pulchriorem
1206 4211 1305 4275 aliam
1331 4211 1489 4276 manibus

245 4319 340 4383 aviae
356 4321 532 4404 Augustae
554 4319 793 4405 accepisse-
814 4343 843 4391 2,
867 4317 921 4393 34.
941 4317 1136 4404 Vrgulania,
1151 4340 1252 4405 quam
1278 4341 1378 4405 supra
1396 4318 1488 4404 leges

245 4426 390 4489 amicitia
408 4427 584 4510 Augustae
600 4424 923 4511 extulerat...(lllam
938 4424 973 4490 l..
991 4425 1069 4489 Piso
1087 4425 1119 4489 in
1140 4426 1191 4488 ius
1204 4426 1353 4511 vocavit)
1369 4449 1487 4513 quaru-

245 4555 345 4620 quam
372 4533 528 4618 Augusta
561 4556 594 4596 se
624 4531 743 4595 violari
772 4540 804 4595 et
833 4532 987 4596 imminui
1017 4539 1254 4620 quereretur...
1285 4532 1488 4619 Propinquis

246 4640 404 4703 Pisonem
433 4641 554 4703 frustra
583 4638 827 4706 coercentibus.
850 4639 970 4703 deferri
1005 4641 1161 4724 Augusta
1187 4639 1376 4726 pecuniam,
1401 4663 1485 4726 quae

244 4747 422 4835 petebatur
436 4747 575 4832 (iussit).
595 4783 634 4796 -
658 4771 689 4822 2,
712 4747 765 4822 43.
786 4746 984 4811 Plancinam
999 4746 1089 4810 haud
1104 4746 1205 4812 dubie
1225 4746 1381 4832 Augusta
1416 4770 1485 4810 mo-

230 4974 238 5007 ¹
258 4974 332 5021 Livia
357 4972 474 5020 llrusilla
501 4986 562 5019 mox
576 4971 642 5018 lulia
655 4971 787 5030 Augusta.
806 4970 927 5028 Proser„
944 4985 1000 5017 aro.

965 5249 1361 5509 Α
