3709 6234
285 865 340 922 696
812 865 839 917 C.
863 861 1050 918 rvnuaurvs

331 1010 529 1077 cohortes...
555 1008 694 1093 (Fabius
718 1005 845 1072 Valens
869 1006 908 1090 in
923 1004 1115 1071 subsidium
1131 1002 1325 1092 provinciae
1343 1003 1585 1092 Narbonensi)

332 1118 467 1184 misit...
485 1154 530 1168 -
552 1118 594 1195 ll,
617 1117 667 1181 15.
694 1116 803 1180 Atrox
828 1113 874 1178 ibi
899 1113 1032 1194 caedes,
1056 1120 1090 1178 et
1115 1112 1347 1201 Tungrarum¹
1382 1112 1583 1179 cohortium

332 1226 493 1314 praelecti
517 1230 707 1290 sustentata
734 1223 793 1288 diu
823 1223 893 1287 acie
917 1221 996 1286 telis
1022 1220 1226 1287 obruuntur.
1247 1219 1352 1299 -ΙΙ,
1375 1224 1428 1287 28.
1446 1221 1582 1287 Nuntio

332 1333 445 1399 adlato
477 1332 534 1416 (ad
561 1332 704 1396 Fabium
740 1330 933 1415 Valentem)
964 1328 1098 1418 pulsam
1127 1330 1343 1394 Trevirorum
1371 1330 1461 1395 alam
1485 1330 1581 1395 Tun·
1621 1327 1624 1331 ⁴

333 1463 480 1528 grosque
505 1463 524 1505 a
552 1438 662 1504 classe
687 1439 831 1505 Othonis
859 1445 893 1503 et
921 1437 1178 1503 Narbonensem
1195 1437 1340 1503 Galliam
1361 1438 1578 1506 circumiri...

332 1585 377 1598 -
401 1547 458 1628 lv,
485 1547 537 1612 16.
564 1546 633 1612 Nec
649 1546 707 1611 diu
727 1552 855 1611 certato
875 1546 1091 1633 Tungrorum
1117 1545 1238 1610 cohors
1256 1546 1351 1634 signa
1366 1545 1409 1610 ad
1428 1544 1581 1614 Civilem

333 1653 520 1721 transtulit.
537 1691 580 1703 -
596 1652 654 1734 IV,
672 1652 727 1718 55.
746 1655 872 1742 (Duces
901 1652 1092 1719 Galliarum
1118 1652 1338 1719 rebellionem
1362 1656 1580 1741 coeptantes)

333 1761 369 1825 in
384 1760 515 1825 colonia
531 1760 816 1849 Agrippinensi...
840 1761 1088 1828 conveniunt...
1107 1760 1293 1827 Interluere
1318 1760 1453 1851 quidam
1471 1760 1580 1826 Vbio-

333 1890 409 1932 rum
432 1868 725 1957 Tungrorumque.
751 1906 796 1919 -
822 1868 880 1950 lv,
898 1866 953 1935 66.
977 1868 1051 1948 Quo
1065 1868 1178 1934 minus
1195 1869 1284 1934 ultra
1299 1878 1453 1957 pergeret
1469 1868 1579 1957 (Civi-

333 1976 401 2064 lis),
425 1976 587 2042 Claudius
611 1976 723 2043 Labeo
749 1977 982 2044 Baetasiorum
1008 1979 1290 2067 Tungrorumque
1318 1986 1352 2046 et
1370 1979 1578 2048 Nerviorum

332 2084 531 2150 tumultaria
563 2108 665 2152 manu
697 2086 862 2152 restitit...
901 2085 1034 2167 Civilis,
1066 2109 1170 2152 ausus
1208 2110 1251 2153 an
1286 2109 1328 2152 ex
1369 2087 1575 2176 composito,

334 2192 450 2257 intulit
469 2216 506 2258 se
521 2194 649 2280 agmini
667 2193 881 2281 Tungrorum
902 2201 936 2259 et
959 2194 1050 2260 clara
1074 2218 1198 2263 voce...
1226 2194 1427 2262 Movebatur
1448 2195 1579 2283 vulgus

334 2300 591 2391 condebantque
621 2301 764 2389 gladios
792 2326 869 2369 cum
885 2301 1081 2391 Campanus
1095 2326 1132 2368 ac
1148 2301 1315 2371 luvenalis
1336 2327 1353 2370 e
1369 2302 1579 2392 primoribus

334 2408 548 2495 Tungrorum
567 2410 762 2475 universam
788 2410 817 2476 ei
838 2418 975 2497 gentem
995 2408 1165 2477 dedidere.
1183 2449 1226 2460 -
1242 2410 1301 2493 IV,
1324 2436 1376 2500 79.
1393 2409 1578 2499 (Quartam

335 2516 514 2607 decimam)
544 2518 753 2605 legionem...
788 2518 913 2583 Fabius
943 2517 1082 2584 Priscus
1110 2518 1242 2607 legatus
1262 2519 1296 2584 in
1311 2519 1454 2585 Nervios
1476 2519 1579 2586 Tun·

334 2648 480 2715 grosque
500 2626 609 2707 duxit,
627 2649 752 2715 eaeque
768 2627 923 2692 civitates
944 2627 978 2692 in
1003 2626 1210 2693 deditionem
1230 2634 1398 2715 acceptae.
1422 2663 1464 2676 —
1483 2627 1523 2693 G.
1542 2651 1576 2695 a.

336 2731 502 2811 Quoniam
536 2735 593 2823 qui
627 2734 725 2823 primi
757 2732 913 2800 Rhenum
943 2735 1147 2823 transgressi
1173 2734 1291 2800 Gallos
1320 2734 1516 2823 expulerint
1538 2758 1580 2801 ac

337 2863 427 2906 nunc
451 2841 591 2929 Tungri,
622 2850 703 2908 tunc
727 2842 889 2908 Germani
908 2844 1019 2909 vocati
1049 2844 1160 2910 sint...
1184 2881 1227 2893 -
1258 2843 1304 2910 A.
1332 2841 1386 2911 36.
1412 2842 1580 2931 Agricola

336 2950 541 3015 Batavorum
556 2950 713 3016 cohortes
729 2957 797 3015 tres
821 2973 859 3015 ac
883 2950 1098 3037 Tungrorum
1119 2950 1203 3017 duas
1228 2952 1424 3018 cohortatus
1449 2958 1517 3033 cst,
1540 2959 1581 3019 ut

336 3081 407 3123 rem
420 3058 464 3122 ad
478 3080 657 3123 mucrones
676 3081 714 3123 ac
730 3080 850 3121 manus
871 3057 1090 3126 adducerent.
1149 3134 1161 3158 .

291 3164 489 3231 TVRESIS.
511 3204 555 3214 -
576 3168 606 3242 d,
626 3166 678 3231 50.
702 3163 866 3229 Iuventus
883 3164 1100 3255 (Thraecum)
1116 3166 1255 3232 Tarsam
1271 3167 1358 3232 inter
1371 3173 1404 3233 et
1418 3166 1580 3233 Turesim

335 3272 598 3338 distrahebatur.
638 3273 780 3361 Vtrique
818 3272 1026 3339 destinatum
1069 3297 1145 3338 cum
1184 3274 1339 3341 libertate
1376 3274 1577 3341 occidere...

336 3383 472 3446 'l'urosis
500 3405 558 3445 sua
585 3405 661 3445 cum
695 3404 796 3446 manu
825 3389 959 3446 noctem
997 3384 1180 3469 opperitur,
1220 3383 1309 3448 haud
1348 3384 1460 3447 nescio
1492 3384 1581 3449 duce

336 3498 493 3554 nostro...

291 3596 473 3668 Tvlron'l,
508 3594 729 3659 TVRONVS.
762 3634 804 3644 —
841 3593 871 3674 3,
903 3597 958 3671 dr.
993 3595 1091 3660 llaud
1122 3597 1225 3661 lerme
1254 3595 1322 3662 ulla
1355 3595 1579 3687 (Galliarum)

334 3705 454 3769 civitas
480 3705 605 3767 intacta
635 3701 820 3766 seminibus
854 3702 925 3766 eius
956 3712 1068 3768 motus
1102 3704 1176 3780 suit,
1209 3703 1268 3768 sed
1302 3726 1439 3791 erupere
1473 3707 1580 3791 primi

335 3812 509 3877 Andecavi
537 3819 570 3875 et
600 3809 768 3875 Turoni...
805 3810 929 3874 Turoni
964 3810 1149 3897 legionario
1180 3812 1327 3876 milite...
1351 3813 1581 3898 oppressi.-

336 3921 366 3995 3,
389 3920 442 3995 46.
460 3949 474 3977 α
493 3920 563 3981 l'na
584 3942 690 4004 nuper
705 3918 825 3980 cohors
842 3917 1001 3982 rebellem
1022 3919 1193 3983 Turonum
1210 3917 1442 4007 (prolligavit).
1468 3948 1485 3979 u

290 4025 608 4097 Tt'lrr‘ltlnxt's,
628 4049 659 4090 v.
685 4024 938 4090 l'ETllONll'S
954 4026 1270 4092 Tl'llPlLlANVS.

291 4133 457 4198 Tt'ltl'ltt
474 4132 708 4207 nnltlt'tt's,
729 4156 762 4195 r.
784 4131 1020 4211 (Anulvlvs
1041 4134 1235 4221 TVRPIO).

292 4243 329 4308 C.
362 4239 658 4317 '1’t'ltltnn'1t's··‘‚
678 4239 1057 4320 '1't'1r1r.·lN1VS.—1,
1081 4267 1113 4329 7.
1132 4243 1169 4306 ln
1185 4242 1287 4307 verba
1308 4243 1430 4307 Tiberii
1451 4243 1579 4311 Caesa-

335 4350 380 4412 ris
396 4348 587 4411 iurarere...
598 4348 695 4411 Seius
710 4346 843 4428 Strabo,
857 4346 895 4412 C.
910 4348 1106 4428 Turranius,
1125 4349 1181 4413 ille
1195 4351 1438 4436 praetoriarum
1453 4353 1579 4419 cohor-

334 4459 418 4521 tium
439 4455 638 4541 praefectuS.
667 4457 719 4518 hic
740 4479 905 4520 annonae.
937 4496 980 4505 -
1018 4482 1066 4533 rr,
1084 4457 1137 4522 31.
1166 4458 1386 4522 Potissimum
1401 4482 1577 4548 quemque

337 4565 521 4627 amicorum
541 4571 639 4626 rorat
666 4562 857 4648 (Claudius)
887 4565 1101 4652 primumque
1122 4566 1168 4629 rei
1187 4566 1423 4631 frumentariae
1445 4570 1579 4653 praele-

336 4679 427 4735 ctum
444 4670 656 4732 Turranium.

325 4930 330 4959 ¹
351 4929 378 4974 L.
397 4928 530 4989 Spengel:
552 4929 733 4992 Tungrorum.
753 4930 805 4982 Sed
818 4932 851 4980 cl.
868 4941 891 4993 4,
907 4942 957 5000 47;
976 4933 1144 5000 Sugambrae
1162 4934 1292 4988 cohortis.

323 5010 334 5042 ¹²
349 5008 471 5064 tuos-orn,
486 5023 540 5074 ²97·

1458 5261 1689 5509 Nl
