3709 6234
707 858 879 911 cvfflfflvs
897 857 1069 912 MATERNVS
1471 860 1522 915 2³1

284 998 313 1063 si
328 1006 478 1065 extremo
501 998 635 1087 paludis
657 1023 761 1088 eques
785 1000 999 1067 mitteretur:
1026 999 1173 1066 solidum
1190 1000 1249 1068 illa
1264 1009 1298 1066 et
1314 1001 1521 1090 Cugernos¹,

283 1105 407 1193 quibus
421 1106 576 1172 custodia
592 1107 799 1187 obvenisset,
826 1130 946 1195 parum
961 1107 1121 1173 intentos.
1144 1161 1151 1175 .

236 1210 409 1279 CVMAE.
425 1251 469 1262 -
498 1213 548 1289 16,
572 1238 620 1303 ¹9·
640 1216 740 1280 Forte
755 1214 824 1278 illis
838 1213 959 1280 diebus
975 1199 1195 1303 Campaniam
1217 1216 1384 1304 petiverat
1403 1217 1523 1302 (Nero)

282 1321 418 1400 Caesar,
449 1328 482 1386 et
507 1321 632 1386 Cumas
657 1344 763 1409 usque
787 1344 987 1410 progressus
1010 1322 1083 1409 (Τ.)
1106 1323 1284 1388 Petronius
1306 1322 1375 1388 illic
1399 1324 1522 1389 attine-

283 1427 393 1494 batur.

236 1533 433 1601 CVMANA
460 1536 640 1601 LlTORA.
662 1573 706 1586 -
735 1537 785 1616 15,
805 1537 861 1614 (6.
881 1536 1146 1619 Gubernatores,
1170 1538 1326 1626 quamvis
1350 1538 1522 1604 saeviente

281 1641 414 1731 pelago,
441 1668 459 1709 a
481 1644 625 1709 Formiis
645 1667 781 1709 movere
806 1651 850 1724 et,
872 1645 969 1731 gravi
991 1645 1119 1726 Africo,
1141 1645 1222 1711 dum
1248 1646 1521 1734 promunturium

280 1751 403 1817 Miseni
418 1775 575 1840 superare
591 1752 813 1830 contendunt,
828 1752 992 1817 Cumanis
1003 1751 1160 1818 litoribus
1182 1753 1319 1841 impacti
1333 1752 1520 1818 triremium

281 1859 501 1948 plerasque...
525 1860 723 1925 amiserunt.

236 1966 481 2032 CVlllATll'S
502 1966 764 2044 MATERNVS,
788 1966 1069 2033 MATEllNVSl.
1094 2005 1134 2018 -
1162 1967 1200 2032 0.
1237 1992 1267 2035 2.
1300 1967 1440 2033 Postero
1467 1966 1522 2033 die

280 2097 381 2164 quam
416 2072 586 2139 Curiatius
616 2075 790 2139 Maternus
813 2073 978 2139 Catonem
1005 2075 1216 2156 recitaverat,
1243 2098 1321 2141 cum
1340 2074 1521 2141 ollendisse

279 2182 468 2270 potentium
487 2182 618 2247 animos
633 2180 813 2257 diceretur,
828 2189 1002 2269 tamquam
1018 2183 1053 2245 iu
1070 2205 1108 2247 eo
1120 2181 1313 2268 tragoediae
1322 2189 1521 2269 argumento

281 2288 333 2353 sui
358 2286 485 2353 oblitus
531 2296 663 2354 tantum
702 2288 866 2354 Catonem
905 2288 1098 2375 cogitasset,
1133 2296 1341 2355 ...venerunt
1370 2288 1414 2353 ad
1443 2312 1520 2354 eum

281 2396 415 2462 Marcus
440 2397 533 2484 Aper
558 2402 592 2460 et
618 2395 724 2461 lulius
753 2394 971 2460 Secundus...
992 2434 1035 2443 —
1065 2397 1097 2461 3.
1123 2396 1231 2483 lgitur
1256 2404 1294 2461 ut
1318 2397 1521 2462 intravimus

278 2502 472 2568 cubiculum
514 2502 700 2569 Materni...
736 2503 822 2569 Tum
861 2501 1058 2569 Secundus:
1089 2503 1264 2568 «Nihilne
1309 2511 1353 2580 te,
1395 2504 1517 2592 inquit,

279 2610 444 2689 Materne,
461 2608 594 2674 tabulae
610 2610 835 2697 malignorum
850 2617 990 2688 terrent,
1009 2632 1076 2697 quo
1092 2611 1204 2676 minus
1219 2611 1364 2676 ollensas
1380 2610 1519 2676 Catonis

280 2717 329 2782 tui
348 2718 467 2783 ames?
483 2744 498 2776 »
582 2717 667 2781 Tum
696 2715 812 2782 ille:u
842 2718 963 2803 Leges,
993 2718 1115 2806 inquit,
1147 2717 1228 2806 quid
1256 2717 1433 2782 Maternus
1454 2717 1519 2782 sibi

279 2821 461 2889 debuerit-².
483 2849 499 2882 »
515 2862 559 2872 -
583 2825 614 2899 4.
643 2850 658 2881 «
683 2823 725 2887 llt
737 2822 935 2888 Maternus:
955 2848 971 2887 u
996 2822 1215 2890 Perturbarer
1239 2824 1301 2889 hac
1318 2831 1375 2889 tua
1395 2825 1519 2890 severi-

278 2937 386 2996 tate...
410 2954 427 2994 »
447 2969 489 2979 —
510 2928 541 2996 5.
560 2929 740 3018 (Loquitur
769 2929 874 3017 Aper)
904 2957 919 2989 «
932 2929 1008 2994 Non
1024 2931 1134 3018 patiar
1150 2930 1341 2996 Maternum
1357 2932 1518 2997 societate

229 3067 235 3074 ·
276 3036 425 3125 plurium
444 3035 622 3103 delendi...
642 3036 744 3101 Plura
767 3036 810 3100 dc
831 3036 976 3102 utilitate
996 3035 1238 3126 (eloquentiae)
1260 3061 1327 3103 non
1348 3037 1437 3113 dico,
1460 3038 1517 3104 cui

278 3145 365 3233 parti
392 3144 530 3208 minime
559 3150 676 3209 contra
702 3143 872 3208 dicturum
902 3143 1095 3209 Maternum
1124 3167 1238 3209 meum
1264 3144 1420 3210 arbitror.
1437 3173 1513 3205 »-

275 3276 307 3341 9.
324 3280 339 3311 a
368 3249 526 3316 Carmina
542 3257 575 3315 et
589 3273 720 3327 versus,
743 3250 868 3338 quibus
884 3257 991 3316 totam
1008 3252 1114 3317 vitam
1133 3252 1308 3316 Maternus
1343 3252 1512 3318 insumere

274 3365 409 3445 optat...
432 3357 525 3422 Licet
541 3356 623 3421 haec
638 3358 711 3444 ipsa
724 3365 758 3422 et
774 3380 861 3445 quae
874 3357 1035 3445 deinceps
1050 3356 1202 3423 dicturus
1222 3381 1297 3423 sum
1313 3380 1411 3422 aures
1422 3366 1513 3438 tuae,

275 3463 440 3540 Materne,
477 3471 650 3552 respuant,
687 3463 741 3528 cui
760 3462 849 3528 bono
877 3473 941 3545 est,
971 3465 1000 3528 si
1029 3464 1118 3552 apud
1145 3472 1177 3530 te
1202 3465 1439 3551 Agamemnon
1459 3472 1518 3531 aut

278 3571 376 3637 lason
405 3570 529 3635 diserte
564 3569 781 3659 loquiturt...
816 3571 853 3635 Si
887 3572 1016 3636 amicus
1045 3572 1174 3651 eius...,
1205 3572 1233 3634 si
1266 3570 1411 3658 denique
1445 3571 1516 3659 ipse

276 3678 423 3766 (Saleius
452 3678 591 3766 Bassus)
609 3678 648 3741 in
665 3676 803 3765 aliquod
828 3679 1004 3764 negotium
1024 3676 1191 3758 inciderit,
1217 3677 1368 3743 adhunc
1388 3678 1516 3744 Secun-

276 3786 357 3850 dum
376 3790 525 3850 recurret
540 3792 599 3849 aut
622 3783 663 3848 ad
689 3793 734 3856 te.
759 3784 956 3851 Materne...
976 3813 991 3845 a
1009 3823 1051 3833 -
1077 3808 1124 3851 ro.
1150 3809 1167 3848 a
1191 3784 1258 3850 Sed
1283 3792 1395 3850 tecum
1416 3786 1513 3865 mihi,

277 3893 441 3972 Materne,
468 3915 521 3956 res
541 3898 604 3965 est,
633 3892 735 3979 quod,
760 3915 836 3956 cum
863 3899 983 3957 natura
1005 3900 1035 3955 tr
1051 3900 1108 3957 tua
1128 3892 1162 3956 in
1183 3892 1292 3980 ipsam
1316 3915 1427 3958 arcem
1446 3893 1517 3959 elo·

276 4000 433 4089 quentiae
457 3999 554 4072 terat,
578 4021 689 4064 errare
713 4000 823 4063 mavis
847 4007 880 4064 et
907 4022 1040 4065 summa
1066 3998 1251 4087 adepturus
1272 3999 1307 4065 in
1333 3998 1516 4066 levioribus

275 4106 477 4173 subsistis...
498 4135 513 4165 n
531 4143 573 4154 -
594 4130 644 4171 rr.
663 4105 757 4184 Quae
772 4129 850 4171 cum
864 4105 1008 4171 dixisset
1023 4107 1116 4195 Aper
1130 4106 1253 4190 acrius,
1269 4115 1307 4173 ut
1326 4106 1514 4190 solebat...,

276 4213 437 4278 remissus
452 4220 486 4278 et
502 4212 682 4278 subridens
707 4213 923 4280 Maternus...
940 4252 983 4263 —
1004 4217 1054 4291 r(
1077 4213 1227 4279 Vixdum
1242 4214 1375 4280 linierat
1389 4215 1515 4280 Mater-

275 4343 351 4402 nus,
368 4320 559 4385 concitatus
573 4329 607 4385 et
623 4319 717 4386 velut
732 4321 957 4388 instinctus...
974 4320 1155 4410 (Loquitur
1180 4320 1287 4385 lulius
1303 4319 1515 4409 Secundus)³

276 4457 291 4489 a
308 4427 601 4494 Delectasset...te
611 4436 644 4492 et
659 4428 745 4515 Apri
761 4428 1150 4493 nostriaccuratissimus
1165 4452 1287 4509 sermo,
1301 4451 1378 4494 cum
1393 4429 1503 4495 Mater

264 4661 273 4695 ¹
294 4659 320 4712 Μ
333 4674 340 4710 :
355 4673 505 4725 quqeruos.

262 4739 412 4799 ²Pnosor.‚
431 4739 498 4789 1³13.

263 4820 275 4855 ³
289 4819 342 4869 Sic.
361 4819 451 4871 llalm.
464 4820 560 4873 ABG:
579 4821 654 4886 leqee
673 4824 700 4870 tu
715 4827 757 4881 (tu
774 4836 829 4872 om.
841 4822 872 4884 C)
887 4823 957 4887 quid
974 4824 1119 4873 Maternus
1132 4823 1187 4872 sibi
1200 4823 1343 4881 debuerit·
1358 4824 1515 4875 Baehrens:

232 4899 308 4965 teger
323 4904 352 4949 tu
363 4915 435 4966 qnae
449 4900 561 4963 audisti,
580 4904 606 4951 et
621 4916 762 4967 agnosces,
774 4902 843 4968 quid
858 4903 1006 4953 Maternus
1020 4903 1076 4953 eibi
1090 4904 1229 4963 debuerit,·
1251 4904 1418 4969 Nipperdey,
1434 4919 1515 4968 quem

232 4995 294 5045 seq.
313 4980 578 5032 Orelli-Andresen:
597 4982 679 5048 leges,
693 4982 794 5047 inquit,
809 4983 834 5032 ei
850 4982 973 5033 libuerit.
