3709 6234
364 848 418 906 504
964 851 1050 907 otoo

409 992 546 1080 flagitiis
567 992 765 1080 permixtos.
789 1028 829 1040 —
851 992 894 1067 ΙΙ,
925 1016 976 1081 17.
1001 993 1191 1080 Aperuerat
1214 993 1282 1057 iam
1302 992 1435 1057 ltaliam
1459 990 1647 1066 bellum...,

409 1099 504 1166 nullo
517 1099 607 1186 apud
619 1103 823 1188 quemquam
839 1099 983 1165 Othonis
997 1099 1123 1174 lavore,
1137 1122 1198 1165 nec
1211 1100 1290 1188 quia
1303 1098 1479 1165 Vitellium
1490 1097 1647 1176 mallent,

409 1208 470 1273 sed
483 1207 586 1294 leuga
601 1230 668 1294 pax
681 1207 724 1272 ad
739 1229 837 1272 omne
851 1207 1027 1272 servitium
1044 1206 1231 1293 fregerat...
1247 1246 1291 1255 —
1307 1206 1350 1288 ΙΙ,
1371 1205 1421 1271 ι8.
1442 1204 1650 1293 (Spurinnae

410 1315 549 1400 milites)
579 1314 676 1401 prodi
702 1312 871 1379 Othonem
901 1322 935 1378 et
960 1313 1105 1378 accitum
1136 1312 1315 1378 Caecinam
1342 1311 1577 1377 clamitabant.
1606 1348 1651 1360 -

411 1422 454 1501 ΙΙ,
471 1446 525 1487 21.
543 1420 653 1487 Simul
667 1420 836 1487 Othonem
852 1444 890 1485 ac
904 1420 1080 1485 Vitellium
1093 1420 1303 1485 celebrantes
1318 1419 1539 1507 culpantesve
1555 1417 1649 1505 (hinc

409 1529 616 1606 defensores,
633 1527 711 1594 inde
727 1535 979 1617 oppugnatores
999 1527 1219 1616 Placentiae).
1238 1528 1340 1605 -ΙΙ,
1366 1528 1419 1591 23.
1439 1526 1648 1592 Certatim...

410 1637 562 1702 Annium
596 1635 732 1701 Gallum
760 1644 793 1700 et
822 1635 1022 1701 Suetonium
1056 1635 1236 1703 Paulinum
1270 1643 1303 1700 et
1335 1635 1481 1699 Marium
1508 1633 1649 1699 Celsum

409 1745 561 1833 aliosque
581 1767 667 1832 quos
696 1742 785 1808 Otho
812 1742 1030 1829 praefecerat,
1065 1742 1169 1808 variis
1202 1741 1401 1807 criminibus
1434 1741 1651 1806 incessebant

409 1851 576 1938 (milites).
601 1850 776 1915 Acerrime
794 1849 999 1915 seditionum
1022 1873 1060 1914 ae
1080 1849 1268 1915 discordiae
1288 1850 1518 1922 incitamenta,
1543 1849 1650 1913 inter-

411 1960 553 2024 lectores
584 1956 753 2024 Gal-bae...
784 1957 925 2023 miseere
952 1965 1086 2038 cuncta,
1115 1957 1273 2036 modo...,
1306 1956 1406 2022 modo
1434 1955 1577 2021 occultis
1608 1955 1650 2020 ad

411 2066 579 2131 Othonem
600 2064 736 2144 litteris,
752 2064 811 2153 qui
838 2063 1029 2129 humillimo
1044 2065 1166 2152 cuique
1184 2064 1353 2142 credulus,
1371 2063 1478 2129 bonos
1493 2070 1650 2128 metuens

409 2171 642 2260 trepidabat...
671 2171 779 2258 Igitur
801 2171 972 2235 Titianum
998 2172 1136 2236 fratrem
1161 2172 1306 2237 accitum
1331 2169 1420 2236 bello
1440 2170 1647 2258 praeposuit.

410 2317 453 2329 —
490 2278 532 2355 ll,
570 2280 622 2343 25.
659 2278 865 2343 Vulneratur
899 2300 958 2342 rex
990 2277 1196 2365 Epiphanes
1236 2277 1378 2364 impigre
1416 2300 1476 2364 pro
1515 2275 1650 2341 Othone

410 2409 559 2474 pugnam
579 2386 683 2451 ciens.
705 2385 813 2465 -ΙΙ,
837 2384 889 2449 26.
911 2385 1055 2450 Vinctus
1077 2385 1111 2471 (a
1133 2384 1340 2470 Vitellianis)
1364 2384 1554 2472 praelectus
1576 2407 1651 2449 cas-

410 2501 540 2559 trorum
566 2492 671 2557 lulius
695 2492 835 2565 Gratus,
860 2500 1035 2580 tamquam
1059 2492 1155 2556 fratri
1178 2491 1269 2580 apud
1293 2492 1462 2557 Othonem
1488 2489 1650 2556 militanti

410 2600 636 2688 proditionem
653 2607 807 2687 ageret...
821 2636 867 2649 -
881 2599 924 2676 ΙΙ,
942 2603 996 2666 28.
1015 2599 1141 2664 Nuntio
1158 2600 1271 2664 adlato
1287 2599 1419 2686 pulsam
1435 2599 1649 2663 Trevirorum

411 2708 499 2772 alam
521 2708 743 2794 Tungrosque
760 2731 777 2771 a
797 2706 906 2771 classe
927 2707 1072 2771 Othonis
1087 2714 1121 2772 et
1140 2706 1398 2772 Narbonensem
1417 2705 1565 2771 Galliam
1581 2707 1651 2770 eir-

411 2815 572 2881 cumiri...
591 2814 691 2893 -ll,
718 2814 771 2878 30.
799 2812 939 2898 (Fabius
965 2813 1090 2879 Valens
1114 2822 1148 2880 et
1171 2814 1316 2879 Alienus
1339 2812 1497 2900 Caecina)
1522 2814 1651 2879 crebris

410 2922 566 3011 epistulis
591 2922 664 2986 sine
690 2928 845 3009 respectu
872 2921 990 2986 veniae
1016 2922 1139 3010 probra
1167 2922 1293 2987 Othoni
1319 2921 1540 3002 obiectantes,
1573 2944 1650 2986 eum

411 3030 514 3095 duces
534 3028 679 3117 partium
703 3030 847 3118 Othonis
870 3030 1027 3116 quamvis
1049 3028 1217 3095 uberrima
1238 3030 1466 3095 conviciorum
1484 3028 1519 3094 in
1535 3029 1650 3095 Vitel-

412 3138 494 3202 lium
515 3136 655 3201 materia
671 3136 893 3201 abstinerent.
912 3175 955 3185 —
972 3136 1015 3208 ll.
1034 3138 1086 3200 31.
1105 3138 1194 3202 Sane
1214 3146 1292 3202 ante
1308 3138 1484 3226 utriusque
1504 3136 1649 3217 exitum,

411 3268 477 3332 (luo
502 3243 672 3330 egregiam
698 3243 787 3308 Otho
809 3243 944 3322 lamam,
977 3243 1134 3309 Vitellius
1159 3245 1459 3331 flagitiosissimam
1482 3267 1649 3325 meruere,

413 3351 525 3415 minus
550 3349 676 3415 Vitellii
699 3351 840 3436 ignavae
865 3350 1059 3438 voluptates
1079 3375 1180 3439 quam
1199 3352 1343 3418 Othonis
1369 3351 1651 3438 llagrantissiniae

410 3458 569 3522 libidines
589 3458 836 3523 timebantur...
865 3457 1024 3522 Vitellius
1049 3467 1166 3524 ventre
1191 3468 1224 3523 et
1247 3458 1326 3545 gula
1352 3459 1415 3522 sibi
1436 3459 1649 3534 inhonestus,

412 3565 502 3630 Otho
528 3566 622 3643 luxu,
654 3565 806 3636 saevitia,
834 3564 973 3629 audacia
1003 3566 1050 3630 rei
1074 3566 1229 3653 publicae
1254 3568 1426 3631 exitiosior
1449 3565 1649 3630 ducebatur.

413 3672 612 3737 Coniunctis
629 3672 791 3736 l'iaecinae
808 3696 844 3735 ae
862 3672 1015 3736 Valentis
1031 3674 1192 3759 copiis..,
1223 3674 1311 3738 Otho
1328 3674 1545 3745 consultavit,
1563 3673 1653 3737 trahi

414 3778 540 3843 bellum
561 3804 604 3843 an
628 3779 797 3843 fortunam
817 3781 960 3866 experiri
982 3781 1140 3867 placeret.
1158 3820 1200 3828 -
1219 3781 1261 3861 ΙΙ,
1284 3782 1337 3847 33.
1361 3783 1450 3846 Otho
1467 3804 1594 3868 pronus
1609 3780 1651 3844 ad

412 3887 671 3959 decertandum:
703 3887 804 3951 frater
831 3887 902 3951 eius
932 3887 1084 3951 Titianus
1108 3897 1141 3952 et
1168 3889 1356 3974 praelectus
1386 3889 1544 3976 praetorii
1570 3888 1652 3952 Pro-

413 3994 520 4070 culus,
545 3994 712 4080 imperitia
728 4002 960 4080 properantes
981 3995 1149 4059 fortunam
1165 4004 1198 4060 et
1217 3994 1347 4060 deeset
1364 4019 1489 4060 nornen
1506 3997 1652 4061 Othonis

412 4101 529 4164 adesse
559 4101 721 4169 consiliis,
754 4100 867 4165 adfore
899 4101 1079 4166 conatibus
1108 4104 1359 4168 testabantur...
1390 4105 1651 4168 llemanentium

414 4207 539 4272 fractus
564 4208 708 4274 animus
734 4208 868 4294 quando
899 4209 1047 4294 suspecti
1074 4209 1176 4274 duces
1203 4219 1236 4274 et
1263 4210 1365 4288 Otho,
1394 4210 1447 4274 cui
1474 4211 1531 4275 uni
1560 4212 1652 4298 apud

411 4314 552 4379 militem
574 4314 713 4381 tides...
738 4315 876 4401 imperia
899 4316 1023 4380 ducum
1047 4317 1081 4380 in
1101 4317 1229 4381 incerto
1247 4319 1498 4404 reliquerat-
1520 4318 1564 4395 ΙΙ,
1591 4317 1646 4381 36.

413 4421 481 4485 Nec
502 4421 608 4485 multo
632 4430 708 4508 post
729 4422 914 4486 Vestricius
937 4424 1105 4510 Spurinna
1131 4425 1225 4488 iussu
1251 4426 1408 4503 Othonis
1434 4425 1550 4489 relicto
1574 4425 1651 4490 Pla-

413 4529 541 4592 centiae
559 4529 690 4592 modico
711 4530 890 4615 praesidio.
909 4554 986 4593 cunr
1000 4530 1196 4595 cohortibus
1211 4531 1371 4595 subvenit
1392 4532 1652 4617 (gladiatoribus

415 4637 448 4699 in
463 4635 546 4698 Padi
567 4636 637 4721 ripa
657 4636 864 4723 agentibus).
888 4638 974 4701 llein
999 4637 1153 4701 Flavium
1176 4638 1338 4702 Sabinum
1362 4639 1535 4703 consulem
1560 4638 1651 4703 desi·

409 4750 549 4826 gnatum
571 4744 659 4805 Otho
674 4751 837 4807 rectorem
853 4744 959 4830 copiis
975 4745 1078 4820 misit,
1097 4746 1220 4832 quibos
1236 4747 1412 4829 (Marcius)
1431 4746 1542 4810 llaeer
1557 4770 1652 4833 prae·

413 4850 532 4913 luerat.
543 4886 587 4899 —
599 4850 640 4917 ll.
656 4850 708 4913 38.
727 4850 802 4913 Non
818 4851 1005 4915 discessere
1016 4851 1057 4914 ab
1073 4853 1175 4915 munis
1189 4853 1222 4915 in
1241 4853 1415 4916 Pharsalia
1431 4876 1468 4916 ac
1484 4852 1651 4940 Philippis

413 4957 535 5022 civium
548 4956 711 5044 legiones,
724 4958 848 5023 nedum
863 4959 1008 5023 Othonis
1017 4983 1054 5025 ac
1063 4959 1190 5026 Vitellii
1202 4960 1371 5026 exercitus
1381 4967 1500 5048 sponte
1508 4959 1651 5047 posituri
