3709 6234
320 872 370 927 122
819 872 927 924 annea
947 871 1093 924 sonsnvs

318 1014 374 1082 Tl.
396 1012 681 1079 BALBILLV81.
704 1051 747 1062 —
778 1010 827 1092 13,
847 1036 899 1080 aa.
921 1013 1101 1102 Aegyptus
1122 1011 1191 1084 Til.
1214 1012 1360 1080 Balbillo
1373 1015 1599 1108 (Agrippinae

362 1122 469 1187 amico
489 1120 723 1210 permittitur).

320 1227 524 1296 BALBVS³.
540 1264 585 1279 -
600 1227 631 1306 3,
648 1251 701 1315 72.
724 1226 794 1292 Nec
823 1227 1002 1315 Augustus
1021 1236 1174 1294 arcuerat
1201 1229 1361 1312 Taurum,
1386 1229 1596 1320 Philippum,

365 1336 507 1402 Balbum
522 1334 664 1400 hostiles
683 1334 824 1400 exuvias
839 1342 897 1399 aut
911 1333 1124 1400 exundantes
1137 1359 1217 1426 opes
1233 1343 1388 1403 ornatum
1403 1335 1446 1402 ad
1458 1337 1552 1404 urbis
1565 1346 1600 1404 et

363 1452 534 1532 posterum
556 1441 699 1529 gloriam
715 1439 878 1506 conlerre.

319 1548 571 1617 nalnsnns.
593 1587 636 1598 -—
657 1549 707 1624 13,
724 1547 778 1626 43.
795 1547 849 1636 (P.
868 1547 1023 1638 Suillius)
1044 1549 1079 1614 in
1093 1549 1225 1616 insulas
1256 1551 1412 1618 Baleares
1444 1551 1596 1640 pellitur.

320 1657 516 1723 BAlllllt'S
552 1654 819 1723 PllOCVLVSl.
845 1693 888 1704 -
912 1679 941 1732 r,
964 1657 1016 1723 25.
1045 1656 1162 1745 (Otho)
1178 1682 1195 1724 e
1211 1657 1342 1725 libertis
1370 1659 1597 1726 Onomastum

362 1765 476 1830 tuturo
502 1762 620 1829 sceleri
646 1761 819 1851 praefecit,
834 1787 851 1826 a
868 1784 936 1850 quo
970 1762 1129 1828 Barbium
1160 1764 1341 1831 Proculum
1380 1767 1597 1833 tesserarium

362 1871 614 1960 speculatorum
628 1879 662 1936 et
676 1870 895 1936 Veturium...
911 1870 1105 1959 perductos,
1134 1880 1315 1962 postquam
1330 1875 1424 1940 vario
1445 1897 1599 1941 sermone

361 1978 502 2044 callidos
517 1978 728 2066 audacesque
742 1976 944 2065 cognovit...

317 2085 595 2163 ‘BAllOANES
617 2110 651 2151 v.
669 2083 932 2151 VAltDANES.

320 2193 474 2259 Banna
496 2191 719 2270 SOlthVS
734 2191 957 2266 SORANVS,
981 2192 1168 2258 nminat
1190 2231 1235 2243 -
1259 2219 1308 2270 ro,
1326 2193 1381 2260 53.
1405 2193 1592 2263 Pallanti...

361 2301 526 2390 praetoria
556 2300 701 2387 insignia
730 2307 764 2364 et.
792 2300 943 2365 centiens
968 2300 1216 2390 quinquagiens
1244 2302 1438 2368 sestertium
1462 2305 1597 2369 censuit

361 2407 480 2473 consul
496 2406 695 2492 designatus
709 2407 815 2471 Barea
831 2406 993 2472 Soranus.
1011 2445 1053 2455 -
1074 2406 1124 2486 16,
1143 2431 1197 2473 21.
1215 2405 1271 2473 Ad
1286 2416 1495 2496 postremum
1508 2410 1595 2476 Nem

361 2517 521 2580 virtutem
535 2515 643 2601 ipsam
659 2514 856 2579 exscindere
871 2513 1066 2602 concupivit
1081 2513 1257 2581 interfecto
1272 2515 1419 2583 Thrasea
1435 2517 1541 2583 Paeto
1564 2523 1596 2583 et

362 2624 467 2687 Barea
507 2622 648 2702 Sorano,
677 2621 758 2685 olim
778 2621 931 2709 utrisque
961 2621 1125 2688 infensus.
1149 2660 1188 2671 --
1216 2621 1267 2703 16,
1300 2622 1355 2689 23.
1383 2624 1431 2689 At
1455 2626 1593 2690 Baream

362 2730 528 2794 Soranum
548 2729 615 2794 iam
630 2727 694 2794 sibi
709 2728 866 2796 Ostorius
895 2727 1043 2793 Sabinus
1062 2751 1165 2818 eques
1196 2730 1372 2796 Romanus
1397 2739 1596 2819 poposcerat

360 2861 455 2902 reum
483 2860 525 2901 ex
558 2835 798 2924 proconsulatu
821 2836 935 2918 Asiae,
959 2835 992 2899 in
1013 2859 1080 2924 quo
1100 2837 1303 2902 offensiones
1323 2838 1485 2926 principis
1503 2840 1596 2906 auxit

360 2945 487 3011 iustitia
503 2951 604 3032 atque
617 2943 794 3010 industria.
804 2995 825 3009 ..
844 2942 911 3009 Sed
926 2944 1059 3010 crimini
1083 2944 1227 3010 dabatur
1252 2944 1401 3010 amicitia
1415 2945 1594 3033 (Rubellii)

361 3052 485 3117 Plauti.
505 3090 541 3101 -
569 3050 619 3128 16,
638 3049 691 3115 30.
718 3051 832 3140 Atque
856 3051 991 3116 interim
1011 3051 1168 3118 Ostorius
1188 3051 1347 3129 Sabinus,
1368 3052 1488 3118 Sorani
1500 3077 1596 3119 aecu-

359 3167 461 3233 sator,
477 3158 664 3245 ingreditur
678 3157 875 3247 orditurque
894 3158 936 3223 de
960 3159 1108 3225 amicitia
1123 3157 1272 3224 Rubellii
1287 3158 1415 3238 Plauti,
1435 3160 1594 3249 quodque

360 3265 637 3356 proconsulatum
652 3265 755 3331 Asiae
778 3266 927 3332 Soranus
942 3266 1168 3354 popularitate
1183 3265 1246 3331 sibi
1271 3266 1384 3355 potius
1403 3264 1595 3333 adcommo-

359 3377 476 3440 datum
492 3396 592 3461 quam
608 3395 650 3437 ax
670 3372 817 3438 utilitate
832 3373 1004 3438 communi
1025 3373 1163 3460 egisset,
1181 3372 1302 3438 alendo
1315 3373 1501 3440 seditiones
1514 3375 1596 3440 eivi-

360 3483 492 3548 tatium.
509 3516 554 3531 -
579 3480 629 3552 iti,
647 3479 700 3546 32.
718 3479 903 3568 Loquentis
917 3480 1027 3545 adhue
1043 3480 1145 3545 verba
1165 3481 1291 3568 exeipit
1307 3481 1424 3570 (tiliae)
1445 3482 1596 3548 Soranus

360 3590 655 3680 proclamatque...
708 3587 880 3667 Quantum
925 3588 1174 3654 misericordiae
1203 3587 1343 3653 saevitia
1371 3587 1597 3655 accusationis

360 3707 582 3786 permoverat,
613 3705 744 3763 tantum
778 3696 846 3761 irae
866 3695 904 3760 Ρ.
930 3695 1095 3783 Egnatius
1120 3695 1216 3760 testis
1231 3695 1389 3763 concivit.
1408 3695 1525 3762 Cliens
1543 3695 1597 3761 hic

361 3805 493 3878 Sorani,
522 3814 555 3869 et
582 3813 662 3870 tunc
697 3810 831 3891 emptus
859 3802 902 3867 ad
922 3801 1181 3892 opprimendum
1197 3802 1386 3868 amicum...
1408 3801 1593 3883 --16,33.

360 3911 510 3996 (Cassius
542 3910 830 3999 Asclepiodotus),
852 3933 920 3997 quo
953 3909 1115 3999 obsequio
1130 3910 1307 3975 florentem
1321 3910 1490 3976 Soranum
1510 3910 1597 3977 cele-

361 4018 528 4096 braverat,
567 4017 738 4082 labantem
773 4043 840 4082 non
864 4018 1053 4084 deseruit...
1077 4017 1242 4083 Thraseae
1257 4016 1453 4105 Soranoque
1472 4018 1597 4084 etSer-

362 4125 460 4190 ciliae
488 4124 587 4191 datur
613 4124 731 4188 mortis
763 4123 952 4190 arbitrium.
982 4163 1022 4174 -
1052 4124 1108 4201 lt',
1148 4149 1178 4212 7.
1212 4124 1384 4210 (Testatur
1416 4123 1596 4190 llelvidius

362 4232 514 4320 Priscus)
528 4231 630 4297 luisse
642 4231 850 4319 Vespasiano
867 4230 1048 4297 amicitiam
1070 4255 1147 4296 cum
1166 4231 1325 4314 Thrasea,
1348 4229 1491 4312 Somne,
1512 4232 1595 4299 Sen-

349 4523 356 4558 ¹
377 4523 555 4573 Ti.Claudius
571 4525 710 4573 Balbillus.
726 4525 849 4576 Pnosor..
868 4524 897 4572 C.
914 4524 970 4574 662.

347 4593 397 4646 'ld
410 4609 416 4642 :
431 4609 460 4659 g.
479 4594 555 4647 Corr.
579 4596 666 4644 Labus
682 4600 709 4644 et
736 4595 893 4658 Nipperdey
915 4596 1021 4643 collatis
1044 4595 1141 4644 titulis.
1160 4594 1203 4644 Ct.
1223 4592 1544 4642 Nioonaonnmms.
1563 4613 1595 4626 -

316 4674 436 4723 niues:
454 4672 569 4724 Claudio
586 4675 714 4724 Balbillo.

343 4753 397 4872 ³⁴11.)
411 4754 552 4873 Corneliug
570 4755 678 4815 Balbus,
696 4756 766 4803 tilius
782 4756 872 4804 fratris
887 4755 1005 4804 Cornelii
1022 4756 1098 4804 llalhi
1117 4755 1235 4803 maioris.
1247 4753 1370 4812 ἤθεσι,
1385 4751 1428 4811 C..
1446 4751 1516 4815 ¹⁰7³·

397 4841 500 4888 rosor„
520 4834 559 4883 Δ..

345 4905 356 4939 5
373 4905 495 4960 Prason,
509 4906 548 4964 46.
566 4935 591 4947 -
609 4908 730 4961 litim-sn.
751 4908 953 4974 tiphemmpiq.
973 4909 1006 4958 ll.
1021 4909 1051 4965 ⁴⁵
1066 4924 1107 4973 sq.
1124 4907 1263 4957 existimat
1276 4907 1416 4958 Soranum
1430 4919 1491 4954 esse
1507 4901 1594 4970 genti·

318 4987 419 5035 licium.
433 4988 520 5036 Aliter
536 4990 619 5039 scntit
637 4989 743 5048 blaeso,
759 4989 792 5036 ll.
809 4987 837 5037 ι6
853 5004 893 5051 sq.
