3709 6234
741 863 875 917 caecius
897 864 1031 916 atleavs
1480 864 1530 919 lta

291 1008 426 1090 tribuni,
443 1007 663 1097 conloquium
687 1007 759 1073 eius
779 1007 1004 1096 postulantes.
1022 1015 1229 1074 venerunt...
1252 1007 1396 1072 Caecina
1412 1007 1529 1073 dimis-

290 1116 334 1180 sis
349 1116 494 1185 tribunis
509 1124 664 1181 revectus
680 1116 714 1180 in
730 1123 839 1181 castra
856 1115 973 1181 datum
990 1116 1085 1181 iussu
1110 1114 1204 1179 Fabii
1222 1114 1374 1180 Valentis
1397 1138 1529 1203 pugnae

292 1224 466 1310 signum...
493 1224 635 1289 invenit.
654 1262 692 1274 -
727 1222 770 1294 ΙΙ.
795 1221 848 1301 43.
877 1222 1029 1288 Ducibus
1051 1221 1195 1288 Othonis
1219 1222 1285 1286 iam
1307 1221 1435 1309 pridem
1457 1246 1532 1310 pro·

290 1330 388 1418 iugis,
411 1331 555 1396 Caecina
572 1354 610 1396 ac
628 1329 754 1396 Valens
769 1330 933 1398 subsidiis
949 1353 1032 1396 suos
1043 1329 1236 1395 lirmahant.
1250 1367 1292 1378 —
1305 1327 1348 1403 ll,
1367 1330 1419 1395 51.
1432 1330 1530 1418 (Post

291 1438 434 1504 Othonis
466 1438 568 1503 lanus
600 1437 738 1524 milites)
766 1438 808 1502 ad
834 1438 1033 1525 Verginium
1061 1438 1162 1516 versi,
1180 1437 1280 1502 modo
1302 1445 1339 1502 ut
1368 1437 1531 1525 reciperet

291 1546 479 1632 imperium,
503 1569 592 1611 nunc
609 1553 644 1610 ut
662 1545 831 1631 legatione
852 1546 941 1633 apud
962 1546 1142 1611 Caecinam
1160 1568 1197 1609 ac
1210 1545 1387 1610 valentem
1408 1544 1520 1633 lunge·

291 1662 391 1731 retur,
423 1654 621 1719 minitantes
650 1652 804 1719 orabant.
822 1690 866 1703 -
884 1651 926 1722 ll.
957 1652 1011 1718 55.
1035 1654 1208 1718 llecitatae
1234 1653 1337 1741 (apud
1362 1654 1531 1739 senatuml

293 1759 383 1826 Fabii
409 1760 563 1826 Valentis
583 1759 748 1848 epistulae
772 1759 813 1824 ad
839 1760 996 1824 consules
1023 1762 1167 1848 scriptae
1189 1761 1278 1825 baud
1298 1760 1530 1828 immoderate.

291 1870 417 1955 gratior
437 1869 601 1933 Caecinae
627 1868 792 1932 modestia
822 1867 895 1940 luit,
914 1868 1005 1955 quod
1026 1891 1092 1932 nnn
1114 1869 1316 1955 scripsisset.
1339 1907 1382 1917 -
1413 1867 1455 1943 ll,
1474 1867 1528 1932 56.

293 1978 403 2042 llinus
435 1976 595 2041 avaritiae
617 1976 650 2039 in
677 1976 834 2046 Caecina.
862 1975 938 2064 plus
955 1974 1161 2056 ambitionis,
1181 1976 1306 2040 Valens
1326 1973 1369 2039 ob
1394 1975 1519 2040 lucrae

292 2093 451 2173 quaestus
475 2083 653 2148 inlamis...
676 2122 720 2131 -
751 2082 792 2155 ll,
811 2083 865 2172 59.
890 2082 1030 2147 Praesto
1051 2082 1143 2148 luere
1167 2083 1334 2170 (Vitellio)
1350 2082 1522 2169 Lugudnn

293 2192 480 2258 victricium
516 2193 749 2280 victarumque
782 2191 928 2279 partium
955 2190 1071 2256 duces.
1087 2189 1264 2256 Valentem
1285 2198 1319 2255 et
1346 2190 1524 2255 Caecinam

292 2323 349 2387 pro
364 2301 521 2365 contione
536 2298 691 2363 laudatos
706 2296 816 2363 curuli
832 2321 911 2363 suae
927 2297 1181 2385 circumposuit.
1197 2295 1296 2373 -11,
1314 2294 1367 2382 67.
1383 2294 1527 2359 Caecina

292 2410 489 2484 Cremonae,
531 2403 656 2471 Valens
695 2406 866 2470 Bononiae
902 2405 1132 2493 spectaculum
1166 2403 1393 2491 gladiatorum
1429 2401 1527 2467 edere

292 2513 465 2603 parabant.
482 2551 526 2565 -
552 2512 595 2592 ΙΙ,
619 2537 671 2602 7o.
692 2512 773 2578 lnde
797 2512 956 2577 Vitellius
982 2511 1182 2577 Cremonam
1207 2510 1301 2575 llexit
1321 2517 1354 2574 et
1378 2515 1529 2597 spectato

294 2645 429 2688 munere
446 2621 609 2686 Caecinae
625 2621 781 2685 insistere
799 2618 1079 2685 Bedriacensibus
1104 2619 1274 2705 campis...
1293 2616 1528 2703 concupivit...

294 2729 448 2795 Aderant
473 2727 600 2793 Valens
625 2735 658 2794 et
685 2728 829 2793 Caecina
864 2726 1167 2813 monstrabantque
1198 2747 1331 2813 pugnae
1360 2723 1463 2788 locos.
1489 2761 1533 2770 —

296 2836 335 2907 ll.
360 2861 415 2926 7¹·
443 2837 486 2900 Vt
515 2835 650 2899 t'alenti
670 2842 704 2900 et
734 2835 897 2901 Caecinae
920 2856 1045 2899 vacuos
1068 2833 1205 2896 lionoris
1230 2854 1363 2895 menses
1388 2829 1533 2916 aperiret

194 2978 197 2985 ·
298 2943 497 3030 (Vitellius),
525 2943 665 3008 coartati
690 2940 833 3007 aliorum
856 2939 1094 3006 consulatus...
1122 2976 1164 2988 -
1197 2938 1238 3018 ll,
1268 2963 1320 3026 77.
1344 2937 1533 3026 (Mucianus

293 3050 380 3138 apud
405 3049 651 3138 Vespasianum
681 3049 782 3114 verba
812 3049 905 3135 lacit)
950 3076 965 3109 (ι
990 3047 1095 3114 Nobis
1123 3044 1206 3110 nibil
1228 3045 1316 3111 ultra
1349 3042 1530 3128 adrogabo,

294 3182 394 3247 quam
415 3181 457 3222 ne
478 3164 555 3245 post
569 3156 745 3221 Valentem
778 3164 811 3221 et
845 3155 1025 3220 Caecinam
1053 3176 1280 3218 numeremur.
1305 3183 1319 3210 »
1346 3191 1386 3200 -
1409 3148 1452 3230 11,
1474 3173 1531 3238 92.

295 3266 537 3353 Praeposuerat
579 3263 768 3350 (Vitellius)
801 3263 1022 3350 praetorianis
1063 3260 1246 3324 Publilium
1287 3259 1530 3334 Sabinum...,

295 3372 416 3438 lulium
447 3372 642 3438 Priscum..
677 3371 812 3435 Priscus
849 3369 1012 3440 Valentis,
1053 3367 1199 3433 Sabinus
1234 3367 1397 3432 Caecinae
1426 3365 1532 3451 gratia

294 3479 479 3568 pollebant.
498 3479 589 3544 luter
599 3478 773 3544 discordes
789 3476 926 3543 t'itellio
938 3475 1019 3540 nibil
1037 3476 1258 3541 auctoritatis.
1275 3474 1391 3540 blunia
1403 3472 1532 3558 imperii

295 3588 436 3653 Caecina
458 3610 495 3651 ae
510 3585 635 3650 t'alens
650 3585 802 3660 obibant,
820 3584 899 3648 olim
917 3585 1009 3648 anxii
1032 3584 1130 3654 odiis.
1149 3606 1234 3670 quae
1253 3580 1344 3645 bello
1358 3587 1391 3645 et
1413 3579 1533 3643 castris

294 3694 380 3760 male
398 3693 611 3758 dissimulata
630 3693 781 3780 pravitas
794 3693 978 3757 amicorum
1002 3698 1035 3756 et
1052 3690 1195 3756 secunda
1211 3688 1394 3776 gignendis
1416 3686 1533 3750 iuimi-

294 3802 381 3867 ciliis
396 3802 516 3866 civitas
533 3807 685 3866 auxerat.
708 3851 715 3865 .
743 3838 783 3849 —
813 3798 855 3868 ll.
884 3798 937 3884 93.
968 3798 1123 3862 Sedecim
1146 3796 1343 3884 praetoriae,
1372 3800 1533 3881 quattuor

295 3908 443 3975 urbanae
455 3908 612 3974 cobortes
627 3906 862 3971 scribebantur
882 3957 903 3971 ..
929 3905 1010 3970 Plus
1027 3906 1060 3970 in
1085 3927 1123 3968 eo
1140 3904 1266 3969 dilectu
1288 3901 1412 3966 valens
1431 3899 1533 3964 aude-

296 4016 363 4090 bat.
388 4024 559 4104 tarrrquam
579 4015 691 4102 ipsum
713 4014 892 4079 Caecinam
922 4012 1071 4099 periculo
1099 4012 1322 4076 excurisset...
1347 4008 1533 4097 Omnisque

297 4123 463 4187 interioris
475 4122 675 4188 Germaniae
692 4120 789 4185 miles
805 4120 981 4184 Valentem
1002 4118 1253 4196 adsectabatur‚
1278 4117 1366 4184 unde
1388 4117 1532 4205 primurn

296 4230 441 4295 creditur
461 4229 625 4293 Caecinae
641 4227 724 4292 tides
739 4227 900 4291 lluitasse.
924 4266 968 4276 -
989 4226 1031 4295 ll.
1050 4225 1104 4311 95.
1123 4225 1279 4290 Natalem
1298 4222 1424 4288 t'itcllii
1444 4221 1533 4285 diem

297 4337 439 4402 Caecina
463 4360 500 4401 ac
522 4336 646 4400 l'alens
662 4335 762 4399 editis
784 4342 852 4398 tota
870 4333 953 4397 urbe
970 4333 1105 4397 vicatim
1123 4330 1368 4419 gladiatoribus
1387 4327 1533 4394 celebra-

297 4468 385 4510 vere.
407 4482 445 4495 -
474 4442 515 4521 ll,
530 4467 585 4532 99.
608 4441 760 4508 Tandem
786 4442 978 4529 inruptione
1014 4441 1160 4505 bostium
1191 4438 1361 4504 atrocibus
1385 4436 1534 4522 undique

297 4552 424 4617 nuntiis
448 4550 630 4615 exterritus
646 4548 834 4636 (Vitellius)
858 4548 1037 4613 Caecinam
1057 4571 1095 4611 ac
1112 4547 1288 4613 Valentem
1310 4545 1468 4635 expedire
1491 4540 1533 4605 ad

298 4658 422 4724 bellurn
445 4656 548 4723 iubet.
572 4656 784 4721 Praemissus
809 4654 980 4727 Caecina:
1019 4654 1197 4719 Valentem
1224 4680 1241 4720 e
1268 4655 1363 4742 gravi
1385 4649 1535 4738 eorporis

299 4765 414 4831 morbo
429 4774 499 4831 tum
515 4764 662 4852 primum
674 4763 915 4848 adsurgentem
930 4761 1109 4826 inllrrnitas
1127 4762 1322 4829 tardabat...
1342 4755 1534 4826 Accedebat

299 4874 360 4940 buc
377 4872 541 4939 Caecinae
556 4870 696 4936 ambitio
710 4878 820 4948 vetus,
838 4877 954 4955 torpor
973 4890 1104 4946 recens,
1126 4865 1228 4931 nimia
1245 4864 1400 4929 fortunae
1420 4863 1534 4928 indul·

299 4982 411 5068 gentia
428 4978 533 5044 soluti
547 4978 736 5056 inluxum3
756 5000 814 5041 seu
834 4974 1009 5064 pertidiam
1035 4972 1214 5038 meditanti
1238 4970 1420 5059 intringere
1441 4995 1534 5035 exer-
