3709 6234
760 861 863 914 com
883 862 1083 917 nessatuus
1292 885 1296 893 ·
1511 863 1565 919 223

322 1002 383 1091 qui
398 1025 466 1068 non
486 1001 661 1081 iudicium,
680 1003 805 1091 quippe
819 1004 854 1068 in
869 1004 1078 1084 manifestos,
1097 1005 1155 1072 sed
1175 1028 1318 1093 poenam
1339 1010 1444 1074 statui
1474 1008 1564 1074 vide·

325 1110 419 1190 bant,
437 1110 691 1177 circumsistunt
707 1109 916 1201 (Claudiurn)
935 1113 1127 1191 Caesarem,
1147 1121 1224 1180 ante
1240 1121 1313 1180 acta
1328 1114 1561 1203 deprecantes,

323 1257 364 1269 -
387 1219 436 1298 13,
454 1217 507 1283 33.
527 1219 767 1284 Cossutianum
785 1218 985 1307 Capitonem
1006 1220 1129 1287 Cilices
1143 1219 1334 1287 detulerant
1354 1222 1563 1288 maculosum

324 1324 529 1414 foedumque
543 1334 576 1392 et
591 1326 679 1392 idem
701 1328 753 1392 ius
767 1327 925 1392 audaciae
940 1328 974 1393 in
990 1328 1163 1416 provincia
1180 1336 1301 1405 ratum,
1321 1330 1411 1418 quod
1431 1330 1465 1394 in
1481 1330 1564 1396 urbe

325 1440 542 1514 exercuerat3
583 1433 642 1499 scd
677 1434 844 1522 pervicaci
877 1437 1091 1501 accusatione
1135 1437 1347 1503 conflictatus
1393 1445 1564 1526 postremo

325 1541 558 1608 defensionem
569 1542 684 1607 omisit
698 1565 736 1607 ac
750 1542 824 1629 lege
838 1544 1101 1631 repetundarum
1114 1544 1295 1611 damnatus
1305 1552 1368 1611 est.
1382 1583 1426 1595 -
1444 1548 1494 1625 rt,
1508 1548 1561 1622 48.

325 1649 497 1716 Antistius
512 1656 685 1737 praetor...
704 1674 722 1714 a
739 1650 943 1715 Cossutiano
958 1650 1135 1739 Capitone,
1152 1654 1209 1740 qni
1230 1676 1337 1741 nuper
1358 1653 1565 1719 senatorium

325 1756 480 1824 ordinem
492 1757 649 1845 precibus
663 1756 820 1845 Tigellini
836 1759 943 1823 soceri
958 1759 1009 1823 sui
1025 1769 1208 1847 receperat,
1227 1761 1414 1827 maiestatis
1429 1760 1563 1827 delatus

326 1874 390 1934 cst.
413 1904 456 1916 —
485 1864 534 1945 16,
558 1886 607 1955 17.
623 1865 816 1954 (Annaeus)
834 1866 964 1932 Mela...
983 1867 1130 1933 exsolvit
1144 1891 1262 1950 venaS,
1281 1869 1415 1956 seriptis
1430 1867 1566 1934 codicil-

327 1973 381 2055 lis,
404 1971 529 2063 quibus
555 1974 719 2060 grandem
745 1975 921 2063 pecuniam
952 1975 986 2038 in
1012 1974 1217 2062 Tigellinum
1246 1999 1475 2066 generumque
1495 1977 1567 2043 eius

329 2081 570 2147 Cossutianum
604 2081 804 2169 Capitonem
851 2082 1024 2170 erogabat,
1066 2106 1132 2171 quo
1163 2092 1274 2150 cetera
1308 2093 1494 2151 manerent.
1526 2123 1568 2134 -

334 2188 384 2269 16,
409 2213 462 2256 21.
480 2188 573 2267 Quae
589 2188 776 2255 oblitterari
792 2212 860 2254 non
884 2189 1016 2255 sinebat
1036 2190 1155 2278 Capito
1181 2192 1414 2270 Cossutianus,
1438 2200 1569 2280 praeter

329 2296 481 2362 animum
496 2298 539 2362 ad
559 2298 684 2384 tlagitia
705 2297 921 2385 praecipitem
948 2297 1084 2386 iniquus
1107 2298 1285 2377 Thraseae,
1308 2300 1400 2388 quod
1424 2302 1567 2366 auctori·

331 2411 400 2470 tate
422 2405 494 2470 eius
513 2404 728 2484 concidisset,
752 2405 900 2471 iuvantis
924 2405 1068 2470 Cilicum
1093 2405 1234 2492 legatae,
1264 2406 1345 2472 duni
1368 2407 1568 2494 Capitonem

330 2512 593 2600 repetundarum
623 2513 845 2598 interrogant.
874 2551 918 2563 -
953 2511 1002 2587 ι6,
1035 2537 1088 2579 22.
1121 2513 1264 2580 Extollit
1297 2516 1345 2580 ira
1374 2523 1568 2603 promptum

332 2618 528 2686 Cossutiani
557 2620 708 2685 animum
742 2620 830 2684 Nero
864 2620 1035 2708 adicitque
1066 2621 1265 2686 Marcellum
1306 2621 1489 2710 Eprium...
1525 2660 1569 2675 -

337 2726 387 2809 16,
415 2726 468 2792 26.
501 2727 626 2793 Contra
655 2727 712 2816 qui
733 2727 975 2815 opperiendum
993 2727 1185 2816 (Thraseae)
1202 2728 1293 2793 domi
1321 2730 1567 2799 censebant:...

333 2834 444 2900 «Non
466 2834 576 2902 solum
602 2834 841 2900 Cossutianum
866 2843 925 2900 aut
940 2835 1080 2923 Eprium
1094 2836 1136 2900 ad
1149 2835 1259 2900 scelus
1279 2845 1467 2926 promptos,
1490 2867 1505 2898 a
1528 2876 1570 2888 -

338 2942 388 3023 16,
411 2946 464 3009 28.
491 2943 547 3022 Et,
571 2943 705 3008 initium
730 2942 872 3008 faciente
898 2943 1114 3024 Cossutian0,
1147 2943 1271 3009 maiore
1291 2945 1325 3008 vi
1342 2944 1566 3013 Marcellus..

333 3049 569 3119 clamitabat...
588 3088 630 3100 -
656 3049 705 3130 16,
724 3050 777 3116 33.
793 3051 1058 3116 accusatoribus
1084 3051 1184 3140 Eprio
1205 3059 1239 3117 et
1254 3050 1457 3119 Cossutiano
1471 3053 1570 3142 quin-

333 3159 497 3247 quagiens
518 3159 710 3224 sestertium
727 3157 911 3245 singulis..
931 3158 1139 3225 tribuuntur.

289 3264 501 3333 COTlNl.-
526 3266 573 3332 G.·
587 3265 641 3343 43.
659 3266 763 3331 ltetro
779 3265 955 3352 Marsigni,
974 3265 1115 3342 Cotini¹,
1135 3267 1205 3341 (lsi,
1226 3268 1303 3332 lluri
1318 3274 1411 3353 terga
1432 3267 1569 3333 Mareo-

333 3396 509 3440 manorum
540 3373 804 3460 Quadorumque
828 3372 1031 3439 claudunt...
1069 3373 1226 3439 Cotinos'2
1250 3374 1421 3441 Gallica...
1449 3374 1566 3462 lingua

333 3482 485 3569 coarguit
505 3505 573 3546 non
586 3504 660 3546 esse
675 3481 875 3559 Germanos,
893 3488 926 3545 et
942 3480 1032 3568 quod
1048 3480 1174 3546 tributa
1190 3482 1405 3568 patiuntur...
1426 3482 1567 3560 Cotini³,

334 3611 400 3677 quo
416 3589 524 3675 magis
544 3589 680 3677 pudeat,
697 3597 731 3653 et
747 3589 869 3653 terrum
889 3587 1064 3653 effodiunt.

292 3696 328 3760 L.
372 3695 548 3763 Cul'rat
581 3735 625 3745 -
671 3696 703 3770 3,
745 3694 799 3761 66,
841 3692 1033 3760 Mamercus
1068 3696 1205 3783 antiqua
1247 3696 1402 3785 exempla
1441 3696 1566 3761 iaciens

336 3805 372 3869 L.
410 3805 545 3869 Cottam
574 3828 593 3869 a
621 3804 776 3891 Scipione
809 3804 982 3884 Africano,
1019 3805 1174 3869 Servium
1206 3803 1351 3869 Galbam
1384 3828 1402 3868 a
1441 3803 1569 3870 Catone

334 3911 539 3978 Censoris)...
558 3919 775 3976 accusatos...

292 4019 439 4086 COTTA
473 4018 770 4095 MESSALINVS‚
807 4014 1092 4084 MESSALINTS
1132 4018 1290 4096 CtlTTA,
1322 4018 1498 4084 CtlTTA5.
1530 4059 1573 4069 —

338 4150 369 4206 2,
386 4126 440 4192 32.
457 4127 557 4193 Cotta
577 4126 793 4203 Messalinus
810 4150 851 4191 ne
875 4127 987 4213 imago
1010 4125 1147 4191 Libonis
1163 4127 1341 4215 exsequias
1360 4135 1572 4215 posterorum

336 4235 565 4315 comitaretur,
582 4235 725 4300 censuit.
740 4271 784 4284 -
799 4237 832 4311 t,
860 4257 912 4298 ao.
938 4235 985 4297 At
1000 4233 1204 4299 Messalinus
1227 4235 1338 4314 Cotta,
1357 4233 1446 4299 haud
1460 4234 1572 4300 minus

337 4342 437 4407 elaris
449 4342 633 4408 maioribus
650 4342 763 4430 (quani
779 4340 837 4406 M'.
863 4341 1036 4429 Lepidus),
1050 4341 1109 4406 sed
1131 4343 1244 4407 animo
1259 4342 1426 4422 diversus,
1444 4343 1576 4408 censuit

328 4520 335 4555 ¹
350 4519 444 4573 nc:
463 4518 562 4583 pollui.
582 4519 621 4569 Cl.
638 4518 1031 4566 Oneum-Suauisauiati-Strauit.

325 4601 337 4637 ¹
351 4599 403 4653 Aa
416 4600 452 4651 0:
471 4600 592 4665 patinos.

325 4681 337 4717 ³
353 4681 394 4734 ὓς
409 4681 511 4742 cotini,·
523 4680 546 4733 Α
559 4681 580 4733 Β
592 4697 598 4731 :
612 4680 712 4744 pelini.

327 4763 337 4797 ⁴
356 4763 384 4811 L.
396 4763 524 4811 Aurelius
536 4761 624 4821 Cotta,
635 4778 691 4811 cos.
711 4779 735 4814 a.
750 4764 797 4811 010
814 4781 843 4806 =
864 4770 915 4820 itt.

325 4841 388 4893 ³ll.
408 4842 536 4893 Aurelius
558 4843 639 4892 Cotta
665 4844 799 4891 Maximus
816 4843 990 4891 Messalinus.
1008 4840 1130 4898 Pansae„
1146 4843 1178 4899 A,
1198 4841 1265 4899 1236,
1282 4841 1353 4888 hunc
1377 4841 1503 4889 eumdem
1516 4850 1576 4889 esse

295 4925 436 4974 contendit
455 4929 536 4988 atquc
561 4924 598 4975 M.
619 4925 758 4973 Aurelium
779 4924 896 4983 Cottam,
910 4939 966 4972 eos.
981 4939 1004 4971 a.
1019 4940 1057 4971 ao.
1075 4923 1217 4972 Diversum
1234 4922 1390 4984 Nipperdeii
1411 4922 1576 4971 sententiani

297 5010 408 5056 secutus
422 5021 493 5058 sum.
