3709 6234
311 845 363 899 398
909 850 993 904 tneo

311 989 464 1055 IVSTI'S
486 988 686 1055 CATONIV
689 989 724 1070 S,
743 1014 776 1057 v.
795 991 1023 1059 CATONIVS
1038 992 1207 1059 IVSTVS.

311 1095 439 1161 IVSTV
443 1098 465 1161 S
488 1096 662 1178 FABIVS,
676 1121 709 1163 v.
728 1097 891 1164 FABIVS
908 1098 1075 1166 IVSTVS.

310 1202 354 1265 IV
358 1203 564 1270 VENALIS.
583 1243 629 1255 —
645 1205 702 1287 IV,
720 1205 774 1271 66.
789 1205 984 1294 Campanus
997 1230 1035 1272 ac
1060 1206 1230 1271 Iuvenalis
1245 1231 1263 1272 e
1279 1207 1484 1295 primoribus
1498 1209 1590 1274 Tun-

352 1334 490 1398 grorum
511 1312 704 1378 universam
723 1312 823 1401 (lulio
844 1313 957 1388 Civili)
973 1295 1109 1400 gentem
1129 1314 1299 1380 dedidere.

308 1416 567 1485 IVI'ENALES
590 1420 709 1487 LVDI.
726 1457 770 1469 -
795 1424 843 1494 rt.
866 1419 916 1486 15.
950 1420 999 1485 Ne
1030 1430 1140 1486 tamen
1160 1422 1271 1487 adhuc
1299 1422 1433 1511 publico
1455 1422 1588 1489 theatro

349 1525 629 1593 dehonestaretur
658 1528 788 1615 (Nero),
816 1528 963 1592 instituit
980 1528 1078 1592 ludos
1109 1528 1318 1594 Iuvenalium
1339 1530 1516 1612 vocabulo,
1553 1531 1588 1596 in

350 1656 436 1721 quos
456 1636 583 1722 passim
613 1635 749 1699 nomina
771 1634 861 1699 data.
878 1673 922 1685 -
953 1638 1004 1712 15,
1021 1634 1074 1701 33.
1098 1638 1237 1702 Acriore
1266 1638 1300 1702 in
1329 1638 1401 1703 dies
1429 1638 1588 1726 cupidine

349 1741 547 1829 adigebatur
561 1742 649 1807 Nero
661 1742 870 1830 promiscuas
885 1765 1024 1807 scaenas
1040 1743 1285 1831 frequentandi.
1305 1745 1391 1810 Nam
1405 1745 1515 1811 adhuc
1527 1769 1588 1834 per

309 1850 311 1854 ’
350 1847 487 1914 domum
504 1857 562 1915 aut
577 1850 694 1915 hortos
713 1849 1113 1915 cecineratlurenalibus
1147 1850 1250 1931 ludis,
1278 1875 1364 1940 quos
1401 1861 1438 1918 ut
1465 1875 1587 1939 parum

348 1956 496 2022 celebres
519 1965 553 2022 ct
590 1964 703 2022 tantae
730 1956 805 2022 voci
838 1965 1002 2044 angustos
1017 1958 1209 2045 spernebat.
1232 1997 1274 2007 -
1295 1962 1346 2041 16,
1373 1984 1425 2025 21.
1442 1960 1586 2047 (Paetus

311 2108 313 2112 -
347 2064 506 2149 Thrasea)
520 2062 728 2129 Iuvenalium
754 2062 883 2129 ludicro
903 2087 1023 2151 parum
1034 2065 1252 2151 spectabilem
1268 2089 1404 2154 operam
1419 2066 1586 2155 praebue-

346 2178 409 2247 rat,
428 2194 533 2259 eaque
544 2171 684 2236 offensio
700 2170 803 2235 altius
819 2170 1029 2259 penetrabat,
1047 2172 1126 2260 quia
1140 2172 1231 2236 idem
1255 2172 1402 2238 Thrasea
1419 2173 1582 2241 Patavi...

347 2277 462 2343 habitu
493 2280 621 2365 tragico
649 2279 827 2344 cecinerat.
859 2316 903 2326 —
932 2278 993 2356 Ill,
1017 2278 1076 2343 62.
1107 2279 1247 2365 (Fabius
1274 2280 1415 2365 Valens)
1453 2279 1585 2347 ludicro

348 2385 559 2451 Iuvenalium
580 2384 643 2451 sub
663 2386 797 2451 Nerone
810 2385 904 2451 velut
916 2409 959 2450 ex
976 2387 1187 2466 necessItate,
1210 2410 1289 2451 mox
1320 2396 1440 2475 sponte
1461 2388 1585 2454 mImos

347 2494 513 2574 actitavit,
533 2494 615 2559 scite
631 2494 739 2580 magis
760 2517 860 2582 (luam
878 2492 995 2581 probe.

303 2603 314 2624 '
331 2601 375 2665 IV
379 2600 571 2666 VEN'I'IVS
584 2600 673 2665 RI'F
678 2600 754 2664 INI'
757 2602 793 2678 S,
811 2625 844 2666 v.
864 2600 1112 2666 VIVENNII'S
1137 2601 1345 2667 BVFINVS.

303 2709 462 2774 IZATES
477 2709 498 2774 ¹.
521 2747 564 2758 -
586 2732 634 2778 12.
655 2708 703 2772 13.
721 2706 1005 2795 (Adiabenorum)
1022 2731 1080 2772 rex
1092 2707 1221 2772 Izates·2
1236 2709 1431 2774 societatem
1446 2710 1583 2776 Meher-

344 2816 432 2881 datis
452 2816 563 2903 palam
584 2815 750 2895 induerat,
769 2815 802 2878 in
819 2817 985 2880 Gotarzen
1001 2815 1204 2903 perocculto
1224 2824 1258 2881 et
1271 2816 1378 2903 magis
1395 2815 1461 2881 lida
1483 2818 1584 2883 incli-

344 2922 457 2990 nabat.
477 2963 517 2971 —
536 2947 587 3004 ια,
616 2926 663 3000 il.
688 2921 1019 3004 Izates³Adiaben0‚
1043 2946 1122 2986 mox
1143 2921 1298 2987 Acbarus
1323 2922 1476 2989 Arabum
1502 2948 1582 2991 cum

343 3030 492 3096 exercitu
508 3028 696 3094 abscedunt
712 3030 744 3114 (a
760 3028 969 3116 Meherdate)
986 3028 1124 3094 levitate
1137 3028 1297 3117 gentili...

298 3137 448 3202 LABEO
465 3136 673 3202 ANTISTII'
677 3136 711 3213 S,
729 3136 891 3217 LABEO,
909 3161 942 3201 v.
960 3135 1196 3202 AN'I'ISI'II'S
1213 3136 1374 3204 LABEO.

298 3243 743 3320 1.nCF.hnEn10n'11,t'S.
762 3282 801 3293 -
819 3246 850 3321 I,
868 3244 923 3320 43.
942 3243 1088 3308 Auditae
1099 3243 1220 3308 dehinc
1236 3244 1580 3310 Lacedaemoniorum

338 3361 371 3416 ct
398 3352 643 3416 Messeniorum
668 3350 855 3437 legationes
885 3350 925 3415 de
947 3351 1018 3415 iure
1052 3351 1171 3438 templi
1203 3352 1329 3416 Dianae
1358 3352 1577 3437 LimnatidiS,

338 3460 428 3548 ‹pierd
444 3461 514 3523 suis
534 3484 552 3522 a
572 3458 756 3523 maioribus
771 3482 897 3546 suaque
914 3459 948 3522 In
970 3467 1057 3523 terra
1081 3458 1230 3522 dicatum
1247 3459 1504 3524 Lacedaemonii
1520 3461 1578 3525 lir-

338 3568 516 3632 mabant...
534 3605 574 3615 -
602 3591 651 3641 rr,
679 3570 731 3642 24.
759 3566 939 3654 (Loquitur
960 3565 1122 3630 Claudius
1150 3566 1286 3652 Caesar)
1316 3597 1331 3629 a
1365 3567 1455 3645 Ouid
1482 3566 1577 3633 aliud

337 3674 439 3739 exitio
466 3673 739 3739 Lacedaemoniis
767 3682 800 3738 et
831 3673 1099 3738 Atheniensibus
1134 3672 1207 3751 luit,
1239 3696 1445 3761 quamquam
1472 3676 1578 3740 armis

336 3782 515 3868 pollerent,
533 3782 598 3845 nisi
622 3781 712 3868 quod
737 3781 844 3845 victos
860 3805 919 3868 pro
940 3780 1139 3867 alienigenis
1159 3779 1344 3845 arcebant?
1362 3806 1377 3843 n
1391 3819 1434 3828 -
1460 3785 1497 3846 O.
1517 3785 1574 3858 to.

336 3914 351 3952 a
371 3892 478 3968 Quem
523 3890 613 3953 cnim
650 3897 817 3952 oratorem
864 3888 1180 3966 Lacedaemonium,
1223 3910 1322 3975 quem
1375 3888 1575 3954 Cretensem

333 3998 546 4084 accepimus?
562 3997 711 4073 Quarum
733 3996 909 4060 civitatum
925 3995 1140 4059 severissima
1166 3993 1344 4080 disciplina
1371 4003 1404 4059 ct
1429 3997 1575 4061 severis-

334 4104 438 4168 simae
463 4103 556 4189 leges
571 4103 750 4167 traduntur
769 4131 796 4168 u.

289 4210 439 4275 LACOI.
469 4249 501 4259 -
516 4210 547 4288 b',
570 4213 618 4274 18.
638 4209 676 4273 In
695 4209 887 4297 Pompeiam
914 4208 1101 4272 Macrinam
1122 4207 1261 4272 exilium
1284 4209 1457 4290 statuitur,
1474 4210 1575 4277 cuius

332 4318 488 4382 maritum
510 4316 720 4403 Argolicum.
739 4339 891 4381 socerum
915 4315 1081 4381 Laconem
1098 4340 1114 4379 e
1135 4314 1339 4401 primoribus
1356 4317 1573 4383 Achaeorum

333 4424 513 4512 (Tiberius)
527 4423 652 4489 Caesar
677 4423 895 4490 adllixerat...

318 4650 325 4682 ¹
345 4651 469 4708 Pansae,
484 4651 540 4712 509.

315 4731 611 4784 ²8:1'uliates.tlorr.
638 4730 847 4777 l‘rcinsheimins
867 4729 929 4776 coll.
950 4727 1069 4790 Ioseph..
1090 4729 1152 4775 Ant.
1171 4726 1241 4780 lud..
1258 4740 1298 4780 ao,
1317 4743 1330 4772 a
1349 4733 1376 4775 et
1394 4728 1416 4774 3.
1436 4727 1571 4777 I'etcrum

315 4892 326 4927 ³
342 4891 368 4944 Μ
385 4894 501 4941 :exsiles
518 4893 593 4939 Corr.
610 4892 692 4940 idem.

313 4972 325 5007 ⁴
339 4972 464 5030 I'uosor..
483 4989 506 5020 ιι
525 4989 530 5022 :
549 4992 559 5015 t·
581 4971 695 5020 VIdetur
711 4986 771 5019 csse
789 4971 818 5019 C.
835 4970 918 5018 lulius
933 4970 1002 5018 Laco
1022 4985 1044 5018 n.
1060 4968 1135 5028 CLI,
1150 4970 1204 5018 250.

284 4813 418 4860 editorum
437 4813 481 4859 alii
498 4812 574 4869 illud,
589 4812 633 4859 alii
646 4827 676 4858 ex
695 4812 753 4858 dett
781 4824 787 4858 ζ
807 4809 940 4874 Ilyliates¹
