3709 6234
758 896 917 948 CATONlVS
936 896 1048 949 {VSTVS

266 1039 318 1125 (T.
338 1036 517 1124 CATIVS)
540 1037 685 1103 SILIVS
706 1036 927 1117 ITALICVS,
949 1061 981 1102 v.
1002 1037 1149 1103 SILIVS
1171 1038 1391 1107 ITALICVS.

267 1144 386 1213 CATO
399 1143 664 1224 CENSORIVS,
682 1168 714 1210 v.
731 1144 779 1211 M.
799 1144 1006 1212 PORCIVS.

266 1253 305 1320 C.
329 1251 479 1319 CAT01.
501 1290 545 1302 -
558 1251 597 1329 0,
617 1252 658 1330 34
694 1280 709 1312 «
734 1252 867 1317 Aetatis
886 1275 1017 1317 anno...
1036 1250 1142 1319 altero
1158 1261 1192 1319 et
1207 1255 1392 1322 vicensimo
1409 1258 1550 1324 Asinius

310 1359 419 1427 Pollio
436 1359 474 1426 C.
494 1359 700 1426 Catonem...
715 1360 882 1448 (oratione
898 1360 1073 1425 insecutus
1093 1362 1171 1448 est).
1193 1389 1208 1423 a

267 1467 399 1548 CATO,
430 1467 478 1533 M.
506 1464 656 1532 CATO&
684 1505 725 1515 -
756 1467 787 1546 3,
823 1466 876 1556 76.
902 1467 1037 1533 lunia...
1065 1491 1264 1555 supremum·
1276 1470 1366 1535 diem
1385 1472 1548 1559 explevit,

311 1575 440 1641 Catone
455 1573 623 1640 avunculo
638 1574 765 1661 genita,
783 1574 821 1641 C.
840 1575 949 1639 Cassii
963 1598 1060 1654 uxor,
1078 1575 1125 1640 M.
1147 1577 1242 1642 Bruti
1255 1601 1361 1644 soror.
1377 1616 1420 1627 —
1435 1581 1468 1657 d,
1492 1578 1546 1658 34.

313 1710 329 1743 a
346 1682 395 1749 M.
413 1682 587 1749 Ciceronis
618 1681 718 1762 libro,
749 1704 816 1771 quo
849 1680 1014 1747 Catonem
1048 1683 1141 1747 caelo
1170 1686 1340 1772 aequavit,
1358 1685 1442 1773 quid
1457 1686 1550 1751 aliud

311 1790 456 1855 dictator
480 1788 617 1870 Caesar,
640 1813 742 1878 quam
771 1789 936 1876 rescripta
971 1790 1134 1867 oratione,
1169 1790 1264 1858 velut
1290 1792 1379 1880 apud
1409 1793 1549 1875 iudices,

311 1897 511 1985 respondit?
529 1922 545 1960 a
566 1898 746 1986 (Loquitur
762 1896 957 1962 Cremutius
973 1896 1132 1979 Cordus).
1148 1935 1193 1949 -
1216 1899 1265 1977 ¹6,
1295 1923 1348 1965 22.
1372 1899 1552 1989 (Loquitur

311 2003 536 2071 Cossutianus
569 2003 705 2092 Capito)
746 2004 825 2070 «Vt
852 2004 1025 2092 quondam
1058 2003 1098 2069 C.
1130 2004 1320 2082 Caesarem,
1355 2007 1477 2095 inquit,
1518 2016 1552 2075 et

312 2112 360 2179 M.
380 2110 557 2190 Catonem,
580 2112 625 2179 ita
650 2134 739 2177 nunc
758 2119 802 2191 te,
826 2110 927 2189 Nero,
946 2118 981 2176 et
994 2111 1175 2177 Thraseam
1196 2112 1295 2178 avida
1308 2113 1552 2180 discordiarum

311 2219 432 2286 civitas
446 2218 608 2306 loquitur.
630 2246 645 2277 a
667 2256 705 2266 —
720 2217 759 2299 0,
779 2242 810 2284 a.
830 2218 970 2283 Postero
990 2217 1044 2283 die
1060 2242 1161 2307 quam
1189 2219 1361 2285 Curiatius
1377 2221 1553 2287 Maternus

312 2327 476 2393 Catonem
496 2326 708 2401 recitaverat,
724 2349 801 2391 cum
822 2325 1004 2390 ollcndissc
1017 2327 1207 2414 potentium
1223 2328 1355 2392 animos
1369 2328 1550 2411 diceretur,

312 2443 486 2523 tamquam
500 2434 535 2498 in
555 2457 594 2499 eo
614 2432 807 2520 tragoediae
820 2440 1021 2521 argumento
1035 2434 1086 2498 sui
1101 2432 1228 2500 oblitus
1241 2441 1374 2500 tantum
1388 2436 1551 2502 Catonem

313 2542 537 2628 cogitasset...
556 2576 598 2590 -
617 2564 666 2606 ro.
687 2567 702 2599 a
721 2539 920 2605 Ellervescit
952 2540 1041 2605 enim
1076 2540 1129 2605 vis
1152 2539 1397 2627 pulcherrimae
1413 2550 1552 2610 naturae

314 2656 402 2729 tuae,
433 2671 494 2712 nec
520 2671 580 2735 pro
613 2647 722 2712 amico
747 2646 873 2736 aliquo,
908 2645 979 2718 sed.
1017 2646 1108 2735 quod
1141 2647 1363 2734 periculosius
1397 2657 1460 2731 est,
1490 2674 1551 2737 pro

314 2756 442 2822 Catone
457 2754 611 2820 offendis.
632 2779 649 2816 a

274 2862 511 2931 CATONES³.
529 2901 573 2913 -
594 2861 651 2941 lV,
675 2865 706 2928 8.
726 2861 905 2950 (Loquitur
924 2861 1048 2948 Eprius
1070 2861 1268 2948 Marcellus)
1307 2863 1550 2948 «Constantia,

316 2969 513 3036 fortitudine
533 2968 736 3036 Catonibus¹
754 2977 787 3033 et
804 2969 918 3033 Brutis
933 2977 1135 3056 aequaretur
1152 2969 1387 3037 Helvidius...

270 3075 402 3144 CATO.
439 3116 476 3126 —
504 3077 550 3158 0,
571 3101 601 3142 a.
630 3077 770 3142 Postero
799 3075 852 3141 die
881 3099 982 3164 quam
1011 3075 1182 3142 Curiatius
1197 3077 1372 3143 Maternus
1388 3079 1550 3145 Catonem

313 3185 524 3262 recitaverat,
541 3207 619 3248 cum
635 3183 815 3248 oilendisse
835 3183 1024 3270 potentium
1038 3184 1169 3276 animos
1184 3184 1362 3264 diceretur,
1380 3193 1551 3275 tamquam

314 3294 348 3358 in
358 3315 397 3358 eo
408 3290 600 3379 tragoediae
616 3299 816 3377 argumento
827 3290 954 3356 oblitus
971 3291 1022 3355 sui
1037 3299 1168 3357 tantum
1176 3291 1339 3358 Catonem
1356 3295 1550 3380 cogitasset,

314 3423 419 3488 eaque
443 3398 485 3463 de
510 3422 545 3463 re
571 3408 636 3485 ’per
662 3397 780 3462 urbem
809 3398 967 3486 frequens
987 3421 1098 3462 sermo
1114 3398 1335 3465 haberetur...
1358 3439 1402 3450 -
1418 3401 1450 3467 3.
1466 3402 1552 3466 Tum

314 3506 515 3575 Secundus:
536 3505 705 3571 «Nihilne
727 3513 772 3586 te,
805 3505 928 3594 inquit,
961 3505 1125 3582 Materne,
1165 3506 1297 3571 fabulae
1326 3507 1552 3594 malignorum

315 3621 454 3693 terrent,
472 3614 667 3702 quominus
699 3613 847 3678 offensas
878 3612 1018 3677 Catonis
1048 3613 1097 3678 tui
1117 3616 1233 3678 ames?
1260 3636 1302 3677 an
1331 3613 1407 3679 ideo
1427 3614 1552 3681 librum

315 3723 418 3787 istum
434 3720 701 3809 adprehendisti,
718 3727 798 3787 ut...
832 3719 988 3800 sublatis,
1016 3720 1043 3783 si
1059 3742 1124 3808 qua
1140 3743 1263 3807 pravae
1283 3721 1554 3808 interpretationi
1631 3786 1634 3790 .

316 3828 491 3893 materiam
519 3826 697 3905 dederunt,
733 3828 906 3892 emitteres
937 3825 1100 3892 Catonem
1128 3826 1349 3914 nonquidem
1364 3827 1550 3908 meliorem,

317 3935 376 4001 sed
416 3942 529 4001 tamen
557 3936 785 3999 securiorem?
803 3961 819 3994 »
848 3934 934 3998 Tum
964 3932 1045 3998 ille:
1066 3962 1082 3993 a
1103 3931 1179 3998 ..Si
1206 3956 1273 4021 qua
1306 3935 1422 4001 omisit
1453 3933 1551 4018 Cato,

225 4061 228 4065 ·
316 4042 471 4130 sequenti
483 4039 1554 4128 recitationeThyestesdicet...»(LoquiturApcr):«...Etiamsi

316 4173 385 4215 non
398 4172 523 4214 novum
539 4148 600 4213 tibi
616 4149 687 4235 ipse
703 4148 877 4235 negotium
898 4148 1130 4235 importasses‚
1150 4156 1188 4212 ut
1204 4148 1391 4214 Domitium
1405 4157 1439 4215 et
1454 4149 1553 4216 Cato-

316 4281 436 4323 nem...
458 4256 700 4320 Graeculorum
721 4254 844 4320 fabulis
856 4254 1061 4342 adgregares
1078 4282 1108 4320 a.

274 4361 514 4450 (CATONlVS
566 4363 748 4446 lVSTVS),
810 4362 966 4427 IVSTVS
1013 4361 1284 4429 CATON1VS⁴.
1331 4401 1375 4412 -
1425 4388 1452 4446 ι,
1498 4387 1551 4453 29.

319 4471 473 4537 lustus...
502 4469 666 4536 Catonius
692 4469 791 4557 primi
807 4469 936 4534 ordinis
969 4470 1121 4534 centurio
1134 4469 1178 4534 ad
1193 4469 1365 4534 Tiberium
1378 4470 1552 4558 (mittitur,

319 4580 376 4669 qui
391 4576 558 4643 desideria
574 4576 844 4641 Pannonicarnm
865 4575 1037 4664 legionum
1057 4575 1229 4665 perferat).

306 4806 316 4841 ¹
331 4804 359 4855 C
376 4805 488 4856 Porcius
502 4806 577 4868 Cato,
589 4808 653 4859 trib.
671 4808 755 4870 pleb..
773 4822 796 4857 a.
811 4806 858 4870 698
871 4826 902 4851 =
914 4805 957 4857 56.

308 4885 365 4936 ²⁸.
381 4886 494 4936 Porcius
506 4886 572 4937 Cato
586 4888 731 4937 Vticensis.

306 4964 318 5002 ³
335 4965 537 5031 intellegendus
551 4971 595 5017 est
611 4968 645 5017 M.
664 4968 799 5031 (Porcius)
816 4967 892 5029 Ceto,
908 4968 955 5031 qui
970 4981 1052 5031 supra
1067 4970 1121 5017 est.

306 5044 318 5079 ⁴
337 5046 449 5097 Pnosor.
461 5046 517 5112 (78.
