3709 6234
286 826 337 881 150
782 829 917 882 clectus
937 829 1076 881 ALlENVS

327 972 414 1035 citus
429 971 588 1036 virtutem
614 971 700 1035 inter
725 977 815 1035 artes
838 978 921 1036 erat.
941 967 1122 1035 Credidere
1142 968 1294 1058 plerique
1318 970 1424 1036 Flavii
1448 968 1566 1035 Sabini

327 1078 478 1142 consiliis
494 1101 693 1142 concussam
710 1078 873 1142 Caecinae
889 1083 1064 1143 mentem..
1088 1128 1094 1156 ,
1120 1084 1192 1141 rata
1215 1078 1303 1165 apud
1321 1078 1564 1166 Vespasianum

328 1184 397 1250 lore
413 1193 509 1273 pacta
532 1186 756 1250 transitionis.
778 1222 823 1235 -
845 1184 887 1264 ll,
915 1207 986 1250 roo.
1008 1184 1152 1249 Caecina
1181 1208 1199 1247 e
1227 1184 1407 1272 complexu
1438 1183 1566 1250 Vitellii

329 1292 435 1356 multo
456 1314 532 1356 cum
563 1292 688 1357 bonore
716 1292 890 1378 digressus
910 1299 1040 1379 partem
1069 1291 1220 1379 equitum
1255 1290 1296 1356 ad
1333 1292 1566 1380 occupandam

328 1400 531 1464 Cremonam
552 1399 767 1487 praemisit...
791 1398 947 1463 Proiecto
970 1398 1113 1463 Caecina
1134 1399 1269 1486 scripsit
1291 1398 1415 1465 Fabius
1441 1399 1567 1465 Valens

329 1506 503 1587 exercitui,
515 1529 615 1594 quem
629 1507 700 1593 ipse
716 1507 926 1584 ductaverat,
945 1514 981 1570 ut
996 1506 1030 1569 in
1046 1505 1165 1570 itinere
1182 1506 1411 1594 opperiretur3
1438 1506 1486 1573 sic
1502 1505 1567 1571 sibi

328 1636 405 1677 cum
432 1613 575 1679 Caecina
601 1614 814 1678 convenisse.
837 1613 944 1690 Qui...
967 1619 1135 1677 mutatum
1161 1612 1195 1677 id
1221 1612 1400 1678 consilium
1425 1613 1564 1679 linxit...

328 1719 398 1783 Nec
412 1721 489 1784 sciri
501 1728 614 1808 potest
629 1721 812 1787 traxeritne
833 1721 1014 1785 Caecinam
1027 1719 1196 1805 (Lucilius
1219 1720 1373 1805 bassus),
1395 1743 1449 1799 an,
1477 1721 1567 1808 quod

328 1829 442 1893 evenit
462 1828 550 1892 inter
565 1828 729 1905 malos...‚
754 1828 871 1893 eadem
898 1826 976 1891 illos
1004 1827 1154 1916 pravitas
1178 1826 1351 1916 impulerit
1369 1827 1428 1916 (ad
1448 1829 1567 1916 prodi-

330 1934 483 2021 tionem).
506 1975 549 1984 -
577 1936 620 2015 ll,
658 1959 728 2000 ror.
764 1936 907 2000 Caecina
934 1934 1085 2021 legiones
1114 1934 1296 1999 adsecutus
1331 1937 1568 2001 centurionum

330 2042 543 2128 militumque
575 2042 707 2106 animos
736 2041 926 2107 obstinatos
949 2065 1009 2130 pro
1038 2040 1175 2107 Vitellio
1210 2041 1311 2105 variis
1342 2041 1472 2107 artibus
1492 2042 1570 2108 sub·

328 2148 457 2215 ruebat.
488 2185 533 2199 -
558 2147 619 2228 lll,
636 2149 669 2212 8.
689 2149 849 2213 Possessa
866 2150 940 2238 ipso
960 2149 1106 2214 transitu
1123 2147 1395 2235 (Flavianorum)
1415 2150 1566 2228 Vicetia;

330 2255 421 2343 quod
441 2278 554 2343 perse
577 2279 758 2344 parvum...
791 2256 906 2343 magni
926 2256 1090 2321 momenti
1106 2255 1217 2321 locum
1238 2254 1386 2321 obtinuit
1407 2263 1568 2345 reputan-

331 2361 422 2427 tibus
436 2362 506 2427 illic
523 2363 703 2428 Caecinam
717 2364 869 2449 genitum
886 2370 919 2429 et
935 2363 1079 2451 patriam
1097 2362 1245 2428 hostium
1261 2362 1339 2427 duci
1359 2371 1569 2450 ereptam.-

332 2469 391 2549 111,
410 2494 441 2556 9.
462 2470 542 2534 Mox
559 2471 702 2535 Caecina
719 2471 807 2535 inter
822 2470 1045 2537 Hostiliam...
1066 2477 1100 2535 et
1114 2469 1255 2559 paludes
1270 2470 1400 2535 Tartari
1419 2471 1569 2535 lluminis

330 2585 441 2641 castra
459 2577 683 2664 permuniit...
702 2576 769 2642 Sed
793 2577 938 2642 Caecina
954 2600 1013 2665 per
1030 2577 1142 2642 varias
1162 2599 1275 2641 moras
1290 2577 1398 2665 prima
1412 2577 1569 2643 hostibus

331 2682 480 2770 prodidit
494 2690 644 2770 tempora
667 2682 759 2748 belli.
769 2737 804 2760 ..‚
823 2683 928 2748 donec
943 2707 1004 2771 per
1018 2684 1156 2750 nuntios
1171 2690 1267 2772 pacta
1283 2683 1443 2770 perfidiae
1459 2684 1570 2749 firma-

333 2800 423 2856 ret...
447 2792 517 2855 Has
547 2791 589 2855 ad
612 2792 726 2879 copias
750 2815 964 2879 nequaquam
986 2790 1176 2856 Vitellianis
1196 2812 1335 2878 pares...
1357 2791 1450 2857 misit
1480 2792 1570 2880 epis-

331 2897 421 2962 tulas
457 2898 600 2962 Caecina
634 2900 858 2964 temeritatem
890 2898 978 2963 vict-a
1009 2920 1100 2963 arma
1133 2898 1348 2976 tractantium
1365 2899 1567 2965 incusans...

333 3005 570 3069 Flavianarum
591 3007 735 3093 partium
757 3006 901 3072 duces..
934 3006 1044 3093 ipsum
1066 3005 1246 3070 Caecinam
1267 3029 1335 3071 non
1359 3004 1503 3071 obscure
1528 3006 1570 3070 ad

332 3112 565 3177 transitionem
581 3114 816 3180 hortabantur.
839 3113 1012 3178 ltecitatae
1032 3136 1093 3201 pro
1111 3113 1268 3178 contione
1285 3111 1450 3201 epistulae
1474 3113 1570 3178 addi-

330 3219 408 3284 dere
437 3220 606 3301 liduciam,
634 3220 723 3308 quod
751 3220 918 3285 submisse
948 3221 1104 3298 Caecina,
1133 3219 1226 3284 velut
1253 3219 1421 3285 ollendere
1446 3220 1571 3309 Vespa·

332 3327 463 3391 sianum
481 3327 615 3405 timens,
641 3328 790 3415 ipsorum
807 3327 910 3391 duces
930 3327 1164 3414 contemptim.
1179 3335 1350 3415 tamquam
1365 3327 1571 3392 insultantes

334 3433 481 3507 Vitellia,
519 3434 746 3520 scripsissent.
779 3474 822 3483 —
852 3433 912 3515 lll,
942 3436 990 3499 13.
1029 3434 1185 3515 Caecina,
1223 3434 1410 3499 delectione
1452 3434 1571 3498 classis

332 3541 568 3628 (Ravennatis)
588 3541 738 3627 vulgata,
755 3543 920 3629 primores
940 3541 1176 3606 centurionum
1192 3549 1225 3606 ct
1241 3563 1365 3628 paucos
1381 3541 1569 3607 militum...

332 3648 364 3711 in
383 3647 481 3712 verba
493 3648 691 3735 Vespasiani
704 3648 850 3734 adigit...
870 3647 937 3713 Sed
950 3648 1008 3712 ubi
1023 3649 1105 3713 totis
1120 3648 1241 3713 castris
1258 3648 1291 3712 in
1307 3647 1394 3712 lama
1410 3648 1568 3735 proditio,

332 3778 507 3819 recurrens
539 3757 572 3818 iu
602 3756 766 3842 principia
790 3756 929 3820 miles...
973 3756 1053 3820 blox
1085 3763 1206 3820 cuncta
1239 3754 1338 3819 simul
1358 3765 1537 3841 erumpunt
1563 3776 1569 3822 τ

333 3885 348 3924 a
376 3916 382 3927 .
465 3862 502 3926 ld
530 3864 647 3937 ltasso,
678 3863 711 3927 id
749 3864 912 3928 Caecinae
947 3864 1070 3934 visum.
1108 3871 1288 3952 postquam
1327 3862 1459 3941 domus,
1496 3864 1572 3928 hor-

334 3977 397 4045 tos,
437 3994 518 4056 opes
556 3972 696 4058 principi
731 3971 945 4042 abstulerint.
982 3973 1082 4036 etiam
1122 3971 1251 4036 aulerre
1288 3971 1442 4037 militem.
1474 3999 1489 4030 »
1522 4011 1572 4060 .-

335 4076 394 4154 lll,
441 4079 489 4153 il.
538 4078 706 4164 llepositis
750 4078 877 4143 Vitellii
913 4078 1117 4166 imaginibus
1153 4078 1264 4143 vincla
1310 4078 1474 4143 Caecinae
1508 4079 1573 4142 ini-

332 4185 465 4264 ciunt...
498 4184 578 4249 lnde
599 4186 800 4249 Cremonam
825 4193 980 4272 pergunt,
1008 4194 1045 4250 ut.
1070 4185 1259 4273 legionibus
1283 4186 1411 4273 primae
1436 4184 1573 4251 Italicae

332 4299 363 4355 et
385 4291 684 4356 unietvicensimae
702 4293 826 4380 llapaci
847 4294 1079 4379 iungerentur,
1098 4316 1182 4380 quas
1198 4293 1342 4357 Caecina
1358 4292 1399 4358 ad
1415 4290 1574 4359 obtinen-

332 4398 409 4461 dam
431 4396 676 4463 Cremonam...
710 4399 940 4485 praemiserat.
973 4437 1015 4445 —
1045 4397 1107 4470 lll,
1148 4399 1196 4462 ι5.
1231 4397 1372 4463 Fabium
1394 4397 1572 4464 Valentem

333 4504 521 4590 proiectum
553 4504 594 4567 ab
614 4504 697 4568 urbe
735 4505 1072 4592 adceleraturumque
1105 4506 1241 4591 cognita
1270 4504 1434 4570 Caecinae
1460 4505 1575 4594 prodi-

333 4612 423 4675 tione
449 4610 661 4676 coniectabat
679 4613 867 4697 (Antonius
894 4612 1053 4695 Primus).
1072 4650 1114 4659 —
1149 4610 1283 4695 111‚31.
1313 4612 1483 4677 Primores
1498 4636 1574 4678 cas-

336 4726 504 4783 trorum...
523 4725 659 4782 catenas
675 4718 851 4798 Caecinae,
883 4741 962 4782 nam
985 4719 1184 4784 etiamtunc
1204 4719 1338 4784 vinctus
1352 4726 1435 4797 erat,
1454 4719 1576 4785 exsol-

333 4832 418 4888 vunt
434 4833 611 4912 orantque,
627 4833 664 4890 ut
678 4848 799 4891 causae
820 4849 900 4890 suae
925 4826 1123 4914 deprecator
1138 4825 1241 4914 (apud
1256 4826 1359 4891 duces
1376 4824 1575 4905 Flavianos)

335 4930 491 4998 adsistat.
514 4935 764 5019 Aspernantcm
781 4941 1036 5022 tumentemque
1056 4933 1206 4998 lacrimis
1222 4932 1409 5020 fatigant...
1431 4933 1500 4999 Sed
1515 4932 1574 4999 ubi
