3709 6234
772 876 801 931 L.
823 876 924 932 SVLLA
1435 872 1486 928 611

259 1020 310 1079 ter
325 1013 415 1078 viros
434 1037 594 1103 armaque
621 1014 787 1081 classibus
814 1016 942 1084 valent.
976 1054 1019 1065 -
1045 1015 1100 1093 15.
1117 1016 1225 1081 Trans
1240 1016 1383 1084 Suionas
1398 1013 1490 1080 aliud

259 1143 406 1201 mare...,
419 1103 485 1209 quo
501 1122 590 1209 cingi
610 1121 767 1210 cludique
792 1130 957 1189 terrarum
983 1122 1140 1190 orbem...
1164 1123 1290 1190 lides...
1308 1122 1490 1189 Suionibus

258 1227 414 1292 Sitonum
428 1237 547 1316 gentes
562 1230 814 1295 continuantur.

214 1333 372 1409 SVLLA,
394 1359 427 1400 ν.
446 1334 701 1401 CORNELIVS
720 1336 865 1403 SVLLA
884 1336 1097 1404 FAVS'l'VS.

214 1439 372 1520 SVLLA,
396 1441 433 1506 L.
449 1442 610 1508 SVLLA¹
636 1444 713 1529 (A).
736 1483 779 1493 -
800 1469 826 1524 1,
859 1469 885 1509 1.
908 1443 984 1509 Non
1010 1427 1151 1526 Cinnae,
1170 1466 1237 1509 non
1258 1442 1371 1510 Sullae
1391 1441 1492 1528 longa

259 1547 455 1614 dominatio.
473 1585 516 1600 -
533 1575 564 1626 2,
588 1549 642 1615 55.
671 1549 733 1616 Cn.
771 1550 889 1618 Piso...
912 1551 1049 1640 oblique
1070 1551 1311 1616 Germanicum
1330 1549 1494 1639 perstrin-

258 1677 353 1740 gens,
366 1656 499 1743 quod...
523 1657 708 1745 (civitatem
725 1659 1000 1745 Atheniensium)
1017 1659 1174 1724 comitate
1196 1658 1298 1723 nimia
1313 1656 1489 1736 coluisset;

259 1761 320 1825 hos
335 1764 424 1828 enim
439 1787 512 1829 esse
529 1763 735 1831 Mithridatis
763 1766 924 1832 adversus
949 1764 1121 1833 Sullam...
1144 1766 1293 1831 socios...
1313 1802 1357 1814 —
1377 1765 1408 1847 3,
1430 1787 1486 1829 22.

259 1869 399 1957 Lepida,
416 1871 469 1935 eui
494 1896 595 1960 super
619 1873 843 1939 Aemiliorum
868 1874 972 1939 decus
1002 1874 1038 1939 l..
1063 1873 1158 1938 Sulla
1182 1881 1216 1939 et
1231 1872 1293 1937 Cn.
1313 1871 1495 1960 Pompeius

260 1978 377 2063 proavi
404 1986 510 2043 orant.
543 2017 584 2028 -
611 1980 642 2049 3.
673 1961 724 2069 57.
752 1980 790 2044 l..
815 1980 909 2046 Sulla
925 1980 1082 2060 dictator,
1098 1979 1233 2045 abolitis
1246 1978 1300 2044 vel
1321 1977 1495 2044 conversis

259 2084 427 2172 prioribus
443 2083 616 2172 (legibus),
635 2109 711 2151 cum
732 2086 827 2176 plura
853 2087 1051 2170 addidisset,
1074 2088 1180 2152 otium
1206 2087 1278 2152 eius
1292 2085 1339 2151 rei
1355 2083 1446 2151 haud
1460 2084 1494 2149 in

260 2191 399 2280 longum
430 2194 572 2281 paravit.
605 2230 648 2241 -
686 2195 717 2274 3,
749 2194 803 2260 62.
824 2195 1001 2281 Magnetes
1021 2195 1058 2260 L.
1077 2194 1245 2282 Scipionis
1264 2194 1351 2260 etl..
1378 2190 1494 2257 Sullae

260 2300 455 2366 constitutis
469 2300 676 2381 nitebantur,
694 2324 838 2389 quorum
858 2301 914 2367 ille
929 2301 1111 2382 Antiocho,
1133 2302 1187 2366 hic
1201 2300 1398 2366 Mithridate
1414 2298 1495 2388 pul-

260 2407 348 2472 sis...
367 2445 408 2456 -
424 2412 455 2488 l,
480 2407 532 2473 56.
557 2408 764 2497 (Zmyrnaei)
791 2410 828 2474 L.
850 2409 981 2476 Sullam
1002 2417 1124 2475 testem
1139 2407 1348 2485 adferebant,
1365 2407 1496 2493 gravis-

260 2514 394 2578 simoin
417 2515 610 2581 discrimine
630 2518 798 2582 exercitus
814 2517 846 2605 (a
864 2541 900 2583 se
929 2516 1110 2606 adiutum).
1133 2556 1176 2565 -
1190 2516 1222 2596 6,
1245 2517 1299 2594 48.
1318 2513 1497 2601 (Tiberius)

260 2622 344 2686 Gaio
361 2623 509 2704 Caesari,
528 2622 612 2689 lorte
628 2632 701 2689 orto
712 2648 866 2691 sermone
880 2624 1058 2692 L.Sullam
1075 2623 1369 2704 inridenti,omnia
1383 2621 1496 2688 Sullae

261 2729 342 2794 vitia
359 2738 392 2794 et
408 2730 536 2795 nullam
552 2730 704 2797 eiusdem
724 2733 885 2799 virtutem
903 2732 1096 2799 habiturum
1112 2730 1290 2821 praedixit.
1309 2768 1351 2779 -—
1372 2754 1421 2808 11,
1439 2753 1493 2795 22.

263 2836 343 2902 l'ost
363 2836 437 2923 lege
468 2837 583 2903 Sullae
612 2840 735 2927 viginti
757 2841 983 2929 (quaestores)
1003 2840 1107 2906 creati
1135 2837 1324 2927 supplendo
1349 2836 1493 2916 senatui,

260 2944 312 3008 cui
347 2943 469 3009 iudicia
494 2945 689 3013 tradiderat.
711 2985 755 2998 -
784 2972 833 3028 12,
871 2947 924 3013 23.
965 2947 1034 3013 Nec
1066 2955 1178 3012 tamen
1211 2946 1314 3011 duces
1335 2944 1490 3022 llomani,

259 3045 465 3141 quamquam
481 3054 613 3141 magnis
629 3054 822 3120 nationibus
833 3054 995 3132 subactis,
1013 3062 1259 3142 usurpaverant
1274 3053 1341 3141 (ius
1355 3075 1495 3139 pomoe-

260 3159 299 3223 rii
315 3160 471 3248 augendi)
488 3160 554 3225 nisi
572 3161 610 3227 1..
627 3161 721 3227 Sulla
737 3170 770 3227 et
786 3162 893 3227 Divus
910 3163 1099 3251 Augustus
1119 3200 1162 3209 -—
1183 3185 1233 3240 12,
1249 3158 1302 3224 60.
1322 3159 1492 3225 blarius...

259 3275 292 3331 ct
311 3266 405 3333 Sulla
421 3267 502 3332 olim
531 3269 572 3333 de
596 3268 743 3355 (iudiciis
758 3269 907 3358 equestri
931 3270 1041 3335 ordini
1057 3267 1257 3354 tribuendis)
1291 3264 1344 3331 vel
1356 3265 1495 3353 ‘praeci-

259 3398 323 3463 pue
340 3375 614 3464 (pugnarerant).
638 3413 683 3428 -
705 3401 754 3457 12,
774 3376 829 3441 62.
863 3377 1057 3463 Byzantii...
1076 3374 1229 3461 (auxilia)
1248 3371 1493 3441 memorabant.

259 3505 385 3569 quae...
409 3481 524 3548 Sullae
540 3490 597 3548 aut
612 3482 754 3549 Lucullo
775 3492 833 3548 aut
860 3483 1020 3571 Pompeio
1042 3481 1287 3547 obtulissent...
1311 3518 1354 3528 -
1376 3478 1419 3560 ll,
1439 3477 1492 3541 38.

261 3590 339 3653 blox
356 3612 374 3654 e
388 3589 485 3677 plebe
510 3590 624 3654 intima
653 3590 692 3657 C.
727 3590 855 3655 Marius
875 3599 909 3656 et
933 3588 1098 3680 nobilium
1123 3589 1340 3654 saevissimus
1372 3585 1496 3651 Lucius

259 3695 355 3762 Sulla
382 3697 506 3761 rictam
537 3698 640 3762 armis
670 3696 861 3764 libertatem
892 3698 925 3762 in
955 3696 1222 3763 dominationem
1247 3700 1435 3759 verterunt.
1454 3729 1497 3741 -

261 3803 321 3884 lll,
339 3829 393 3894 72.
412 3803 536 3868 Curam
550 3804 768 3891 (restituendi
784 3804 957 3892 Capitolii)
973 3805 1082 3869 victor
1097 3802 1191 3871 Sulla
1207 3801 1367 3889 suscepit,
1388 3821 1496 3888 neque

260 3910 570 3990 tamendedicavit;
602 3912 664 3976 hoc
694 3911 804 3977 solum
836 3910 989 3977 felicitati
1014 3911 1085 3976 eius
1110 3906 1419 3998 negatum—ill,
1438 3907 1492 3971 83.

260 4019 492 4083 Conllixerant
517 4027 550 4084 et
581 4027 659 4084 ante
687 4020 806 4084 armati
833 4019 1003 4090 exercitus
1019 4019 1051 4083 in
1071 4016 1165 4096 urbe,
1188 4016 1240 4081 bis
1257 4015 1359 4081 Lucio
1386 4013 1492 4091 Sulla,

260 4125 363 4190 semel
379 4126 487 4191 Cinna
498 4125 725 4192 victoribus...
742 4163 787 4176 —
813 4127 852 4191 0.
868 4128 922 4203 do.
944 4155 958 4186 a
982 4124 1068 4191 Cum
1089 4149 1124 4190 se
1140 4123 1277 4213 plurimi
1291 4122 1495 4187 disertorum

261 4255 301 4297 no
318 4231 437 4297 Publio
453 4233 589 4320 quidem
609 4234 766 4322 Scipione
793 4241 850 4299 aut
872 4233 929 4297 l..‘²
949 4232 1045 4299 Sulla
1065 4232 1194 4297 autCn.
1214 4230 1375 4319 Pompeio
1389 4228 1496 4293 absti-

262 4340 437 4404 uorent...³
451 4371 464 4399 n

220 4446 256 4511 L.
279 4446 437 4529 SVLLA,
460 4446 705 4532 summu)
736 4484 779 4497 -
800 4448 833 4526 3,
860 4447 914 4514 3ι.
948 4447 1117 4513 Domitius
1155 4444 1302 4511 Corbulo
1339 4452 1493 4532 praetura

249 4668 257 4701 ¹
276 4668 459 4719 l..Co1·nelius
477 4670 550 4718 Sulla
567 4671 695 4719 dictator.

248 4749 259 4782 ²
278 4750 305 4797 1..
321 4751 383 4799 odd.
403 4751 501 4797 lhrrmr
516 4764 522 4799 :
539 4772 550 4792 α
568 4751 635 4800 Num
653 4765 748 4799 omnes
765 4755 820 4799 tres
837 4751 923 4813 quiin
942 4750 1097 4813 exemplum
1113 4749 1297 4798 referuntur...
1316 4749 1363 4795 aut
1377 4746 1494 4808 simplici

217 4831 324 4878 nomine
341 4836 387 4878 aut
405 4831 476 4878 binis
494 4832 607 4878 vocandi
625 4835 712 4880 erant.
731 4848 743 4876 n

247 4910 258 4944 ³
275 4910 307 4959 1'.
321 4912 400 4959 etiam
418 4919 452 4970 η,
472 4913 501 4973 57
517 4916 544 4959 et-
561 4911 695 4959 Conxnma
708 4912 759 4959 lox.

247 4991 257 5024 ⁴
277 4992 305 5039 L.
322 4991 481 5054 plor-nehus)
493 4991 596 5048 Sulla·
614 4993 663 5040 der
682 4992 798 5041 t'renhel
814 4993 861 5040 des
878 5006 930 5040 von
944 4989 1038 5040 Cicero
1053 4992 1231 5054 rorteidigten
1250 4991 1283 5041 P.
1295 4989 1382 5050 Sulla,
1397 4989 1493 5037 desscn

282 5101 357 5151 L'mv.
378 5116 409 5149 ou
429 5102 509 5150 Lrox.
529 5127 557 5139 -
577 5102 670 5153 Fama.
917 5122 920 5128 ·
1369 5099 1397 5149 ll
