<?xml version="1.0" encoding="UTF-8"?>
<!DOCTYPE html PUBLIC "-//W3C//DTD XHTML 1.0 Transitional//EN"
    "http://www.w3.org/TR/xhtml1/DTD/xhtml1-transitional.dtd">
<html xmlns="http://www.w3.org/1999/xhtml" xml:lang="en" lang="en">
 <head>
  <title>
</title>
<meta http-equiv="Content-Type" content="text/html;charset=utf-8" />
  <meta name='ocr-system' content='tesseract 3.04.00' />
  <meta name='ocr-capabilities' content='ocr_page ocr_carea ocr_par ocr_line ocrx_word'/>
</head>
<body>
  <div class='ocr_page' id='page_1' title='image "./onomasticontaci00fabigoog_0742.png"; bbox 0 0 3709 6234; ppageno 0'>
   <div class='ocr_carea' id='block_1_1' title="bbox 781 845 1514 904">
    <p class='ocr_par' dir='ltr' id='par_1_1' title="bbox 781 845 1514 904">
     <span class='ocr_line' id='line_1_1' title="bbox 781 845 1514 904; baseline -0.003 -2"><span class='ocrx_word' id='word_1_1' title='bbox 781 850 972 904; x_wconf 80' lang='lat' dir='ltr'><strong>VlTliLLlAlll</strong></span> <span class='ocrx_word' id='word_1_2' title='bbox 1461 845 1514 901; x_wconf 81' lang='lat'><strong>735</strong></span> 
     </span>
    </p>
   </div>
   <div class='ocr_carea' id='block_1_2' title="bbox 226 989 1513 4516">
    <p class='ocr_par' dir='ltr' id='par_1_2' title="bbox 276 989 1513 1402">
     <span class='ocr_line' id='line_1_2' title="bbox 279 989 1510 1079; baseline 0.001 -26"><span class='ocrx_word' id='word_1_3' title='bbox 279 990 388 1077; x_wconf 86' lang='lat' dir='ltr'><strong>stupri</strong></span> <span class='ocrx_word' id='word_1_4' title='bbox 403 990 493 1079; x_wconf 91' lang='lat' dir='ltr'><strong>apud</strong></span> <span class='ocrx_word' id='word_1_5' title='bbox 512 989 637 1057; x_wconf 78' lang='lat' dir='ltr'>aediles</span> <span class='ocrx_word' id='word_1_6' title='bbox 656 989 898 1079; x_wconf 80' lang='lat' dir='ltr'><strong>vulgaverat...</strong></span> <span class='ocrx_word' id='word_1_7' title='bbox 926 991 1134 1058; x_wconf 81' lang='lat' dir='ltr'><strong>Exactum...</strong></span> <span class='ocrx_word' id='word_1_8' title='bbox 1153 1015 1171 1055; x_wconf 93' lang='lat' dir='ltr'><strong>a</strong></span> <span class='ocrx_word' id='word_1_9' title='bbox 1195 990 1319 1056; x_wconf 80' lang='lat' dir='ltr'><strong>Titidio</strong></span> <span class='ocrx_word' id='word_1_10' title='bbox 1343 989 1510 1066; x_wconf 80' lang='lat' dir='ltr'>Labeone,</span> 
     </span>
     <span class='ocr_line' id='line_1_3' title="bbox 278 1095 1513 1184; baseline 0.004 -27"><span class='ocrx_word' id='word_1_11' title='bbox 278 1095 433 1164; x_wconf 76' lang='lat' dir='ltr'><strong>Vistiliae</strong></span> <span class='ocrx_word' id='word_1_12' title='bbox 456 1098 589 1178; x_wconf 86' lang='lat' dir='ltr'><strong>marito,</strong></span> <span class='ocrx_word' id='word_1_13' title='bbox 620 1122 680 1165; x_wconf 90' lang='lat' dir='ltr'><strong>cur</strong></span> <span class='ocrx_word' id='word_1_14' title='bbox 709 1099 742 1163; x_wconf 95' lang='lat' dir='ltr'><strong>in</strong></span> <span class='ocrx_word' id='word_1_15' title='bbox 772 1121 876 1164; x_wconf 83' lang='lat' dir='ltr'><strong>uxore</strong></span> <span class='ocrx_word' id='word_1_16' title='bbox 897 1098 1013 1164; x_wconf 80' lang='lat' dir='ltr'><strong>delicti</strong></span> <span class='ocrx_word' id='word_1_17' title='bbox 1037 1098 1217 1167; x_wconf 84' lang='lat' dir='ltr'><strong>manifesta</strong></span> <span class='ocrx_word' id='word_1_18' title='bbox 1238 1097 1400 1163; x_wconf 92' lang='lat' dir='ltr'><strong>ultionem</strong></span> <span class='ocrx_word' id='word_1_19' title='bbox 1428 1097 1513 1184; x_wconf 81' lang='lat' dir='ltr'><strong>legis</strong></span> 
     </span>
     <span class='ocr_line' id='line_1_4' title="bbox 277 1195 1512 1295; baseline 0.004 -27"><span class='ocrx_word' id='word_1_20' title='bbox 277 1205 460 1271; x_wconf 87' lang='lat' dir='ltr'><strong>omisisset.</strong></span> <span class='ocrx_word' id='word_1_21' title='bbox 493 1206 607 1295; x_wconf 74' lang='lat' dir='ltr'><strong>Atque</strong></span> <span class='ocrx_word' id='word_1_22' title='bbox 642 1205 701 1271; x_wconf 94' lang='lat' dir='ltr'><strong>illo</strong></span> <span class='ocrx_word' id='word_1_23' title='bbox 739 1205 1039 1295; x_wconf 86' lang='lat' dir='ltr'><strong>praetendente...,</strong></span> <span class='ocrx_word' id='word_1_24' title='bbox 1063 1207 1147 1271; x_wconf 91' lang='lat' dir='ltr'><strong>satis</strong></span> <span class='ocrx_word' id='word_1_25' title='bbox 1175 1195 1344 1271; x_wconf 53' lang='lat' dir='ltr'><strong>visum&#39;de</strong></span> <span class='ocrx_word' id='word_1_26' title='bbox 1378 1205 1512 1273; x_wconf 90' lang='lat' dir='ltr'><strong>Vistilia</strong></span> 
     </span>
     <span class='ocr_line' id='line_1_5' title="bbox 276 1313 1167 1402; baseline 0.001 -25"><span class='ocrx_word' id='word_1_27' title='bbox 276 1319 435 1391; x_wconf 81' lang='lat' dir='ltr'><strong>statuere,</strong></span> <span class='ocrx_word' id='word_1_28' title='bbox 453 1335 559 1402; x_wconf 92' lang='lat' dir='ltr'><strong>eaque</strong></span> <span class='ocrx_word' id='word_1_29' title='bbox 575 1315 608 1378; x_wconf 93' lang='lat' dir='ltr'><strong>in</strong></span> <span class='ocrx_word' id='word_1_30' title='bbox 624 1313 773 1379; x_wconf 91' lang='lat' dir='ltr'><strong>insulam</strong></span> <span class='ocrx_word' id='word_1_31' title='bbox 788 1313 956 1402; x_wconf 88' lang='lat' dir='ltr'><strong>Seriphon</strong></span> <span class='ocrx_word' id='word_1_32' title='bbox 977 1313 1091 1379; x_wconf 82' lang='lat' dir='ltr'><strong>abdita</strong></span> <span class='ocrx_word' id='word_1_33' title='bbox 1103 1320 1167 1379; x_wconf 91' lang='lat' dir='ltr'><strong>est.</strong></span> 
     </span>
    </p>

    <p class='ocr_par' dir='ltr' id='par_1_3' title="bbox 231 1419 1510 2155">
     <span class='ocr_line' id='line_1_6' title="bbox 231 1419 1508 1511; baseline 0.002 -26"><span class='ocrx_word' id='word_1_34' title='bbox 231 1419 327 1486; x_wconf 80' lang='lat' dir='ltr'><strong>SEX.</strong></span> <span class='ocrx_word' id='word_1_35' title='bbox 350 1419 572 1488; x_wconf 89' lang='lat' dir='ltr'><strong>VlSTlLlVS</strong></span> <span class='ocrx_word' id='word_1_36' title='bbox 590 1421 613 1488; x_wconf 84' lang='lat'><strong>¹.</strong></span> <span class='ocrx_word' id='word_1_37' title='bbox 631 1459 673 1471; x_wconf 91' lang='lat'>-</span> <span class='ocrx_word' id='word_1_38' title='bbox 690 1419 723 1502; x_wconf 88' lang='lat'><strong>6,</strong></span> <span class='ocrx_word' id='word_1_39' title='bbox 737 1447 770 1511; x_wconf 84' lang='lat'><strong>9.</strong></span> <span class='ocrx_word' id='word_1_40' title='bbox 792 1421 935 1487; x_wconf 89' lang='lat' dir='ltr'><strong>Secutae</strong></span> <span class='ocrx_word' id='word_1_41' title='bbox 952 1420 1073 1487; x_wconf 92' lang='lat' dir='ltr'><strong>dehinc</strong></span> <span class='ocrx_word' id='word_1_42' title='bbox 1093 1419 1217 1485; x_wconf 88' lang='lat' dir='ltr'><strong>Tiberii</strong></span> <span class='ocrx_word' id='word_1_43' title='bbox 1230 1419 1362 1486; x_wconf 81' lang='lat' dir='ltr'><strong>litterae</strong></span> <span class='ocrx_word' id='word_1_44' title='bbox 1378 1421 1412 1485; x_wconf 94' lang='lat' dir='ltr'><strong>in</strong></span> <span class='ocrx_word' id='word_1_45' title='bbox 1429 1420 1508 1488; x_wconf 87' lang='lat' dir='ltr'><strong>Sex.</strong></span> 
     </span>
     <span class='ocr_line' id='line_1_7' title="bbox 276 1527 1507 1618; baseline 0.003 -29"><span class='ocrx_word' id='word_1_46' title='bbox 276 1527 469 1594; x_wconf 54' lang='lat' dir='ltr'><strong>Vistiliuml</strong></span> <span class='ocrx_word' id='word_1_47' title='bbox 488 1528 707 1618; x_wconf 88' lang='lat' dir='ltr'><strong>praetorium,</strong></span> <span class='ocrx_word' id='word_1_48' title='bbox 725 1552 828 1617; x_wconf 90' lang='lat' dir='ltr'><strong>quem</strong></span> <span class='ocrx_word' id='word_1_49' title='bbox 856 1529 968 1594; x_wconf 93' lang='lat' dir='ltr'><strong>Druso</strong></span> <span class='ocrx_word' id='word_1_50' title='bbox 1006 1527 1100 1594; x_wconf 88' lang='lat' dir='ltr'><strong>lratri</strong></span> <span class='ocrx_word' id='word_1_51' title='bbox 1125 1550 1301 1617; x_wconf 90' lang='lat' dir='ltr'><strong>percarum</strong></span> <span class='ocrx_word' id='word_1_52' title='bbox 1325 1528 1359 1591; x_wconf 93' lang='lat' dir='ltr'><strong>in</strong></span> <span class='ocrx_word' id='word_1_53' title='bbox 1390 1529 1507 1593; x_wconf 91' lang='lat' dir='ltr'><strong>cohor-</strong></span> 
     </span>
     <span class='ocr_line' id='line_1_8' title="bbox 275 1634 1510 1714; baseline 0.002 -13"><span class='ocrx_word' id='word_1_54' title='bbox 275 1642 344 1701; x_wconf 91' lang='lat' dir='ltr'><strong>tem</strong></span> <span class='ocrx_word' id='word_1_55' title='bbox 386 1659 482 1702; x_wconf 92' lang='lat' dir='ltr'><strong>suam</strong></span> <span class='ocrx_word' id='word_1_56' title='bbox 520 1636 756 1703; x_wconf 82' lang='lat' dir='ltr'><strong>transtulerat.</strong></span> <span class='ocrx_word' id='word_1_57' title='bbox 791 1635 900 1702; x_wconf 85' lang='lat' dir='ltr'><strong>Causa</strong></span> <span class='ocrx_word' id='word_1_58' title='bbox 938 1636 1136 1701; x_wconf 87' lang='lat' dir='ltr'><strong>ollensionis</strong></span> <span class='ocrx_word' id='word_1_59' title='bbox 1165 1634 1302 1701; x_wconf 83' lang='lat' dir='ltr'><strong>Vistilio</strong></span> <span class='ocrx_word' id='word_1_60' title='bbox 1332 1634 1406 1714; x_wconf 86' lang='lat' dir='ltr'><strong>fuit,</strong></span> <span class='ocrx_word' id='word_1_61' title='bbox 1451 1660 1510 1703; x_wconf 91' lang='lat' dir='ltr'><strong>seu</strong></span> 
     </span>
     <span class='ocr_line' id='line_1_9' title="bbox 275 1741 1510 1833; baseline 0.002 -25"><span class='ocrx_word' id='word_1_62' title='bbox 275 1750 512 1832; x_wconf 90' lang='lat' dir='ltr'><strong>composuerat</strong></span> <span class='ocrx_word' id='word_1_63' title='bbox 524 1741 691 1833; x_wconf 89' lang='lat' dir='ltr'><strong>quaedam</strong></span> <span class='ocrx_word' id='word_1_64' title='bbox 713 1744 747 1809; x_wconf 95' lang='lat' dir='ltr'><strong>in</strong></span> <span class='ocrx_word' id='word_1_65' title='bbox 764 1744 803 1810; x_wconf 92' lang='lat' dir='ltr'><strong>C.</strong></span> <span class='ocrx_word' id='word_1_66' title='bbox 822 1744 1002 1810; x_wconf 89' lang='lat' dir='ltr'><strong>Caesarem</strong></span> <span class='ocrx_word' id='word_1_67' title='bbox 1019 1751 1057 1809; x_wconf 90' lang='lat' dir='ltr'><strong>ut</strong></span> <span class='ocrx_word' id='word_1_68' title='bbox 1083 1743 1305 1832; x_wconf 83' lang='lat' dir='ltr'><strong>impudicum,</strong></span> <span class='ocrx_word' id='word_1_69' title='bbox 1333 1743 1405 1808; x_wconf 88' lang='lat' dir='ltr'><strong>sive</strong></span> <span class='ocrx_word' id='word_1_70' title='bbox 1432 1746 1510 1810; x_wconf 91' lang='lat' dir='ltr'><strong>licto</strong></span> 
     </span>
     <span class='ocr_line' id='line_1_10' title="bbox 273 1848 1510 1941; baseline 0.001 -26"><span class='ocrx_word' id='word_1_71' title='bbox 273 1849 387 1917; x_wconf 89' lang='lat' dir='ltr'><strong>habita</strong></span> <span class='ocrx_word' id='word_1_72' title='bbox 402 1850 497 1918; x_wconf 81' lang='lat' dir='ltr'><strong>tides,</strong></span> <span class='ocrx_word' id='word_1_73' title='bbox 515 1852 630 1941; x_wconf 69' lang='lat' dir='ltr'><strong>Atque</strong></span> <span class='ocrx_word' id='word_1_74' title='bbox 646 1850 689 1917; x_wconf 94' lang='lat' dir='ltr'><strong>ob</strong></span> <span class='ocrx_word' id='word_1_75' title='bbox 704 1850 738 1916; x_wconf 94' lang='lat' dir='ltr'><strong>id</strong></span> <span class='ocrx_word' id='word_1_76' title='bbox 750 1852 909 1917; x_wconf 86' lang='lat' dir='ltr'><strong>convictu</strong></span> <span class='ocrx_word' id='word_1_77' title='bbox 925 1848 1087 1939; x_wconf 86' lang='lat' dir='ltr'><strong>p&#39;rincipis</strong></span> <span class='ocrx_word' id='word_1_78' title='bbox 1102 1850 1306 1939; x_wconf 76' lang='lat' dir='ltr'><strong>prohibituS,</strong></span> <span class='ocrx_word' id='word_1_79' title='bbox 1319 1872 1394 1916; x_wconf 91' lang='lat' dir='ltr'><strong>cum</strong></span> <span class='ocrx_word' id='word_1_80' title='bbox 1411 1851 1510 1917; x_wconf 90' lang='lat' dir='ltr'><strong>senili</strong></span> 
     </span>
     <span class='ocr_line' id='line_1_11' title="bbox 274 1958 1508 2048; baseline 0 -25"><span class='ocrx_word' id='word_1_81' title='bbox 274 1980 377 2024; x_wconf 91' lang='lat' dir='ltr'><strong>manu</strong></span> <span class='ocrx_word' id='word_1_82' title='bbox 398 1958 523 2025; x_wconf 89' lang='lat' dir='ltr'><strong>lerrum</strong></span> <span class='ocrx_word' id='word_1_83' title='bbox 539 1960 788 2048; x_wconf 86' lang='lat' dir='ltr'><strong>temptavisset,</strong></span> <span class='ocrx_word' id='word_1_84' title='bbox 806 1958 936 2047; x_wconf 81' lang='lat' dir='ltr'><strong>obligat</strong></span> <span class='ocrx_word' id='word_1_85' title='bbox 952 1981 1057 2023; x_wconf 88' lang='lat' dir='ltr'><strong>venas</strong></span> <span class='ocrx_word' id='word_1_86' title='bbox 1075 1978 1083 2038; x_wconf 87' lang='lat'>;</span> <span class='ocrx_word' id='word_1_87' title='bbox 1106 1966 1329 2047; x_wconf 85' lang='lat' dir='ltr'><strong>precatusque</strong></span> <span class='ocrx_word' id='word_1_88' title='bbox 1345 1980 1404 2047; x_wconf 83' lang='lat' dir='ltr'><strong>per</strong></span> <span class='ocrx_word' id='word_1_89' title='bbox 1416 1958 1508 2025; x_wconf 91' lang='lat' dir='ltr'><strong>codi-</strong></span> 
     </span>
     <span class='ocr_line' id='line_1_12' title="bbox 274 2065 998 2155; baseline 0.004 -25"><span class='ocrx_word' id='word_1_90' title='bbox 274 2065 384 2143; x_wconf 88' lang='lat' dir='ltr'><strong>cillos,</strong></span> <span class='ocrx_word' id='word_1_91' title='bbox 406 2066 529 2132; x_wconf 87' lang='lat' dir='ltr'><strong>immiti</strong></span> <span class='ocrx_word' id='word_1_92' title='bbox 545 2067 709 2155; x_wconf 89' lang='lat' dir='ltr'><strong>rescripto</strong></span> <span class='ocrx_word' id='word_1_93' title='bbox 725 2089 831 2131; x_wconf 85' lang='lat' dir='ltr'><strong>venas</strong></span> <span class='ocrx_word' id='word_1_94' title='bbox 846 2065 998 2133; x_wconf 84' lang='lat' dir='ltr'><strong>resolvit.</strong></span> 
     </span>
    </p>

    <p class='ocr_par' dir='ltr' id='par_1_4' title="bbox 230 2172 1509 3014">
     <span class='ocr_line' id='line_1_13' title="bbox 230 2172 1509 2263; baseline 0.002 -28"><span class='ocrx_word' id='word_1_95' title='bbox 230 2172 452 2239; x_wconf 82' lang='lat' dir='ltr'><strong>VISVRGIS.</strong></span> <span class='ocrx_word' id='word_1_96' title='bbox 483 2211 526 2227; x_wconf 89' lang='lat'><em>-</em></span> <span class='ocrx_word' id='word_1_97' title='bbox 554 2198 582 2254; x_wconf 85' lang='lat'><strong>1,</strong></span> <span class='ocrx_word' id='word_1_98' title='bbox 602 2198 653 2262; x_wconf 88' lang='lat'><strong>7⁰·</strong></span> <span class='ocrx_word' id='word_1_99' title='bbox 677 2173 962 2263; x_wconf 88' lang='lat' dir='ltr'><strong>Penetratumque</strong></span> <span class='ocrx_word' id='word_1_100' title='bbox 991 2173 1033 2238; x_wconf 93' lang='lat' dir='ltr'><strong>ad</strong></span> <span class='ocrx_word' id='word_1_101' title='bbox 1060 2196 1194 2239; x_wconf 90' lang='lat' dir='ltr'><strong>amnem</strong></span> <span class='ocrx_word' id='word_1_102' title='bbox 1216 2174 1411 2260; x_wconf 69' lang='lat' dir='ltr'><strong>Visurgin-³,</strong></span> <span class='ocrx_word' id='word_1_103' title='bbox 1443 2197 1509 2262; x_wconf 93' lang='lat' dir='ltr'><strong>quo</strong></span> 
     </span>
     <span class='ocr_line' id='line_1_14' title="bbox 271 2280 1508 2369; baseline 0 -24"><span class='ocrx_word' id='word_1_104' title='bbox 271 2280 523 2369; x_wconf 87' lang='lat' dir='ltr'><strong>(Germanicus)</strong></span> <span class='ocrx_word' id='word_1_105' title='bbox 539 2280 665 2347; x_wconf 90' lang='lat' dir='ltr'><strong>Caesar</strong></span> <span class='ocrx_word' id='word_1_106' title='bbox 680 2281 787 2347; x_wconf 91' lang='lat' dir='ltr'><strong>classe</strong></span> <span class='ocrx_word' id='word_1_107' title='bbox 802 2280 1034 2347; x_wconf 86' lang='lat' dir='ltr'><strong>contenderat.</strong></span> <span class='ocrx_word' id='word_1_108' title='bbox 1058 2320 1100 2329; x_wconf 97' lang='lat'><em>-</em></span> <span class='ocrx_word' id='word_1_109' title='bbox 1116 2306 1147 2359; x_wconf 80' lang='lat' dir='ltr'><strong>u,</strong></span> <span class='ocrx_word' id='word_1_110' title='bbox 1170 2306 1201 2369; x_wconf 82' lang='lat' dir='ltr'><strong>q.</strong></span> <span class='ocrx_word' id='word_1_111' title='bbox 1224 2280 1366 2346; x_wconf 80' lang='lat' dir='ltr'><strong>Flumen</strong></span> <span class='ocrx_word' id='word_1_112' title='bbox 1388 2281 1508 2345; x_wconf 92' lang='lat' dir='ltr'><strong>Visur-</strong></span> 
     </span>
     <span class='ocr_line' id='line_1_15' title="bbox 271 2387 1509 2478; baseline 0.002 -27"><span class='ocrx_word' id='word_1_113' title='bbox 271 2388 324 2474; x_wconf 73' lang='lat' dir='ltr'><strong>gis</strong></span> <span class='ocrx_word' id='word_1_114' title='bbox 349 2388 521 2454; x_wconf 86' lang='lat' dir='ltr'><strong>Romanos</strong></span> <span class='ocrx_word' id='word_1_115' title='bbox 540 2388 796 2478; x_wconf 88' lang='lat' dir='ltr'><strong>Cheruscosque</strong></span> <span class='ocrx_word' id='word_1_116' title='bbox 825 2387 1053 2454; x_wconf 89' lang='lat' dir='ltr'><strong>intertlucbat.</strong></span> <span class='ocrx_word' id='word_1_117' title='bbox 1082 2427 1123 2439; x_wconf 88' lang='lat'>—</span> <span class='ocrx_word' id='word_1_118' title='bbox 1153 2412 1185 2468; x_wconf 80' lang='lat' dir='ltr'><strong>a,</strong></span> <span class='ocrx_word' id='word_1_119' title='bbox 1212 2413 1261 2454; x_wconf 87' lang='lat' dir='ltr'><strong>rr.</strong></span> <span class='ocrx_word' id='word_1_120' title='bbox 1289 2388 1430 2454; x_wconf 86' lang='lat' dir='ltr'><strong>Postero</strong></span> <span class='ocrx_word' id='word_1_121' title='bbox 1455 2387 1509 2454; x_wconf 86' lang='lat' dir='ltr'><strong>die</strong></span> 
     </span>
     <span class='ocr_line' id='line_1_16' title="bbox 272 2482 1508 2584; baseline 0.001 -24"><span class='ocrx_word' id='word_1_122' title='bbox 272 2495 519 2563; x_wconf 88' lang='lat' dir='ltr'><strong>Germanorum</strong></span> <span class='ocrx_word' id='word_1_123' title='bbox 539 2496 628 2562; x_wconf 90' lang='lat' dir='ltr'><strong>acies</strong></span> <span class='ocrx_word' id='word_1_124' title='bbox 647 2503 741 2561; x_wconf 90' lang='lat' dir='ltr'><strong>trans</strong></span> <span class='ocrx_word' id='word_1_125' title='bbox 758 2495 930 2584; x_wconf 86' lang='lat' dir='ltr'><strong>Visurgim</strong></span> <span class='ocrx_word' id='word_1_126' title='bbox 952 2496 1058 2562; x_wconf 88' lang='lat' dir='ltr'><strong>stetit.</strong></span> <span class='ocrx_word' id='word_1_127' title='bbox 1082 2531 1127 2545; x_wconf 93' lang='lat'><em>-</em></span> <span class='ocrx_word' id='word_1_128' title='bbox 1147 2521 1178 2578; x_wconf 79' lang='lat' dir='ltr'><strong>a,</strong></span> <span class='ocrx_word' id='word_1_129' title='bbox 1202 2520 1250 2561; x_wconf 81' lang='lat' dir='ltr'><strong>ra.</strong></span> <span class='ocrx_word' id='word_1_130' title='bbox 1270 2497 1395 2561; x_wconf 90' lang='lat' dir='ltr'><strong>Caesar</strong></span> <span class='ocrx_word' id='word_1_131' title='bbox 1408 2482 1508 2581; x_wconf 86' lang='lat' dir='ltr'><strong>(Ger-</strong></span> 
     </span>
     <span class='ocr_line' id='line_1_17' title="bbox 272 2602 1508 2691; baseline 0.002 -24"><span class='ocrx_word' id='word_1_132' title='bbox 272 2604 438 2690; x_wconf 87' lang='lat' dir='ltr'><strong>manicus)</strong></span> <span class='ocrx_word' id='word_1_133' title='bbox 453 2611 687 2691; x_wconf 84' lang='lat' dir='ltr'><strong>transgressus</strong></span> <span class='ocrx_word' id='word_1_134' title='bbox 707 2603 920 2691; x_wconf 82' lang='lat' dir='ltr'><strong>Visurgim...</strong></span> <span class='ocrx_word' id='word_1_135' title='bbox 954 2642 997 2652; x_wconf 95' lang='lat'>—</span> <span class='ocrx_word' id='word_1_136' title='bbox 1018 2628 1049 2684; x_wconf 80' lang='lat' dir='ltr'><strong>u,</strong></span> <span class='ocrx_word' id='word_1_137' title='bbox 1077 2602 1126 2669; x_wconf 79' lang='lat'><strong>16.</strong></span> <span class='ocrx_word' id='word_1_138' title='bbox 1150 2602 1183 2667; x_wconf 91' lang='lat' dir='ltr'><strong>ls</strong></span> <span class='ocrx_word' id='word_1_139' title='bbox 1205 2604 1359 2691; x_wconf 87' lang='lat' dir='ltr'><strong>(campus</strong></span> <span class='ocrx_word' id='word_1_140' title='bbox 1386 2602 1508 2669; x_wconf 86' lang='lat' dir='ltr'><strong>Idista-</strong></span> 
     </span>
     <span class='ocr_line' id='line_1_18' title="bbox 271 2709 1508 2800; baseline 0.002 -25"><span class='ocrx_word' id='word_1_141' title='bbox 271 2711 357 2792; x_wconf 86' lang='lat' dir='ltr'><strong>viso,</strong></span> <span class='ocrx_word' id='word_1_142' title='bbox 385 2710 516 2777; x_wconf 85' lang='lat' dir='ltr'><strong>medius</strong></span> <span class='ocrx_word' id='word_1_143' title='bbox 555 2712 643 2776; x_wconf 85' lang='lat' dir='ltr'><strong>inter</strong></span> <span class='ocrx_word' id='word_1_144' title='bbox 672 2711 844 2798; x_wconf 84' lang='lat' dir='ltr'><strong>Visurgim</strong></span> <span class='ocrx_word' id='word_1_145' title='bbox 873 2720 907 2776; x_wconf 91' lang='lat' dir='ltr'><strong>et</strong></span> <span class='ocrx_word' id='word_1_146' title='bbox 935 2709 1051 2777; x_wconf 88' lang='lat' dir='ltr'><strong>colles.</strong></span> <span class='ocrx_word' id='word_1_147' title='bbox 1086 2747 1132 2761; x_wconf 94' lang='lat'>-</span> <span class='ocrx_word' id='word_1_148' title='bbox 1174 2736 1204 2788; x_wconf 81' lang='lat' dir='ltr'><strong>a,</strong></span> <span class='ocrx_word' id='word_1_149' title='bbox 1240 2732 1290 2799; x_wconf 82' lang='lat'><strong>17.</strong></span> <span class='ocrx_word' id='word_1_150' title='bbox 1324 2710 1508 2800; x_wconf 86' lang='lat' dir='ltr'><strong>Plerosque</strong></span> 
     </span>
     <span class='ocr_line' id='line_1_19' title="bbox 273 2816 1509 2907; baseline -0.001 -24"><span class='ocrx_word' id='word_1_151' title='bbox 273 2817 490 2907; x_wconf 86' lang='lat' dir='ltr'><strong>(Germanos)</strong></span> <span class='ocrx_word' id='word_1_152' title='bbox 518 2825 652 2884; x_wconf 90' lang='lat' dir='ltr'><strong>tranare</strong></span> <span class='ocrx_word' id='word_1_153' title='bbox 684 2816 855 2904; x_wconf 80' lang='lat' dir='ltr'><strong>Visurgim</strong></span> <span class='ocrx_word' id='word_1_154' title='bbox 890 2826 1053 2884; x_wconf 90' lang='lat' dir='ltr'><strong>conantes</strong></span> <span class='ocrx_word' id='word_1_155' title='bbox 1100 2818 1222 2884; x_wconf 90' lang='lat' dir='ltr'><strong>iniecta</strong></span> <span class='ocrx_word' id='word_1_156' title='bbox 1259 2817 1323 2883; x_wconf 91' lang='lat' dir='ltr'><strong>tela</strong></span> <span class='ocrx_word' id='word_1_157' title='bbox 1362 2826 1420 2882; x_wconf 90' lang='lat' dir='ltr'><strong>aut</strong></span> <span class='ocrx_word' id='word_1_158' title='bbox 1456 2818 1509 2882; x_wconf 75' lang='lat' dir='ltr'><strong>ris</strong></span> 
     </span>
     <span class='ocr_line' id='line_1_20' title="bbox 271 2926 653 3014; baseline 0.003 -24"><span class='ocrx_word' id='word_1_159' title='bbox 271 2926 463 2993; x_wconf 88' lang='lat' dir='ltr'><strong>lluminis...</strong></span> <span class='ocrx_word' id='word_1_160' title='bbox 481 2948 653 3014; x_wconf 92' lang='lat' dir='ltr'><strong>operuere.</strong></span> 
     </span>
    </p>

    <p class='ocr_par' dir='ltr' id='par_1_5' title="bbox 227 3029 1507 3420">
     <span class='ocr_line' id='line_1_21' title="bbox 227 3029 1507 3123; baseline 0.001 -27"><span class='ocrx_word' id='word_1_161' title='bbox 227 3031 451 3100; x_wconf 80' lang='lat' dir='ltr'><strong>VITELLIA.</strong></span> <span class='ocrx_word' id='word_1_162' title='bbox 473 3071 517 3082; x_wconf 93' lang='lat'>—</span> <span class='ocrx_word' id='word_1_163' title='bbox 536 3034 568 3108; x_wconf 81' lang='lat'><strong>3,</strong></span> <span class='ocrx_word' id='word_1_164' title='bbox 586 3035 642 3123; x_wconf 72' lang='lat' dir='ltr'><strong>dp.</strong></span> <span class='ocrx_word' id='word_1_165' title='bbox 662 3029 701 3097; x_wconf 92' lang='lat' dir='ltr'><strong>ld</strong></span> <span class='ocrx_word' id='word_1_166' title='bbox 720 3032 886 3119; x_wconf 82' lang='lat' dir='ltr'><strong>(carmen)</strong></span> <span class='ocrx_word' id='word_1_167' title='bbox 905 3031 1078 3098; x_wconf 90' lang='lat' dir='ltr'><strong>Clutorius</strong></span> <span class='ocrx_word' id='word_1_168' title='bbox 1103 3032 1137 3097; x_wconf 95' lang='lat' dir='ltr'><strong>in</strong></span> <span class='ocrx_word' id='word_1_169' title='bbox 1157 3031 1258 3097; x_wconf 92' lang='lat' dir='ltr'><strong>domo</strong></span> <span class='ocrx_word' id='word_1_170' title='bbox 1289 3033 1326 3097; x_wconf 84' lang='lat' dir='ltr'><strong>P.</strong></span> <span class='ocrx_word' id='word_1_171' title='bbox 1358 3033 1507 3099; x_wconf 88' lang='lat' dir='ltr'><strong>Petronii</strong></span> 
     </span>
     <span class='ocr_line' id='line_1_22' title="bbox 270 3139 1507 3216; baseline 0.001 -12"><span class='ocrx_word' id='word_1_172' title='bbox 270 3163 367 3205; x_wconf 91' lang='lat' dir='ltr'><strong>socru</strong></span> <span class='ocrx_word' id='word_1_173' title='bbox 382 3141 455 3206; x_wconf 91' lang='lat' dir='ltr'><strong>eius</strong></span> <span class='ocrx_word' id='word_1_174' title='bbox 470 3139 607 3207; x_wconf 86' lang='lat' dir='ltr'><strong>Vitellia</strong></span> <span class='ocrx_word' id='word_1_175' title='bbox 623 3163 778 3207; x_wconf 90' lang='lat' dir='ltr'><strong>eoram...</strong></span> <span class='ocrx_word' id='word_1_176' title='bbox 794 3140 930 3205; x_wconf 88' lang='lat' dir='ltr'><strong>iecerat.</strong></span> <span class='ocrx_word' id='word_1_177' title='bbox 954 3139 999 3205; x_wconf 91' lang='lat' dir='ltr'><strong>Vt</strong></span> <span class='ocrx_word' id='word_1_178' title='bbox 1013 3139 1144 3205; x_wconf 90' lang='lat' dir='ltr'><strong>delator</strong></span> <span class='ocrx_word' id='word_1_179' title='bbox 1159 3140 1303 3216; x_wconf 86' lang='lat' dir='ltr'><strong>exstitit,</strong></span> <span class='ocrx_word' id='word_1_180' title='bbox 1319 3140 1441 3206; x_wconf 86' lang='lat' dir='ltr'><strong>ceteris</strong></span> <span class='ocrx_word' id='word_1_181' title='bbox 1464 3140 1507 3205; x_wconf 90' lang='lat' dir='ltr'><strong>ad</strong></span> 
     </span>
     <span class='ocr_line' id='line_1_23' title="bbox 270 3245 1507 3327; baseline 0.002 -16"><span class='ocrx_word' id='word_1_182' title='bbox 270 3246 451 3314; x_wconf 89' lang='lat' dir='ltr'><strong>dicendum</strong></span> <span class='ocrx_word' id='word_1_183' title='bbox 473 3247 705 3313; x_wconf 86' lang='lat' dir='ltr'><strong>testimonium</strong></span> <span class='ocrx_word' id='word_1_184' title='bbox 721 3247 903 3327; x_wconf 84' lang='lat' dir='ltr'><strong>exterritis,</strong></span> <span class='ocrx_word' id='word_1_185' title='bbox 925 3245 997 3311; x_wconf 91' lang='lat' dir='ltr'><strong>sola</strong></span> <span class='ocrx_word' id='word_1_186' title='bbox 1017 3246 1154 3312; x_wconf 90' lang='lat' dir='ltr'><strong>Vitellia</strong></span> <span class='ocrx_word' id='word_1_187' title='bbox 1175 3246 1259 3312; x_wconf 91' lang='lat' dir='ltr'><strong>nihil</strong></span> <span class='ocrx_word' id='word_1_188' title='bbox 1281 3271 1316 3313; x_wconf 90' lang='lat' dir='ltr'><strong>se</strong></span> <span class='ocrx_word' id='word_1_189' title='bbox 1336 3247 1507 3313; x_wconf 88' lang='lat' dir='ltr'><strong>audivisse</strong></span> 
     </span>
     <span class='ocr_line' id='line_1_24' title="bbox 271 3354 496 3420; baseline 0.004 -2"><span class='ocrx_word' id='word_1_190' title='bbox 271 3354 496 3420; x_wconf 83' lang='lat' dir='ltr'><strong>adseveravit.</strong></span> 
     </span>
    </p>

    <p class='ocr_par' dir='ltr' id='par_1_6' title="bbox 226 3460 1508 4516">
     <span class='ocr_line' id='line_1_25' title="bbox 226 3460 1507 3549; baseline 0.003 -24"><span class='ocrx_word' id='word_1_191' title='bbox 226 3460 499 3528; x_wconf 73' lang='lat' dir='ltr'><strong>VITELLIANI.</strong></span> <span class='ocrx_word' id='word_1_192' title='bbox 524 3499 569 3511; x_wconf 91' lang='lat'>—</span> <span class='ocrx_word' id='word_1_193' title='bbox 596 3462 620 3541; x_wconf 91' lang='lat' dir='ltr'><strong>l,</strong></span> <span class='ocrx_word' id='word_1_194' title='bbox 644 3460 698 3549; x_wconf 85' lang='lat'><strong>75.</strong></span> <span class='ocrx_word' id='word_1_195' title='bbox 726 3460 944 3526; x_wconf 85' lang='lat' dir='ltr'><strong>Insidiatores</strong></span> <span class='ocrx_word' id='word_1_196' title='bbox 968 3460 1010 3525; x_wconf 89' lang='lat' dir='ltr'><strong>ab</strong></span> <span class='ocrx_word' id='word_1_197' title='bbox 1031 3460 1164 3526; x_wconf 80' lang='lat' dir='ltr'><strong>Othone</strong></span> <span class='ocrx_word' id='word_1_198' title='bbox 1185 3461 1219 3525; x_wconf 94' lang='lat' dir='ltr'><strong>in</strong></span> <span class='ocrx_word' id='word_1_199' title='bbox 1241 3462 1469 3543; x_wconf 87' lang='lat' dir='ltr'><strong>Germaniam,</strong></span> <span class='ocrx_word' id='word_1_200' title='bbox 1489 3487 1507 3529; x_wconf 90' lang='lat' dir='ltr'><strong>u</strong></span> 
     </span>
     <span class='ocr_line' id='line_1_26' title="bbox 269 3566 1505 3657; baseline 0.003 -26"><span class='ocrx_word' id='word_1_201' title='bbox 269 3566 406 3634; x_wconf 86' lang='lat' dir='ltr'><strong>Vitellio</strong></span> <span class='ocrx_word' id='word_1_202' title='bbox 421 3570 455 3633; x_wconf 93' lang='lat' dir='ltr'><strong>in</strong></span> <span class='ocrx_word' id='word_1_203' title='bbox 468 3567 586 3634; x_wconf 91' lang='lat' dir='ltr'><strong>urbem</strong></span> <span class='ocrx_word' id='word_1_204' title='bbox 601 3568 707 3635; x_wconf 90' lang='lat' dir='ltr'><strong>missi.</strong></span> <span class='ocrx_word' id='word_1_205' title='bbox 726 3567 886 3655; x_wconf 90' lang='lat' dir='ltr'><strong>Vtrisque</strong></span> <span class='ocrx_word' id='word_1_206' title='bbox 908 3567 1031 3633; x_wconf 88' lang='lat' dir='ltr'><strong>lrustra</strong></span> <span class='ocrx_word' id='word_1_207' title='bbox 1047 3567 1122 3646; x_wconf 86' lang='lat' dir='ltr'><strong>luit,</strong></span> <span class='ocrx_word' id='word_1_208' title='bbox 1146 3567 1337 3633; x_wconf 88' lang='lat' dir='ltr'><strong>Vitellianis</strong></span> <span class='ocrx_word' id='word_1_209' title='bbox 1356 3570 1505 3657; x_wconf 84' lang='lat' dir='ltr'><strong>impune,</strong></span> 
     </span>
     <span class='ocr_line' id='line_1_27' title="bbox 270 3673 1503 3765; baseline 0 -23"><span class='ocrx_word' id='word_1_210' title='bbox 270 3700 328 3765; x_wconf 95' lang='lat' dir='ltr'><strong>per</strong></span> <span class='ocrx_word' id='word_1_211' title='bbox 344 3683 474 3742; x_wconf 88' lang='lat' dir='ltr'><strong>tantam</strong></span> <span class='ocrx_word' id='word_1_212' title='bbox 490 3675 663 3740; x_wconf 92' lang='lat' dir='ltr'><strong>hominum</strong></span> <span class='ocrx_word' id='word_1_213' title='bbox 680 3674 934 3740; x_wconf 88' lang='lat' dir='ltr'><strong>multitudinem</strong></span> <span class='ocrx_word' id='word_1_214' title='bbox 954 3682 1072 3741; x_wconf 89' lang='lat' dir='ltr'><strong>mutua</strong></span> <span class='ocrx_word' id='word_1_215' title='bbox 1084 3676 1275 3761; x_wconf 79' lang='lat' dir='ltr'><strong>ignorantia</strong></span> <span class='ocrx_word' id='word_1_216' title='bbox 1293 3673 1503 3742; x_wconf 85' lang='lat' dir='ltr'><strong>fallentibus.</strong></span> 
     </span>
     <span class='ocr_line' id='line_1_28' title="bbox 268 3780 1504 3872; baseline 0.001 -25"><span class='ocrx_word' id='word_1_217' title='bbox 268 3823 311 3833; x_wconf 96' lang='lat'><strong>—</strong></span> <span class='ocrx_word' id='word_1_218' title='bbox 332 3782 375 3865; x_wconf 89' lang='lat' dir='ltr'><strong>ll,</strong></span> <span class='ocrx_word' id='word_1_219' title='bbox 398 3786 447 3861; x_wconf 67' lang='lat' dir='ltr'><strong>rt.</strong></span> <span class='ocrx_word' id='word_1_220' title='bbox 466 3783 652 3866; x_wconf 79' lang='lat' dir='ltr'><strong>Vitelliani,</strong></span> <span class='ocrx_word' id='word_1_221' title='bbox 674 3782 798 3872; x_wconf 91' lang='lat' dir='ltr'><strong>quibus</strong></span> <span class='ocrx_word' id='word_1_222' title='bbox 815 3781 924 3847; x_wconf 94' lang='lat' dir='ltr'><strong>minor</strong></span> <span class='ocrx_word' id='word_1_223' title='bbox 944 3780 1095 3871; x_wconf 82' lang='lat' dir='ltr'><strong>peditum</strong></span> <span class='ocrx_word' id='word_1_224' title='bbox 1111 3782 1174 3856; x_wconf 75' lang='lat' dir='ltr'><strong>vis,</strong></span> <span class='ocrx_word' id='word_1_225' title='bbox 1192 3782 1226 3848; x_wconf 89' lang='lat' dir='ltr'><strong>in</strong></span> <span class='ocrx_word' id='word_1_226' title='bbox 1251 3783 1364 3872; x_wconf 89' lang='lat' dir='ltr'><strong>equite</strong></span> <span class='ocrx_word' id='word_1_227' title='bbox 1390 3782 1504 3862; x_wconf 84' lang='lat' dir='ltr'><strong>robur,</strong></span> 
     </span>
     <span class='ocr_line' id='line_1_29' title="bbox 269 3888 1506 3979; baseline 0.001 -24"><span class='ocrx_word' id='word_1_228' title='bbox 269 3890 413 3979; x_wconf 73' lang='lat' dir='ltr'><strong>Alpinos</strong></span> <span class='ocrx_word' id='word_1_229' title='bbox 427 3890 590 3979; x_wconf 89' lang='lat' dir='ltr'><strong>proximis</strong></span> <span class='ocrx_word' id='word_1_230' title='bbox 612 3890 714 3976; x_wconf 83' lang='lat' dir='ltr'><strong>iugis,</strong></span> <span class='ocrx_word' id='word_1_231' title='bbox 736 3890 892 3955; x_wconf 90' lang='lat' dir='ltr'><strong>cohortes</strong></span> <span class='ocrx_word' id='word_1_232' title='bbox 914 3888 1029 3955; x_wconf 88' lang='lat' dir='ltr'><strong>densis</strong></span> <span class='ocrx_word' id='word_1_233' title='bbox 1052 3889 1228 3955; x_wconf 87' lang='lat' dir='ltr'><strong>ordinibus</strong></span> <span class='ocrx_word' id='word_1_234' title='bbox 1255 3896 1332 3979; x_wconf 92' lang='lat' dir='ltr'><strong>post</strong></span> <span class='ocrx_word' id='word_1_235' title='bbox 1357 3890 1506 3979; x_wconf 89' lang='lat' dir='ltr'><strong>equitem</strong></span> 
     </span>
     <span class='ocr_line' id='line_1_30' title="bbox 268 3996 1506 4087; baseline 0.002 -27"><span class='ocrx_word' id='word_1_236' title='bbox 268 3996 394 4063; x_wconf 86' lang='lat' dir='ltr'><strong>locant.</strong></span> <span class='ocrx_word' id='word_1_237' title='bbox 409 4038 452 4050; x_wconf 89' lang='lat'><em>-</em></span> <span class='ocrx_word' id='word_1_238' title='bbox 474 3996 517 4079; x_wconf 79' lang='lat' dir='ltr'><strong>ll,</strong></span> <span class='ocrx_word' id='word_1_239' title='bbox 540 3999 589 4062; x_wconf 71' lang='lat'><strong>15.</strong></span> <span class='ocrx_word' id='word_1_240' title='bbox 615 3996 685 4062; x_wconf 92' lang='lat' dir='ltr'><strong>Nec</strong></span> <span class='ocrx_word' id='word_1_241' title='bbox 702 3996 874 4062; x_wconf 86' lang='lat' dir='ltr'><strong>Vitelliani</strong></span> <span class='ocrx_word' id='word_1_242' title='bbox 895 4020 1103 4087; x_wconf 91' lang='lat' dir='ltr'><strong>quamquam</strong></span> <span class='ocrx_word' id='word_1_243' title='bbox 1119 3996 1200 4062; x_wconf 78' lang='lat' dir='ltr'><strong>victi</strong></span> <span class='ocrx_word' id='word_1_244' title='bbox 1228 3997 1400 4085; x_wconf 87' lang='lat' dir='ltr'><strong>quievere,</strong></span> <span class='ocrx_word' id='word_1_245' title='bbox 1418 3999 1506 4065; x_wconf 91' lang='lat' dir='ltr'><strong>acci-</strong></span> 
     </span>
     <span class='ocr_line' id='line_1_31' title="bbox 267 4103 1502 4192; baseline 0.002 -22"><span class='ocrx_word' id='word_1_246' title='bbox 267 4104 311 4170; x_wconf 91' lang='lat' dir='ltr'><strong>tis</strong></span> <span class='ocrx_word' id='word_1_247' title='bbox 335 4104 512 4170; x_wconf 83' lang='lat' dir='ltr'><strong>auxiliis...</strong></span> <span class='ocrx_word' id='word_1_248' title='bbox 541 4103 713 4169; x_wconf 89' lang='lat' dir='ltr'><strong>Vitelliani</strong></span> <span class='ocrx_word' id='word_1_249' title='bbox 735 4112 824 4169; x_wconf 88' lang='lat' dir='ltr'><strong>retro</strong></span> <span class='ocrx_word' id='word_1_250' title='bbox 849 4103 1082 4192; x_wconf 84' lang='lat' dir='ltr'><strong>Antipolim...</strong></span> <span class='ocrx_word' id='word_1_251' title='bbox 1112 4111 1292 4170; x_wconf 86' lang='lat' dir='ltr'><strong>revertere.</strong></span> <span class='ocrx_word' id='word_1_252' title='bbox 1317 4106 1425 4184; x_wconf 87' lang='grc' dir='ltr'>-ΙΙ,</span> <span class='ocrx_word' id='word_1_253' title='bbox 1449 4130 1502 4175; x_wconf 81' lang='lat' dir='ltr'><strong>ur.</strong></span> 
     </span>
     <span class='ocr_line' id='line_1_32' title="bbox 268 4210 1508 4301; baseline 0.004 -27"><span class='ocrx_word' id='word_1_254' title='bbox 268 4211 441 4277; x_wconf 90' lang='lat' dir='ltr'><strong>Vitelliani</strong></span> <span class='ocrx_word' id='word_1_255' title='bbox 457 4212 590 4300; x_wconf 89' lang='lat' dir='ltr'><strong>pluteos</strong></span> <span class='ocrx_word' id='word_1_256' title='bbox 602 4219 778 4299; x_wconf 89' lang='lat' dir='ltr'><strong>cratesque</strong></span> <span class='ocrx_word' id='word_1_257' title='bbox 798 4218 832 4277; x_wconf 90' lang='lat' dir='ltr'><strong>et</strong></span> <span class='ocrx_word' id='word_1_258' title='bbox 845 4211 962 4276; x_wconf 85' lang='lat' dir='ltr'><strong>vincas</strong></span> <span class='ocrx_word' id='word_1_259' title='bbox 973 4210 1195 4278; x_wconf 88' lang='lat' dir='ltr'><strong>sullodicndis</strong></span> <span class='ocrx_word' id='word_1_260' title='bbox 1205 4213 1310 4276; x_wconf 92' lang='lat' dir='ltr'><strong>muris</strong></span> <span class='ocrx_word' id='word_1_261' title='bbox 1325 4221 1508 4301; x_wconf 78' lang='lat' dir='ltr'><strong>protegen-⁹</strong></span> 
     </span>
     <span class='ocr_line' id='line_1_33' title="bbox 266 4318 1504 4408; baseline 0.003 -24"><span class='ocrx_word' id='word_1_262' title='bbox 266 4318 385 4408; x_wconf 90' lang='lat' dir='ltr'><strong>disque</strong></span> <span class='ocrx_word' id='word_1_263' title='bbox 409 4318 742 4407; x_wconf 84' lang='lat' dir='ltr'><strong>oppugnatoribus...</strong></span> <span class='ocrx_word' id='word_1_264' title='bbox 773 4318 971 4407; x_wconf 85' lang='lat' dir='ltr'><strong>expediunt.</strong></span> <span class='ocrx_word' id='word_1_265' title='bbox 998 4358 1042 4369; x_wconf 92' lang='lat'>-</span> <span class='ocrx_word' id='word_1_266' title='bbox 1069 4319 1112 4400; x_wconf 94' lang='grc' dir='ltr'><strong>ΙΙ,</strong></span> <span class='ocrx_word' id='word_1_267' title='bbox 1140 4319 1193 4387; x_wconf 83' lang='lat'><strong>23.</strong></span> <span class='ocrx_word' id='word_1_268' title='bbox 1220 4319 1368 4387; x_wconf 88' lang='lat' dir='ltr'><strong>Turbata</strong></span> <span class='ocrx_word' id='word_1_269' title='bbox 1399 4321 1504 4407; x_wconf 87' lang='lat' dir='ltr'><strong>(haud</strong></span> 
     </span>
     <span class='ocr_line' id='line_1_34' title="bbox 267 4425 1503 4516; baseline 0.002 -24"><span class='ocrx_word' id='word_1_270' title='bbox 267 4426 383 4515; x_wconf 91' lang='lat' dir='ltr'><strong>procul</strong></span> <span class='ocrx_word' id='word_1_271' title='bbox 417 4426 583 4493; x_wconf 90' lang='lat' dir='ltr'><strong>Cremona</strong></span> <span class='ocrx_word' id='word_1_272' title='bbox 611 4427 645 4491; x_wconf 92' lang='lat' dir='ltr'><strong>in</strong></span> <span class='ocrx_word' id='word_1_273' title='bbox 678 4426 762 4491; x_wconf 91' lang='lat' dir='ltr'><strong>Padi</strong></span> <span class='ocrx_word' id='word_1_274' title='bbox 792 4426 864 4514; x_wconf 93' lang='lat' dir='ltr'><strong>ripa</strong></span> <span class='ocrx_word' id='word_1_275' title='bbox 901 4452 919 4491; x_wconf 91' lang='lat' dir='ltr'><strong>a</strong></span> <span class='ocrx_word' id='word_1_276' title='bbox 948 4425 1194 4513; x_wconf 75' lang='lat' dir='ltr'><strong>gladiatoribus</strong></span> <span class='ocrx_word' id='word_1_277' title='bbox 1234 4427 1352 4494; x_wconf 89' lang='lat' dir='ltr'><strong>Marcii</strong></span> <span class='ocrx_word' id='word_1_278' title='bbox 1383 4429 1503 4516; x_wconf 76' lang='lat' dir='ltr'><strong>Macri)</strong></span> 
     </span>
    </p>
   </div>
   <div class='ocr_carea' id='block_1_3' title="bbox 221 4663 1504 5039">
    <p class='ocr_par' dir='ltr' id='par_1_7' title="bbox 255 4663 472 4728">
     <span class='ocr_line' id='line_1_35' title="bbox 255 4663 472 4728; baseline -0.005 -15"><span class='ocrx_word' id='word_1_279' title='bbox 255 4664 262 4699; x_wconf 73' lang='grc' dir='ltr'>Ι</span> <span class='ocrx_word' id='word_1_280' title='bbox 281 4663 403 4726; x_wconf 68' lang='lat' dir='ltr'><strong>Pnosor„</strong></span> <span class='ocrx_word' id='word_1_281' title='bbox 419 4664 472 4728; x_wconf 69' lang='lat'><strong>⁴⁸9·</strong></span> 
     </span>
    </p>

    <p class='ocr_par' dir='ltr' id='par_1_8' title="bbox 221 4740 1504 4887">
     <span class='ocr_line' id='line_1_36' title="bbox 251 4740 1504 4806; baseline -0.002 -11"><span class='ocrx_word' id='word_1_282' title='bbox 251 4744 323 4796; x_wconf 72' lang='lat' dir='ltr'><strong>¹M:</strong></span> <span class='ocrx_word' id='word_1_283' title='bbox 353 4744 502 4793; x_wconf 72' lang='lat' dir='ltr'><strong>coctilium.</strong></span> <span class='ocrx_word' id='word_1_284' title='bbox 531 4745 608 4792; x_wconf 86' lang='lat' dir='ltr'><strong>Corr.</strong></span> <span class='ocrx_word' id='word_1_285' title='bbox 635 4740 801 4806; x_wconf 71' lang='lat' dir='ltr'><strong>Nipperdey.</strong></span> <span class='ocrx_word' id='word_1_286' title='bbox 827 4769 858 4781; x_wconf 91' lang='lat'>-</span> <span class='ocrx_word' id='word_1_287' title='bbox 883 4763 894 4785; x_wconf 74' lang='grc' dir='ltr'>ι</span> <span class='ocrx_word' id='word_1_288' title='bbox 911 4742 1148 4793; x_wconf 84' lang='lat' dir='ltr'><strong>Wahrscheinlich</strong></span> <span class='ocrx_word' id='word_1_289' title='bbox 1177 4744 1226 4792; x_wconf 91' lang='lat' dir='ltr'><strong>der</strong></span> <span class='ocrx_word' id='word_1_290' title='bbox 1252 4740 1335 4793; x_wconf 76' lang='lat' dir='ltr'><strong>Vater</strong></span> <span class='ocrx_word' id='word_1_291' title='bbox 1365 4744 1414 4794; x_wconf 83' lang='lat' dir='ltr'><strong>der</strong></span> <span class='ocrx_word' id='word_1_292' title='bbox 1448 4745 1504 4798; x_wconf 64' lang='lat'><strong>235</strong></span> 
     </span>
     <span class='ocr_line' id='line_1_37' title="bbox 221 4821 910 4887; baseline -0.009 -11"><span class='ocrx_word' id='word_1_293' title='bbox 221 4826 381 4876; x_wconf 81' lang='lat' dir='ltr'><strong>erwtthnten</strong></span> <span class='ocrx_word' id='word_1_294' title='bbox 405 4824 523 4875; x_wconf 77' lang='lat' dir='ltr'><strong>Vistilia.</strong></span> <span class='ocrx_word' id='word_1_295' title='bbox 539 4846 550 4867; x_wconf 72' lang='grc' dir='ltr'>υ</span> <span class='ocrx_word' id='word_1_296' title='bbox 565 4821 910 4887; x_wconf 63' lang='lat' dir='ltr'><strong>(raanan-naman.)</strong></span> 
     </span>
    </p>

    <p class='ocr_par' dir='ltr' id='par_1_9' title="bbox 221 4904 1502 5039">
     <span class='ocr_line' id='line_1_38' title="bbox 250 4904 1502 4969; baseline 0.002 -14"><span class='ocrx_word' id='word_1_297' title='bbox 250 4906 385 4956; x_wconf 75' lang='lat' dir='ltr'><strong>³Nomen</strong></span> <span class='ocrx_word' id='word_1_298' title='bbox 409 4907 528 4954; x_wconf 86' lang='lat' dir='ltr'><strong>lluminis</strong></span> <span class='ocrx_word' id='word_1_299' title='bbox 556 4906 677 4969; x_wconf 86' lang='lat' dir='ltr'><strong>plerique</strong></span> <span class='ocrx_word' id='word_1_300' title='bbox 702 4908 749 4953; x_wconf 86' lang='lat' dir='ltr'><strong>aut</strong></span> <span class='ocrx_word' id='word_1_301' title='bbox 773 4905 964 4967; x_wconf 77' lang='lat' dir='ltr'><strong>corrigendum</strong></span> <span class='ocrx_word' id='word_1_302' title='bbox 994 4907 1041 4953; x_wconf 85' lang='lat' dir='ltr'><strong>aut</strong></span> <span class='ocrx_word' id='word_1_303' title='bbox 1071 4904 1267 4953; x_wconf 85' lang='lat' dir='ltr'><strong>secludendum</strong></span> <span class='ocrx_word' id='word_1_304' title='bbox 1303 4905 1502 4957; x_wconf 78' lang='lat' dir='ltr'><strong>iudicaverunt.</strong></span> 
     </span>
     <span class='ocr_line' id='line_1_39' title="bbox 221 4985 914 5039; baseline -0.007 -1"><span class='ocrx_word' id='word_1_305' title='bbox 221 4987 261 5039; x_wconf 82' lang='lat' dir='ltr'><strong>Gi.</strong></span> <span class='ocrx_word' id='word_1_306' title='bbox 278 4989 385 5038; x_wconf 74' lang='lat' dir='ltr'><strong>Ossam.</strong></span> <span class='ocrx_word' id='word_1_307' title='bbox 398 4988 467 5037; x_wconf 86' lang='lat' dir='ltr'><strong>Vide</strong></span> <span class='ocrx_word' id='word_1_308' title='bbox 483 4992 574 5037; x_wconf 81' lang='lat' dir='ltr'><strong>tamen</strong></span> <span class='ocrx_word' id='word_1_309' title='bbox 590 4985 914 5035; x_wconf 64' lang='lat' dir='ltr'><strong>Numanum-Asnaum.</strong></span> 
     </span>
    </p>
   </div>
   <div class='ocr_carea' id='block_1_4' title="bbox 0 0 1860 6232">
    <p class='ocr_par' dir='ltr' id='par_1_10' title="bbox 0 0 1860 6232">
     <span class='ocr_line' id='line_1_40' title="bbox 0 0 1860 6232; baseline 0 0"><span class='ocrx_word' id='word_1_310' title='bbox 0 0 1860 6232; x_wconf 95' lang='lat' dir='ltr'><strong> </strong></span> 
     </span>
    </p>
   </div>
  </div>
 </body>
</html>
