3709 6234
805 884 925 936 Ttneuts
1454 884 1504 939 out

264 1023 443 1091 Messallae
477 1023 563 1089 liber
591 1031 661 1090 tam
696 1023 839 1089 illustris
859 1032 911 1091 est
941 1049 1041 1114 quam
1071 1026 1190 1091 Medea
1211 1026 1323 1094 Ovidii
1339 1034 1397 1092 aut
1411 1026 1503 1093 Varii

265 1132 442 1219 Thyestes,
464 1160 479 1191 »

221 1239 411 1316 *THYLn
435 1262 467 1303 v.
486 1238 649 1306 TllVLF..

221 1346 474 1411 TIBElllANA
497 1345 666 1412 DOMVS.
689 1386 731 1396 —
756 1348 786 1428 1,
814 1371 867 1436 27.
891 1347 1022 1414 tltlro...
1045 1371 1104 1436 prr
1128 1347 1339 1413 Tiberianam
1364 1346 1503 1411 demum

265 1456 299 1519 in
316 1454 541 1520 Velabrum...
560 1455 683 1542 pergit.

222 1561 438 1626 TlllElllNA
461 1561 607 1642 ΙΙΞΤΙΑ,
634 1562 874 1627 TlBERINVS
899 1563 1056 1628 Annis.
1078 1601 1121 1611 -
1146 1562 1195 1643 15,
1214 1565 1268 1640 Aa.
1286 1564 1446 1650 (Severus
1471 1571 1503 1628 et

265 1669 377 1750 Celer)
401 1669 442 1734 ab
465 1669 539 1734 lacu
568 1669 705 1734 Averno
728 1669 955 1757 navigabilem
983 1671 1107 1735 [ossam
1121 1693 1228 1757 usque
1243 1669 1285 1734 ad
1305 1671 1389 1735 ostia
1406 1671 1503 1736 Tibe-

265 1778 337 1841 rina
352 1777 572 1864 depressuros
592 1777 827 1864 promiserant.
851 1816 895 1826 -
930 1778 955 1857 Ι,
988 1778 1041 1842 86.
1071 1776 1270 1864 Prodigia...
1293 1777 1465 1843 terrebant
1494 1800 1500 1844 :

267 1892 455 1953 ...statuam
478 1884 556 1949 Divi
571 1884 647 1948 lulii
662 1885 695 1948 in
710 1883 820 1949 insula
835 1883 984 1950 Tiberini
1000 1884 1151 1951 amnis...
1170 1908 1410 1951 conversam...

221 1992 411 2058 TlBEllIS.
429 2030 473 2043 -
494 2016 520 2072 ι,
544 1992 597 2081 76.
621 1991 748 2057 Eodem
768 2015 857 2057 anno
876 1993 1047 2058 continuis
1067 1991 1232 2057 imbribus
1255 2001 1374 2058 auctus
1404 1993 1503 2058 Tibe-

264 2100 310 2164 ris
338 2098 439 2188 plana
456 2099 549 2165 urbis
568 2106 796 2186 stagnaverat.
824 2138 865 2147 —
888 2125 914 2177 1,
935 2125 989 2188 79.
1007 2102 1134 2165 Actum
1149 2099 1271 2165 deinde
1287 2102 1320 2166 in
1337 2109 1500 2166 senatu...

264 2231 307 2271 an
321 2206 364 2271 ob
382 2206 607 2272 moderandas
629 2207 759 2272 Tiberis
781 2206 1028 2272 exundationes
1056 2214 1271 2272 verterentur
1298 2209 1438 2273 flumina
1469 2217 1503 2274 et

265 2315 371 2389 lacus,
391 2339 449 2402 per
464 2337 549 2403 quos
577 2315 768 2400 augescit...
807 2315 940 2379 lleatini
965 2303 1192 2400 (dicebant)...
1222 2315 1334 2403 ipsum
1356 2315 1501 2380 Tiberim

265 2422 354 2488 nolle
376 2445 514 2510 prorsus
529 2420 652 2485 accolis
667 2422 779 2486 tluviis
794 2421 948 2487 orbatum
978 2422 1107 2486 minore
1133 2421 1239 2508 gloria
1265 2423 1377 2487 [luere.
1402 2458 1445 2470 -
1469 2450 1499 2500 a,

264 2534 320 2607 4¹·
339 2530 451 2594 ,ledes
476 2529 502 2592 ΙΙ
504 2529 587 2593 ortis
608 2529 776 2594 Fortunae
796 2528 944 2594 Tiberim
965 2530 1071 2608 iuxta,
1094 2529 1127 2593 in
1142 2530 1260 2600 hortis,
1276 2552 1361 2617 quos
1378 2530 1503 2594 Caesar

269 2637 417 2702 dictator
435 2636 560 2725 popule
587 2637 739 2701 llomano
761 2636 946 2724 legaverat,
972 2636 1178 2702 ...dicantur
1208 2673 1249 2686 —
1273 2636 1304 2716 3,
1322 2662 1354 2725 9.
1381 2637 1501 2702 l'ise...

266 2744 308 2808 ab
344 2744 510 2810 Narnia...
547 2744 633 2808 Nare
664 2767 701 2808 ae
730 2767 808 2808 mox
838 2743 949 2808 Tiberi
974 2743 1177 2812 devectus...
1210 2767 1331 2809 navem
1372 2743 1502 2809 tumulo

265 2852 446 2916 Caesarum
462 2850 681 2940 adpulerat...
704 2890 742 2900 —
767 2851 800 2931 6,
826 2876 854 2917 r.
885 2850 1080 2940 (Tiberius),
1110 2851 1211 2915 aditis
1238 2852 1331 2916 iuxta
1355 2850 1501 2916 Tiberim

264 2960 382 3037 hortis,
417 2982 499 3024 saxa
530 2981 663 3023 rursum
695 2968 728 3023 et
757 2957 973 3024 solitudinem
999 2957 1101 3022 maris
1124 2959 1270 3046 repetiit.
1295 2995 1338 3007 -
1372 2958 1404 3029 6.
1450 2983 1498 3046 ¹9·

262 3065 457 3132 Tiberius...
480 3074 632 3141 coaetos,
658 3067 715 3153 qui
742 3088 873 3131 carcere
899 3065 1130 3131 attinebantur
1155 3068 1304 3131 accusati
1331 3066 1501 3130 societatis

264 3196 339 3237 cum
370 3174 504 3245 Seiano,
539 3174 649 3238 necari
678 3172 811 3240 iubet...
843 3171 1059 3238 Circumiecti
1087 3172 1288 3240 custodes...
1318 3196 1498 3261 corpora...

263 3279 536 3361 adsectabantur‚
562 3280 643 3345 dum
660 3281 693 3343 in
710 3279 856 3344 Tiberim
873 3279 1096 3345 traherentur.
1116 3319 1154 3328 -
1173 3303 1224 3360 ra,
1248 3279 1300 3344 56.
1323 3283 1501 3364 Augustus

263 3395 391 3453 structo
417 3396 510 3452 trans
533 3387 679 3451 Tiberim
702 3395 822 3473 stagno
857 3387 992 3474 (navale
1018 3386 1198 3474 proelium)
1224 3387 1426 3453 ...ediderat
1458 3426 1501 3438 -

266 3498 315 3572 1:⁹1,
347 3499 397 3560 18.
423 3495 512 3559 Nero
537 3495 743 3559 frumentum
766 3494 876 3584 plebis
895 3500 1064 3560 vetustate
1085 3503 1282 3581 corruptum
1299 3496 1332 3559 in
1352 3494 1498 3558 Tiberim

261 3602 378 3667 iecit...
396 3602 593 3688 (Annenae)
621 3602 728 3688 pretio
758 3601 841 3665 nihil
876 3601 1029 3666 additum
1059 3608 1122 3674 est,
1154 3602 1310 3689 quamvis
1337 3601 1500 3666 ducentas

262 3709 366 3773 terrae
381 3732 486 3773 naves
510 3717 608 3797 portu
630 3709 753 3796 inipso
778 3708 939 3774 violentia
965 3708 1178 3796 tempestatis
1193 3717 1225 3773 et
1254 3717 1391 3773 centum
1415 3708 1499 3773 alias

262 3818 372 3881 Tiberi
388 3816 568 3881 subvectas
583 3818 744 3881 l'ortuitus
760 3818 848 3902 ignis
876 3816 1135 3904 absumpsisset.
1155 3854 1195 3868 —
1230 3817 1281 3897 15,
1302 3818 1356 3894 43,
1379 3817 1500 3903 (Nero)

261 3925 373 3989 ruderi
401 3924 597 4011 accipiendo
630 3924 805 3989 t'lstienses
828 3923 971 4012 paludes
998 3922 1201 4003 destinabat,
1234 3924 1349 4012 utiquc
1380 3935 1496 3996 naves,

244 4045 346 4120 'quae
362 4031 567 4096 frumentum
584 4031 694 4096 Tiberi
711 4030 1018 4109 subvectavissent,
1044 4040 1185 4096 onustae
1201 4030 1323 4096 rudere
1344 4033 1498 4097 rlccurrc-

260 4148 345 4204 rent.
367 4176 410 4188 -
437 4138 468 4215 Ι,
491 4137 545 4202 86.
564 4138 721 4225 Prodigia
743 4140 881 4228 insuper
901 4138 1112 4204 terrebant...
1141 4137 1209 4203 Sed
1240 4140 1438 4228 praecipuus
1466 4150 1499 4205 et

260 4269 336 4310 cum
368 4246 537 4334 praesenti
566 4246 669 4310 exitio
703 4245 805 4310 etiam
840 4245 944 4311 luturi
982 4269 1087 4333 pavor
1132 4244 1244 4310 subita
1272 4246 1497 4311 inundatione

259 4352 402 4429 Tiberis,
420 4354 476 4440 qui
499 4353 664 4416 immenso
685 4360 829 4418 auctu...
848 4376 964 4418 secura
979 4353 1051 4418 cius
1067 4352 1156 4417 modi
1173 4376 1312 4418 casuum
1330 4354 1495 4441 implevit.

258 4499 301 4508 —
339 4459 383 4537 ll,
420 4461 474 4548 93.
506 4460 683 4523 Postremo
704 4512 725 4528 ..
755 4460 939 4525 infamibus
971 4460 1122 4525 Vaticani
1152 4459 1234 4525 locis
1263 4484 1385 4545 magna
1419 4485 1498 4549 pars

259 4566 420 4655 (militum
438 4566 711 4654 Vitellianorum)
729 4567 933 4639 tetendit...;
964 4575 997 4631 et
1024 4567 1198 4632 adiacente
1224 4567 1335 4631 Tiberi
1359 4571 1498 4633 Germa-

259 4696 379 4738 norum
409 4672 652 4760 Gallorumque
681 4673 829 4738 obnoxia
858 4674 985 4738 morbis
1024 4698 1163 4762 corpora
1204 4675 1353 4739 llumiuis
1390 4676 1497 4739 avidi-

259 4789 326 4846 tate
345 4789 379 4845 et
402 4787 515 4844 aestus
546 4780 755 4867 impatientia
793 4780 969 4847 labefacta.
999 4821 1042 4830 —
1068 4780 1129 4859 ΙΙΙ,
1162 4784 1216 4847 82.
1249 4782 1330 4846 l'ars
1355 4784 1480 4867 (exerci

258 4897 312 4953 tus
342 4887 509 4972 Flaviani)
535 4886 699 4951 Flaminia
727 4889 790 4965 via,
819 4912 897 4975 pars
920 4889 1012 4953 iuxta
1048 4890 1154 4977 ripam
1185 4888 1315 4953 Tiberis
1340 4890 1493 4961 incessit:

259 4995 396 5059 tertium
413 5016 533 5079 agmen
549 5016 608 5080 per
620 4993 825 5061 Salariam...
