3709 6234
282 881 336 937 466
881 886 967 940 NERO

327 1026 378 1108 13,
398 1050 450 1118 29.
478 1027 567 1092 Nero
587 1035 743 1115 praetura
766 1028 963 1115 perfunctos
988 1035 1022 1093 et
1041 1028 1246 1115 experientia
1261 1028 1423 1115 probatos
1438 1028 1564 1117 delegit

324 1135 396 1223 (qui
411 1136 538 1200 aerario
558 1135 832 1224 praeficerentur,
871 1135 967 1200 cuius
1000 1159 1079 1200 eura
1099 1144 1197 1201 antea
1213 1136 1452 1225 quaestoribus
1468 1161 1562 1203 man·

323 1242 400 1307 data
416 1245 514 1329 erat).
531 1283 572 1294 -
592 1244 640 1321 13,
664 1243 718 1308 31.
737 1242 870 1308 Nerone
886 1244 1008 1308 iterum
1027 1244 1063 1310 L.
1083 1244 1205 1309 Pisone
1237 1243 1434 1310 consulibus
1458 1269 1562 1333 pauca

325 1352 485 1416 memoria
499 1351 602 1439 digna
617 1373 770 1427 evenere,
787 1351 854 1414 nisi
880 1351 934 1414 cui
956 1349 1058 1416 libeat
1080 1350 1259 1415 laudandis
1278 1351 1510 1418 fundamentis
1529 1359 1561 1418 et

252 1497 257 1508 ·
322 1457 484 1536 trabibus,
498 1460 573 1547 quis
583 1458 705 1524 molem
716 1458 956 1546 amphitheatri
968 1459 1056 1546 apud
1072 1482 1228 1547 eampum
1239 1459 1494 1526 MartisCaesar
1505 1483 1559 1526 ex-

322 1573 503 1646 struxerat,
520 1565 693 1632 volumina
714 1565 895 1654 implere...
915 1566 1029 1630 Edixit
1041 1566 1175 1646 Caesar,
1194 1566 1326 1655 nequis
1342 1566 1560 1654 magistratus

321 1682 379 1739 aut
395 1683 592 1763 procurator
614 1675 647 1738 in
672 1673 886 1762 provincia...
913 1673 1145 1761 spectaculum
1159 1674 1387 1761 gladiatorum
1399 1682 1458 1740 aut
1479 1674 1559 1741 lera-

321 1804 394 1845 rum
413 1790 471 1846 aut
485 1781 576 1870 quod
591 1781 682 1846 aliud
698 1780 865 1845 ludicrum
882 1781 1055 1846 ederet-
1077 1780 1125 1857 13,
1138 1780 1191 1847 33.
1212 1780 1305 1847 Idem
1320 1805 1429 1847 annus
1445 1782 1558 1870 plures

323 1909 396 1953 reos
420 1889 549 1966 habuit,
573 1912 716 1977 quorum
743 1889 780 1955 P.
807 1887 960 1954 Celerem
977 1897 1156 1955 accusante
1178 1889 1274 1970 Asia,
1292 1889 1371 1977 quia
1383 1888 1558 1957 absolvere

320 1995 481 2084 nequibat
495 1995 633 2079 Caesar,
650 1997 795 2063 traxit...
810 2038 850 2048 -
873 1997 921 2076 13,
936 1995 989 2073 3).
1003 1995 1136 2061 Nerone
1151 1995 1286 2061 tertium
1303 1996 1441 2062 consule
1458 1997 1558 2063 simul

319 2105 395 2170 iniit
407 2105 621 2171 consulatum
637 2105 790 2171 Valerius
804 2104 964 2179 Messala,
982 2104 1078 2169 euius
1093 2127 1270 2193 proavum,
1292 2112 1462 2171 oratorem
1479 2107 1558 2173 Cor·

319 2212 447 2291 vinum,
467 2212 553 2277 Divo
571 2213 740 2299 Augusto,
757 2210 865 2275 abavo
889 2207 1048 2284 Neronis,
1066 2209 1232 2298 collegam
1253 2211 1287 2275 in
1304 2234 1343 2275 eo
1357 2213 1558 2299 magistratu

319 2318 422 2385 luisse
438 2321 535 2408 pauci
547 2322 612 2385 iam
634 2343 752 2384 senum
770 2318 1006 2385 meminerant.
1027 2355 1067 2366 -
1089 2318 1137 2396 13,
1155 2319 1208 2406 37.
1228 2317 1417 2386 Corbulo...
1436 2321 1556 2385 suadet

317 2427 456 2492 Tiridati
471 2428 627 2516 precibus
643 2427 821 2492 Caesarem
842 2426 1000 2513 adgredi:
1020 2447 1119 2514 posse
1129 2424 1178 2489 illi
1190 2448 1331 2512 regnum
1342 2427 1555 2514 (Armeniae)

318 2535 439 2600 stabile
451 2543 484 2599 et
498 2558 551 2600 res
561 2533 971 2621 incruentaseontingere.
982 2572 1047 2598 ..-
1070 2533 1120 2612 13,
1138 2535 1192 2609 41.
1212 2531 1264 2598 Ob
1280 2532 1362 2598 haee
1377 2533 1411 2619 (a
1426 2534 1554 2600 Corbu·

318 2641 394 2706 lone
408 2643 442 2706 in
461 2642 622 2707 Armenia
642 2641 813 2730 praeclare
828 2639 936 2728 gesta)
952 2639 1185 2705 consalutatus
1200 2641 1382 2727 imperator
1402 2641 1504 2722 Nero,
1523 2651 1555 2708 et

317 2759 455 2814 senatus
464 2752 619 2816 consulto
631 2748 894 2838 supplicationes
907 2747 1054 2828 habitae,
1063 2755 1261 2837 statuaeque
1276 2755 1310 2813 et
1320 2757 1460 2815 arouset
1475 2773 1554 2815 eon-

319 2858 403 2922 tinui
425 2857 622 2922 consulatus
640 2857 824 2944 principi„
843 2856 1080 2923 decernuntur.
1106 2895 1149 2903 —
1182 2854 1232 2936 13,
1255 2857 1309 2932 113.
1326 2857 1382 2944 (1).
1398 2855 1553 2944 Suillius)

318 2965 460 3053 principi
478 2964 647 3053 (Claudio)
664 2965 815 3052 paruisse
832 2961 1044 3044 defendebat,
1061 2963 1168 3028 donec
1183 2985 1259 3028 eam
1273 2964 1459 3029 orationem
1472 2963 1553 3030 Cae·

316 3095 370 3137 sar
386 3071 549 3152 cohibuit,
567 3081 776 3161 compertum
794 3072 858 3136 sibi
875 3071 1022 3136 reserens
1042 3094 1083 3135 ex
1104 3071 1355 3136 commentariis
1373 3072 1481 3159 patris
1502 3073 1553 3138 sui

316 3179 444 3245 nullam
463 3181 660 3269 cuiusquam
672 3180 921 3244 accusationem
933 3178 974 3244 ab
990 3202 1029 3243 eo
1044 3186 1205 3244 coactam.
1216 3216 1285 3244 ..-
1305 3178 1355 3260 13,
1369 3180 1422 3256 45.
1437 3179 1553 3268 Agen-

315 3296 383 3352 tem
401 3288 607 3376 (Poppaeam
628 3287 801 3376 Sabinam)
827 3288 860 3351 in
884 3286 1098 3351 matrimonio
1119 3286 1226 3350 llulrii
1247 3285 1435 3373 Crispini...
1459 3287 1550 3354 Otho

315 3394 454 3482 pellexit
469 3396 604 3460 iuventa
615 3419 651 3459 ac
668 3395 750 3460 luxu
765 3402 797 3460 et
808 3395 886 3484 quia
901 3394 1183 3478 flagrantissimus
1198 3394 1232 3457 in
1244 3393 1391 3458 amicitia
1406 3393 1552 3460 Neronis

314 3502 510 3570 habebatur.
531 3541 569 3551 -
597 3504 644 3583 13,
668 3502 717 3579 16.
735 3503 842 3590 Saepe
862 3501 998 3566 auditus
1014 3509 1065 3566 est
1081 3501 1200 3586 (111110)
1213 3524 1421 3587 consurgens
1436 3525 1454 3566 e
1468 3526 1549 3568 eon-

315 3612 403 3674 vivio
418 3612 584 3687 Caesaris,
603 3635 677 3675 sese
697 3612 744 3674 ire
765 3610 806 3673 ad
829 3610 921 3673 illam
940 3610 1145 3697 {Poppaeam
1163 3608 1379 3694 Sabinam)...
1399 3610 1551 3699 Accepto

314 3719 406 3784 aditu
431 3720 584 3806 Poppaea
601 3720 746 3805 primum
767 3741 825 3804 pei·
843 3716 1074 3780 blandimenta
1091 3724 1124 3780 et
1137 3725 1226 3780 artes
1243 3715 1426 3796 valescere,
1444 3717 1552 3805 impa-

315 3850 382 3892 rem
396 3827 543 3912 cupidini
558 3850 592 3890 se
608 3834 640 3889 et
657 3828 760 3889 lorrna
778 3823 920 3888 Neronis
937 3831 1071 3910 captam
1086 3821 1294 3888 simulans...
1308 3824 1356 3887 At
1366 3821 1549 3904 Neronem,

312 3933 437 4021 paelice
452 3934 574 3998 aneilla
586 3942 619 3998 et
633 3932 855 3996 adsuetudine
869 3932 973 3996 rietes
983 3931 1190 4008 devinctum,
1206 3930 1288 3994 nihil
1300 3953 1317 3994 e
1329 3930 1551 3997 contubernio

313 4041 428 4105 servili
442 4041 507 4105 nisi
519 4041 686 4105 abiectum
697 4039 911 4104 etsordidurn
930 4039 1132 4103 traxisse.—
1146 4039 1195 4110 13,
1210 4040 1260 4113 tl.
1275 4038 1449 4102 llactenus
1461 4040 1551 4105 Nero

313 4149 449 4233 llagitiis
472 4158 503 4213 et
530 4147 713 4213 sceleribus
738 4147 927 4211 velamenta
951 4145 1130 4233 quaesivit.
1160 4143 1383 4232 Suspectabat
1403 4147 1550 4212 maxime

313 4255 505 4320 Cornelium
519 4255 689 4321 Sullam...
704 4255 810 4333 Quem
828 4262 953 4317 metum
966 4253 1115 4339 Graptus
1131 4276 1171 4315 ex
1188 4251 1318 4316 libertis
1333 4251 1549 4323 Caesaris¹...

311 4363 468 4428 intendit.
484 4364 572 4427 l'ons
587 4361 737 4425 Mulvius
751 4362 782 4424 in
800 4385 839 4425 eo
852 4367 1003 4447 tempore
1019 4358 1162 4424 celebris
1179 4359 1354 4423 nocturnis
1370 4359 1551 4425 inlecebris

311 4470 653 4557 erat,ventitabatque
665 4469 744 4533 illuc
754 4468 855 4546 Nero.
865 4491 932 4556 quo
942 4466 1086 4531 solutius
1099 4466 1216 4531 urbem
1226 4475 1321 4531 extra
1334 4466 1506 4534 lasciviret
1527 4520 1548 4534 ..

310 4616 352 4622 —
378 4578 426 4655 13,
445 4580 498 4660 tq.
517 4577 733 4664 (loquuntur
749 4576 843 4640 l'aeti
869 4575 1035 4638 'l'hraseae
1050 4573 1307 4658 obtrectatores)
1326 4598 1342 4637 11
1361 4575 1416 4638 An
1438 4575 1548 4642 solum

311 4684 546 4748 emendatione
574 4685 727 4770 dignum,
761 4686 871 4749 ne...‘?
906 4682 1023 4748 Cetera
1058 4705 1117 4770 per
1147 4705 1264 4745 ornnes
1293 4681 1422 4769 imperii
1436 4695 1550 4770 partes

311 4791 448 4877 perinde
464 4792 610 4878 egregia,
629 4816 730 4879 quam
751 4792 778 4854 si
801 4814 867 4854 non
884 4790 985 4861 Nero.
1012 4789 1070 4854 sed
1097 4790 1242 4854 Thrasea
1264 4790 1414 4874 regimen
1431 4813 1549 4856 eorum
1572 4811 1575 4816 ·

298 5037 303 5070 l
325 5038 364 5085 Cf.
384 5053 464 5101 supra
480 5040 512 5087 1111
535 5040 569 5098 13,
590 5057 626 5087 ra.
