3709 6234
285 863 339 919 252
769 864 926 920 DOMITIVS
945 865 1091 920 CORBVLO

329 1047 372 1056 —
392 1006 442 1088 15,
461 1007 491 1072 3.
514 1005 607 1089 Quae
623 1005 681 1072 ubi
696 1005 881 1072 Corbuloni
900 1006 1001 1072 certis
1016 1007 1147 1074 nuntiis
1166 1008 1281 1074 audita
1301 1015 1394 1088 sunt,
1416 1007 1567 1098 legiones

330 1114 455 1182 duas...
474 1113 664 1181 subsidium
679 1113 816 1201 Tigrani
837 1114 981 1181 mittit...
999 1152 1043 1166 -
1064 1117 1112 1194 15,
1132 1117 1164 1192 l·
1182 1115 1230 1181 Ea
1246 1115 1327 1181 dum
1347 1115 1567 1189 aCorbulone

330 1221 474 1289 tuendae
494 1221 613 1310 Syriae
632 1228 834 1311 parantur...
858 1257 900 1272 ·-
926 1222 975 1302 15,
1000 1223 1030 1288 5.
1066 1221 1214 1290 Corbulo
1246 1229 1371 1304 tamen,
1411 1225 1567 1316 quamvis

329 1330 486 1396 secundis
514 1330 615 1396 rebus
644 1331 771 1409 suis...,
794 1331 887 1397 misit
906 1329 949 1396 ad
970 1329 1193 1419 Vologaesen,
1230 1331 1288 1421 qui
1315 1332 1568 1421 expostularent

329 1440 398 1506 vini
419 1439 610 1527 provinciae
630 1438 811 1507 inlatam...
843 1476 887 1489 -
919 1438 1019 1516 15,6.
1043 1439 1135 1506 Haec
1173 1439 1288 1529 plures
1320 1447 1359 1506 ut
1391 1440 1567 1507 formidine

328 1547 417 1633 regis
431 1553 464 1613 et
480 1545 684 1611 Corbulonis
704 1546 806 1611 minis
825 1553 958 1634 patrata
985 1571 1022 1612 ac
1043 1547 1222 1635 magnilica
1241 1546 1475 1632 extollebant;
1509 1547 1564 1614 alii

329 1653 461 1719 occulto
503 1654 672 1741 pepigisse
702 1652 1053 1742 interpretabantur...
1089 1654 1201 1721 Dilata
1233 1678 1372 1744 prorsus
1392 1678 1498 1736 arma,
1532 1664 1568 1722 ut

329 1761 535 1852 Vologaeses
560 1785 636 1826 cum
668 1761 734 1826 alio
773 1785 875 1850 quam
902 1785 980 1827 cum
1001 1761 1193 1830 Corbulone
1231 1769 1386 1836 certaret.
1419 1762 1566 1829 Corbulo

329 1870 468 1935 meritae
489 1875 539 1933 tot
552 1891 612 1958 per
630 1893 737 1934 annos
749 1869 877 1956 gloriae
889 1893 956 1935 non
969 1870 1059 1936 ultra
1071 1870 1259 1959 periculum
1268 1870 1433 1937 laceret...
1453 1871 1565 1961 Copiis

329 1978 375 2043 ita
396 1977 527 2053 divisis,
560 1985 637 2044 ut...
662 1978 760 2043 tertia
799 1986 832 2044 et
865 1984 959 2043 sexta
998 1987 1032 2044 et
1064 1978 1194 2044 decima
1227 1977 1377 2066 legiones
1409 1979 1566 2068 priorque

326 2084 447 2176 Syriae
475 2084 572 2149 miles
592 2085 681 2174 apud
702 2085 929 2151 Corbulonem
950 2094 1125 2151 manerent
1140 2107 1147 2167 ;
1165 2093 1274 2152 cetera
1303 2109 1346 2150 ex
1366 2109 1480 2152 rerum
1498 2109 1561 2152 usu

328 2193 498 2258 sociarent
516 2194 776 2284 partirenturve.
807 2194 872 2258 Sed
903 2216 1012 2283 neque
1032 2192 1178 2258 Corbulo
1217 2192 1341 2259 aemuli
1374 2194 1508 2283 patiens
1533 2201 1565 2259 et

327 2301 561 2388 (Caesennius)
574 2301 740 2370 Paetus...
756 2343 799 2351 —
822 2304 870 2378 15,
895 2303 926 2365 8.
954 2301 1118 2366 Paetus...
1144 2302 1232 2390 rapit
1259 2301 1445 2367 exercitum
1473 2308 1565 2369 trans

326 2419 475 2479 montem
489 2412 636 2476 Taurum
658 2409 897 2497 reciperandis‚
918 2416 958 2475 ut
979 2408 1115 2491 serebat,
1153 2409 1401 2497 Tigranocertis
1427 2417 1564 2477 vastan-

325 2520 444 2607 disque
460 2516 666 2605 regionibus,
684 2539 768 2605 quas
797 2515 945 2581 Corbulo
972 2517 1122 2604 integras
1154 2516 1336 2583 omisisset.
1377 2552 1421 2566 -
1458 2515 1559 2606 15,9.

324 2627 461 2692 Interim
481 2624 630 2691 Corbulo
652 2647 836 2712 numquam
854 2624 1043 2711 neglectam
1066 2624 1248 2713 Euphratis
1278 2625 1387 2713 ripam
1413 2624 1560 2691 crebrio-

323 2733 416 2799 ribus
436 2732 613 2821 praesidiis
634 2732 769 2797 insedit.
803 2772 846 2781 -
887 2733 935 2812 15,
973 2756 1020 2797 11.
1062 2734 1174 2818 Aegre
1208 2731 1421 2821 compulsum
1451 2731 1564 2799 lerunt

325 2841 567 2929 (Caesennium
609 2840 778 2925 Paetum),
813 2847 851 2905 ut
880 2839 1063 2904 instantem
1103 2838 1343 2926 (Vologaesen)
1372 2837 1559 2905 Corbuloni

323 2951 501 3029 fateretur;
522 2971 582 3012 nee
599 2971 617 3012 a
638 2946 828 3014 Corbulone
845 2954 1073 3035 properatum,
1096 2970 1163 3036 quo
1184 2946 1408 3034 gliscentibus
1430 2946 1561 3036 pericu·

326 3056 484 3122 1111111111
505 3054 646 3120 subsidii
675 3054 749 3119 laus
769 3063 960 3142 augeretur.
991 3093 1035 3104 -
1072 3053 1121 3130 15,
1157 3079 1206 3120 rr.
1235 3054 1350 3120 Missis
1372 3054 1560 3120 iterumad

324 3162 553 3230 Corbulonem
583 3161 751 3252 precibus,
788 3162 918 3228 veniret
942 3185 1125 3250 propere...
1152 3201 1195 3212 -
1221 3161 1559 3250 15‚13.(Caesennii

323 3272 416 3338 Paeti
455 3271 636 3360 milites)...
673 3294 734 3336 nec
765 3269 857 3336 aliud
891 3293 993 3360 quam
1027 3272 1236 3336 munimenta
1281 3269 1555 3358 propugnabant,

322 3381 502 3470 parsiussu
518 3379 613 3443 ducis
626 3386 658 3444 et
673 3378 729 3442 alii
760 3379 896 3466 propria
934 3378 1068 3464 ignavia
1106 3385 1163 3443 aut
1192 3376 1421 3443 Corbulonem
1454 3401 1556 3468 eppe·

322 3486 620 3567 1·1111111...-15,
649 3485 697 3552 16.
717 3486 875 3552 Ceterum
902 3484 1051 3550 obsessis
1084 3486 1166 3550 adeo
1196 3485 1465 3573 suppeditavisse
1488 3508 1559 3551 rem

322 3596 575 3662 frumentariam
602 3594 766 3668 constitit,
789 3601 828 3658 ut
856 3593 985 3657 horreis
1024 3593 1136 3679 ignem
1170 3593 1345 3672 inicerent,
1379 3600 1564 3683 contraque

323 3704 511 3792 prodiderit
526 3701 673 3767 Corbulo
695 3700 836 3766 Parthos
851 3701 968 3788 inopes
1002 3701 1217 3788 copiarum...
1249 3699 1427 3765 relicturos
1453 3723 1561 3790 oppu-

324 3812 517 3898 gnationem
539 3833 647 3898 noque
663 3833 698 3873 11
724 3807 801 3896 plus
835 3807 937 3874 tridui
971 3808 1088 3873 itinere
1119 3806 1286 3874 aluisse...
1311 3805 1460 3873 Corbulo
1484 3831 1563 3874 cum

324 3919 394 3983 suis
418 3918 523 4006 copiis
537 3916 626 4004 apud
641 3916 747 4003 ripam
763 3915 945 4004 Euphratis
961 3914 1082 3979 obvius
1098 3914 1231 4004 (Paeto)
1243 3938 1309 3980 non
1327 3937 1401 3980 eam
1415 3917 1563 4004 speciem

323 4025 506 4112 insignium
526 4032 559 4089 et
590 4047 760 4087 armorum
784 4023 958 4110 praetulit.
989 4032 1027 4088 ut
1060 4023 1292 4089 diversitatem
1328 4023 1562 4111 exprobraret.

321 4169 363 4180 -
385 4130 435 4210 15,
457 4154 506 4218 17.
523 4127 678 4216 (Paetus)
700 4127 929 4215 respondit...,
954 4129 1058 4195 iuneti
1093 4128 1292 4195 invaderent
1321 4129 1562 4199 Armeniam...

323 4238 397 4303 Non
409 4261 447 4301 ea
458 4235 670 4324 imperatoris
684 4234 806 4299 habere
818 4235 977 4301 mandata
992 4235 1140 4300 Corbulo
1153 4236 1280 4324 (dixit).
1289 4287 1310 4302 ..
1323 4238 1371 4303 m
1384 4236 1565 4326 Vologaesi

319 4345 361 4410 ad
380 4342 606 4411 Corbulonem
631 4342 725 4406 missi
749 4342 871 4422 nuntii,
894 4342 1085 4409 detraheret
1103 4343 1243 4409 castella
1275 4351 1369 4409 trans
1410 4344 1564 4435 Euphra·

319 4461 417 4521 ten...
450 4450 510 4516 Ille
538 4450 734 4515 Armeniam
768 4472 901 4539 quoque
931 4449 1074 4516 diversis
1104 4451 1281 4539 praesidiis
1319 4474 1462 4517 vacuam
1491 4453 1563 4519 lieri

317 4557 566 4647 expostulabat.
599 4557 642 4622 111
678 4564 849 4644 postremo
895 4560 1062 4625 concessit
1110 4580 1192 4638 rex;
1233 4559 1424 4648 dirutaque,
1476 4583 1562 4653 quae

319 4667 513 4754 Euphraten
537 4663 625 4729 ultra
653 4664 922 4730 communiverat
957 4665 1209 4733 Corbulo...-
1243 4669 1292 4748 15,
1325 4669 1377 4733 25.
1412 4667 1561 4733 Corbulo

318 4773 465 4837 rnilitum
478 4780 579 4861 atque
595 4771 743 4837 hostium
760 4779 809 4838 tot
825 4795 883 4860 per
903 4796 1011 4838 annos
1038 4797 1165 4862 gnarus
1190 4773 1357 4862 gerendae
1380 4774 1427 4839 rei
1455 4774 1561 4862 (bello

317 4880 479 4945 adversus
502 4878 659 4967 Parthos)
695 4880 931 4966 praeficitur...
959 4881 1145 4970 Syriaeque
1173 4881 1346 4946 exsecutio
1367 4881 1405 4946 C.
1434 4882 1560 4962 Cesti0‚

317 4988 431 5076 copiae
459 4987 622 5054 militares
652 4985 837 5052 Corbuloni
872 4989 1097 5075 permissae...
1129 4988 1295 5055 Scribitur
1325 4990 1507 5057 tetrarchis
1521 5014 1559 5055 ae
