3709 6234
377 854 431 908 506
976 854 1068 909 0150

423 1000 600 1064 universos
626 997 810 1087 perculit...
830 998 940 1063 Causa
960 998 1108 1086 tingendi
1135 997 1208 1074 luit,
1232 1006 1270 1063 ut
1289 997 1475 1086 diplomata
1499 997 1660 1078 Othonis,

380 1134 382 1137 >
423 1129 509 1193 quae
532 1105 812 1194 neglegebantur,
840 1106 978 1171 laetiore
997 1107 1117 1171 nuntio
1134 1106 1423 1171 revalescerent...
1442 1104 1536 1170 Mors
1554 1104 1662 1170 Otho-

421 1213 485 1288 nis,
508 1237 574 1300 quo
597 1212 810 1288 laudabilior,
832 1237 871 1277 eo
892 1212 1042 1278 velocius
1058 1213 1185 1278 audita.
1202 1250 1247 1263 -
1265 1212 1307 1294 lt,
1330 1213 1384 1277 55.
1402 1214 1449 1278 At
1469 1212 1658 1288 Romae...‚

420 1328 457 1385 ut
488 1321 630 1385 cessisse
660 1321 870 1385 othonem...
896 1321 978 1385 certi
1008 1328 1163 1385 auctores
1197 1320 1230 1383 in
1260 1320 1429 1385 theatrum
1445 1319 1656 1397 adtulerunt,

421 1426 558 1492 Vitellio
573 1426 740 1515 plausere.
758 1468 801 1477 -
817 1427 859 1509 ll,
877 1431 930 1516 57.
945 1428 1143 1493 Vitellius...
1162 1450 1340 1514 prosperas
1350 1426 1440 1514 apud
1455 1426 1657 1508 Bedriacum

419 1558 472 1599 res
501 1559 539 1598 ac
566 1544 674 1599 morte
715 1535 860 1600 Othonis
887 1536 1075 1601 concidisse
1110 1535 1236 1600 bellum
1263 1535 1403 1622 accepit.
1443 1571 1470 1580 -·
1515 1533 1559 1608 ll,
1600 1537 1655 1600 58.

421 1642 582 1706 Lucceius
614 1642 761 1707 Albinus
787 1645 978 1731 (utriusque
1007 1631 1235 1708 Mauretaniae
1264 1647 1515 1730 procurator)...
1556 1666 1657 1707 caeso

418 1748 529 1814 Galba
557 1750 590 1814 in
624 1750 791 1816 tlthonem
813 1774 981 1838 pronus...
996 1790 1037 1798 —
1060 1750 1103 1822 ll,
1122 1750 1176 1812 tio.
1193 1748 1328 1815 Salvius
1341 1750 1493 1813 Titianus
1508 1747 1658 1814 Othonis

418 1856 520 1921 frater
536 1856 667 1921 nullum
688 1857 869 1923 discrimen
884 1858 979 1937 adiit,
998 1858 1121 1944 pietate
1142 1865 1175 1922 et
1195 1856 1330 1942 ignavia
1348 1864 1530 1921 excusatus
1550 1856 1657 1943 (apud

417 1963 619 2045 Vitellium).
637 2004 680 2015 -
698 1965 739 2037 ll,
754 1965 807 2031 63.
829 1965 1025 2030 Vitellius..
1051 1964 1156 2029 occidi
1182 1962 1394 2028 Dolabellam
1420 1963 1528 2043 iussit,
1551 1986 1655 2050 quem

417 2070 450 2134 in
480 2072 646 2136 coloniam
667 2073 872 2161 Aquinatem
894 2074 1080 2159 sepositum
1102 2071 1144 2135 ab
1160 2070 1294 2136 Othone
1313 2070 1518 2135 rettulimus,
1550 2070 1655 2135 Dola-

416 2176 504 2242 bella
525 2179 639 2244 audita
664 2187 771 2244 morte
793 2180 939 2244 tltlronis
960 2179 1077 2244 urbem
1101 2179 1285 2243 introierat.
1309 2217 1352 2226 -
1370 2178 1411 2250 ll,
1429 2176 1484 2243 65.
1503 2176 1656 2242 Hilarius

416 2284 570 2350 Caesaris
596 2286 751 2358 tVitelliii
768 2286 910 2352 libertus
930 2286 1099 2351 detulerat
1117 2285 1288 2370 (Cluvium
1310 2284 1462 2370 llulum),
1478 2292 1652 2371 tamquam

415 2392 530 2456 auditu
548 2392 674 2457 Vitellii
696 2405 728 2458 et
748 2394 893 2459 tithonis
920 2393 1109 2481 principatu
1134 2394 1304 2480 propriam
1324 2393 1395 2479 ipse
1410 2391 1596 2479 potentiam
1619 2400 1652 2456 et

416 2502 663 2585 possessionem
690 2502 932 2588 Hispaniarum
958 2509 1167 2587 temptasset.
1199 2539 1242 2547 —
1272 2500 1314 2569 ll.
1343 2499 1396 2586 76.
1425 2498 1549 2585 (Verba
1573 2498 1653 2564 lacit

415 2607 502 2693 apud
545 2609 788 2695 Vespasianum
834 2609 1027 2691 Mucianus)
1072 2637 1086 2666 «
1116 2608 1164 2671 Ne.
1195 2608 1364 2671 arationem
1392 2605 1528 2694 quidem
1554 2606 1652 2671 ducis

415 2722 485 2777 arte
499 2724 556 2779 aut
572 2716 740 2780 exereitus
756 2716 801 2787 vi,
819 2715 877 2779 sed
895 2737 1118 2802 praepropera
1133 2715 1239 2802 ipsius
1259 2713 1492 2801 desperatione
1506 2713 1649 2786 victum,

415 2821 480 2884 iam
514 2821 772 2887 desiderabilem
801 2831 834 2887 et
862 2846 1026 2909 magnum
1052 2823 1238 2910 prinoipem
1256 2821 1334 2885 lecit
1350 2820 1535 2906 (Vitelliust
1556 2850 1585 2887 »,
1608 2859 1653 2870 -

415 2926 534 3000 11‚85.
564 2930 589 2991 T
592 2919 674 2994 ertiri
702 2930 789 3017 legio
813 2930 1006 3018 exemplum
1029 2928 1312 3015 (transgrediendi
1334 2929 1367 2992 in
1391 2936 1505 3016 partes
1521 2928 1651 3015 Vespa-

413 3035 512 3121 siani)
529 3037 649 3101 ceteris
666 3037 813 3102 Moesiae
829 3037 1021 3123 legionibus
1036 3036 1206 3124 praebuit3
1224 3045 1342 3100 octava
1356 3043 1480 3100 cratae
1504 3037 1649 3122 septima

413 3142 611 3214 Claudiana,
636 3144 785 3209 imbutae
813 3146 925 3209 lavore
947 3144 1102 3215 Othonis,
1126 3145 1281 3231 quamvis
1311 3143 1437 3231 proelio
1458 3166 1525 3207 non
1543 3143 1649 3208 inter-

412 3250 566 3318 fuissent.
584 3252 776 3339 :lquileiam
793 3276 1005 3340 progressae.
1020 3251 1228 3339 proturbatis
1240 3253 1297 3340 qui
1314 3252 1355 3316 de
1367 3251 1499 3315 Othone
1512 3251 1648 3316 nuntia-

412 3356 547 3432 bant...,
576 3359 623 3444 (in
645 3359 833 3438 Vitellium)
864 3360 1032 3424 hostiliter
1053 3367 1202 3444 egerant.
1232 3398 1274 3407 —
1304 3359 1346 3434 ll,
1376 3359 1430 3424 86.
1460 3359 1649 3440 (Antonius

411 3465 558 3551 Primus)
575 3470 788 3555 praepositus
804 3492 820 3531 a
836 3471 845 3528 t
855 3467 945 3531 ialba
967 3470 1130 3554 septimae
1145 3468 1269 3553 legioni
1294 3467 1503 3552 scriptitasse
1520 3466 1649 3530 tithoni

410 3574 609 3638 credebatur
621 3574 740 3639 ducem
758 3600 792 3637 se.
810 3574 963 3661 partibus
979 3575 1139 3642 ollercus:
1153 3600 1170 3638 a
1185 3598 1251 3661 quo
1264 3573 1479 3660 neglectus..
1493 3573 1647 3659 Scriptae

411 3680 443 3742 in
471 3682 678 3745 llritarmiam
705 3683 746 3745 ad
767 3682 1097 3768 quartadecimanos,
1129 3683 1163 3744 in
1184 3681 1383 3768 llispaniam
1408 3680 1450 3744 ad
1474 3681 1648 3766 primanos

410 3788 584 3873 epistulae.
604 3790 692 3872 qtiod
710 3798 852 3876 utraque
873 3789 961 3873 legio
978 3814 1038 3876 pro
1054 3791 1199 3866 Othone,
1218 3788 1360 3852 adversa
1376 3789 1402 3848 V
1408 3787 1512 3852 itcllio
1522 3788 1644 3853 lirerat.

410 3935 452 3943 —-
466 3896 507 3968 ll,
525 3900 579 3982 9³3·
608 3898 729 3960 blisera
751 3898 871 3960 civitas
891 3896 1008 3960 eodem
1025 3920 1114 3960 armo
1132 3897 1313 3963 tltlrouem.
1333 3895 1508 3960 Vitellium
1530 3920 1643 3982 passa.

407 4043 450 4051 —
467 4004 493 4066 ll
502 4056 508 4072 ,
533 4027 602 4067 ιοι.
621 4009 630 4083 (
639 4003 778 4084 Lucilio)
790 4006 892 4067 llasso
903 4011 912 4086 t]
919 4005 1151 4067 transitionem
1165 4003 1206 4067 ad
1218 4002 1478 4089 Vespasianum)
1491 4002 1645 4074 molienti

409 4112 517 4173 ruinor
538 4110 721 4174 ‹lil'ticultas
742 4120 811 4174 erat
829 4121 945 4198 (quam
963 4110 1084 4174 Alieno
1099 4112 1289 4192 Caecinae).
1309 4109 1436 4174 lubrica
1452 4110 1495 4174 ad
1511 4121 1646 4177 mutan-

407 4218 483 4281 dam
505 4216 603 4280 tidcm
625 4217 732 4280 classe
749 4218 791 4279 ob
815 4219 1008 4282 memoriam
1031 4220 1174 4281 recentis
1197 4242 1257 4304 pro
1273 4217 1405 4281 tltlroue
1425 4218 1576 4283 militiae.
1601 4258 1645 4270 —

411 4364 448 4373 -
474 4324 531 4391 lll.
562 4348 610 4388 ιο.
637 4324 686 4387 lra
713 4325 856 4388 militum
874 4327 907 4388 iu
925 4326 1101 4411 'l'ampium
1122 4324 1318 4388 Flavianum
1336 4325 1505 4405 incubuit;
1526 4352 1644 4414 ...pro-

406 4432 570 4518 pinquum
600 4432 738 4500 Vitellii.
762 4433 965 4519 proditorem
1001 4432 1157 4508 Othonis
1198 4433 1457 4517 interceptorem
1490 4434 1643 4500 donativi

407 4536 638 4600 clariritabant.
662 4576 705 4584 -
729 4538 787 4604 lll.
812 4539 864 4601 32.
900 4538 1353 4622 Exercitus(1³tavianus)...
1377 4548 1490 4604 vetere
1506 4539 1584 4603 odio
1601 4541 1641 4605 ad

404 4643 571 4706 excidium
608 4646 886 4708 Cremonensium
922 4641 1087 4709 incubuit.
1125 4647 1253 4709 lavisse
1291 4655 1405 4732 partes
1441 4646 1642 4712 Vitellianas

406 4752 550 4815 tltlronis
567 4774 700 4839 (proque
715 4752 803 4815 bello
818 4752 1053 4817 credebantur.
1071 4793 1113 4802 -
1127 4755 1185 4822 lll.
1214 4757 1267 4830 dd.
1287 4754 1416 4818 Cuucta
1439 4754 1480 4818 ad
1502 4756 1642 4821 victoris

403 4859 617 4944 tl'espas'iarri
628 4887 632 4928 ι
645 4884 725 4946 opes
737 4884 911 4928 conversa.
927 4860 1022 4924 initio
1037 4862 1303 4949 perllispaniam
1315 4886 1332 4925 a
1344 4862 1451 4945 prima
1463 4862 1640 4930 Adiutrice

406 4966 536 5050 legione
553 4975 639 5042 orto,
662 4990 748 5054 quae
761 4969 922 5032 memoria
934 4972 943 5027 t
953 4968 1079 5031 lthoais
1090 4968 1363 5033 inl'ensaVitellio
1374 4969 1539 5034 decimam
1554 4994 1639 5060 quo-
