3709 6234
662 840 667 851 '
755 866 916 919 aaronrvs
940 864 1079 918 narius
1525 863 1561 918 65

321 1015 379 1072 aut
398 1006 551 1073 Licinius
567 1007 712 1072 Archias
728 1005 868 1087 laciunt,
885 1005 1032 1072 Catilina
1053 1013 1086 1071 et
1102 1004 1185 1070 Milo
1201 1013 1235 1071 et
1255 1004 1377 1070 Verres
1401 1012 1434 1071 et
1453 1005 1561 1070 Anto-

322 1114 399 1180 nIus
414 1114 502 1179 hane
522 1113 572 1178 illi
588 1113 701 1179 laman
721 1113 1030 1179 circumdederunt.
1052 1141 1067 1172 »

279 1220 508 1287 ANTONIVS
534 1219 679 1299 FELIN,
697 1221 830 1286 FELIX
843 1221 865 1287 ¹.
884 1259 926 1269 -
953 1246 1001 1298 12,
1016 1221 1069 1298 54.
1090 1224 1138 1287 At
1153 1245 1219 1285 non
1236 1221 1337 1286 lrater
1353 1220 1559 1310 (Pallantis),

321 1336 548 1417 cognomento
566 1328 672 1410 Felix,
695 1330 767 1417 pari
787 1329 1018 1395 moderatione
1035 1327 1168 1416 agebat,
1188 1329 1254 1393 iam
1274 1328 1403 1417 pridem
1419 1327 1560 1393 Iudaeae

321 1436 499 1524 impositus
519 1444 553 1501 et
584 1444 706 1502 cuneta
726 1436 905 1502 malclaeta
925 1435 990 1501 sibi
1025 1436 1162 1524 impune
1184 1444 1279 1502 ratus
1293 1442 1387 1501 tanta
1407 1436 1559 1523 potentia

322 1543 481 1610 subnixo.
493 1545 582 1610 Sane
598 1543 822 1632 praebuerant
841 1544 956 1609 Iudaei
967 1545 1113 1633 speeiem
1130 1546 1410 1632 motuS...Atque
1426 1543 1560 1608 interim

323 1649 417 1716 Felix
432 1653 681 1741 intempestivis
697 1651 854 1717 remediis
870 1652 994 1717 delicta
1009 1652 1226 1730 accendebat,
1242 1651 1374 1717 aemulo
1391 1651 1433 1716 ad
1448 1651 1560 1718 deter-

322 1759 405 1823 rima
422 1759 581 1824 Ventidio
593 1759 760 1841 Curriano,
777 1759 830 1824 eui
847 1782 926 1846 pars
941 1759 1134 1846 provinciae
1152 1757 1350 1838 habebatur,
1369 1759 1415 1825 ita
1431 1758 1560 1825 divisae

321 1874 360 1932 ut
383 1866 461 1933 huic
481 1866 709 1933 Galilaeorum
730 1867 836 1949 natio,
852 1865 958 1931 Felici
981 1867 1166 1932 Samaritae
1195 1873 1365 1956 parerent,
1387 1865 1561 1933 discordes

321 1975 444 2041 olim...
466 1976 573 2063 Igitur
600 1983 732 2063 raptare
758 1975 847 2039 inter
868 1998 947 2041 se...
978 1973 1152 2062 spoliaque
1172 1981 1205 2039 et
1221 1973 1363 2061 praedas
1381 1974 1423 2039 ad
1442 1998 1560 2063 procu-

324 2090 454 2149 ratores
473 2083 636 2149 relerre...
656 2084 830 2148 Cumanus
846 2089 880 2147 et
892 2080 985 2146 Felix
997 2082 1248 2147 cunctationem
1262 2081 1450 2169 (meidio
1470 2082 1562 2162 Qua·

322 2190 420 2257 drato
434 2190 552 2277 Syriae
571 2190 700 2276 legato)
715 2187 926 2269 adserebant,
944 2189 1023 2276 quia
1043 2186 1207 2253 Claudius
1227 2188 1339 2253 causis
1365 2188 1561 2254 rebellionis

322 2297 448 2364 auditis
465 2299 516 2362 ius
532 2296 704 2363 statuendi
719 2296 820 2362 etiarn
836 2295 877 2360 de
906 2294 1181 2383 procuratoribus
1207 2294 1357 2360 dederat.
1374 2296 1441 2362 Sed
1469 2297 1560 2376 Qua-

322 2404 440 2471 dratus
469 2404 614 2470 Felicem
653 2405 741 2469 inter
773 2402 903 2468 iudices
928 2404 1125 2469 ostentavit.
1150 2455 1172 2482 .,
1195 2403 1443 2492 damnatusque
1467 2405 1561 2492 nagi-

323 2512 459 2591 tiorum,
476 2535 562 2601 quae
586 2510 653 2575 duo
676 2509 901 2599 deliquerant,
930 2511 1146 2576 Cumanus...
1168 2547 1210 2558 -
1232 2509 1273 2591 V,
1291 2536 1322 2597 9.
1351 2511 1557 2579 Claudius...

322 2619 482 2685 Iudaeam
512 2618 722 2707 provinciam
749 2617 920 2706 equitibus
952 2617 1115 2683 Romanis
1141 2625 1200 2684 aut
1231 2616 1362 2683 libertis
1394 2620 1559 2707 permisit,

322 2751 340 2793 e
360 2727 484 2815 quibus
508 2726 681 2791 Antonius
707 2724 803 2790 Felix
818 2747 1027 2812 peromnem
1044 2724 1221 2790 saevitiam
1243 2748 1281 2789 ac
1312 2724 1489 2792 libidinem
1509 2728 1561 2792 ius

322 2835 452 2922 regium
471 2833 586 2898 servili
609 2832 744 2921 ingenio
772 2833 935 2914 exercuit,
957 2831 1107 2896 Drusilla
1137 2831 1335 2920 Cleopatrae
1360 2840 1394 2898 ct
1418 2833 1560 2899 Antonii

322 2950 422 3031 nepte
443 2941 475 3007 in
492 2941 747 3007 matrImonium
762 2948 911 3027 accepta,
930 2947 968 3005 ut
989 2938 1139 3004 eiusdem
1164 2940 1306 3004 Antonii
1327 2939 1423 3005 Felix
1438 2964 1559 3029 proge-

322 3074 394 3128 ner,
413 3049 577 3116 CIaudius
601 3071 706 3136 nepos
721 3056 823 3113 esset.

280 3156 505 3225 ANTONIVS
519 3152 748 3220 l‹'L.·tMMA².
761 3153 872 3234 -IV,
887 3154 941 3231 45.
960 3155 1071 3220 Isdem
1086 3154 1206 3220 diebus
1221 3155 1394 3220 Antonius
1408 3154 1558 3222 Flemma

321 3262 574 3353 Cyrenensibus
592 3261 830 3327 accusantibus
844 3261 1025 3328 damnatur
1039 3262 1113 3350 Iege
1131 3262 1395 3349 repetundarum
1409 3270 1444 3328 et
1458 3262 1559 3329 exilio

321 3372 364 3437 ob
380 3370 570 3437 saevitiam.

279 3480 504 3547 ANTONIVS
524 3479 643 3546 NASO
653 3480 677 3545 ³.
696 3518 739 3531 -
761 3480 786 3560 I,
814 3504 868 3547 20.
904 3478 1122 3546 Exauctorati
1138 3504 1198 3568 per
1223 3504 1281 3546 eos
1300 3481 1374 3547 dles
1391 3481 1521 3547 tribuni
1540 3509 1557 3548 e

319 3589 530 3677 praetorio...
549 3588 721 3653 Antonius
738 3587 872 3655 Naso...

283 3695 506 3762 INTOn'It's
528 3693 737 3774 NATALIS,
760 3694 968 3762 NATALIS.
987 3733 1029 3745 -
1054 3697 1103 3775 15,
1134 3695 1188 3762 50.
1218 3695 1337 3783 (Primi
1353 3695 1391 3763 C.
1423 3696 1557 3763 Pisonis

322 3804 417 3891 socii)
436 3803 705 3891 adgregavere...
735 3803 923 3868 Antonium
945 3803 1158 3875 Natalem...,
1186 3802 1316 3891 equites
1341 3804 1554 3871 Ilomanos...

322 3910 452 3977 Natalis
476 3912 645 3999 particeps
666 3911 709 3975 ad
728 3933 828 3976 omne
850 3918 1019 3976 secretum
1036 3911 1151 3975 Pisoni
1167 3917 1250 3989 erat,
1277 3910 1397 3976 ceteris
1413 3935 1490 3999 spes
1515 3935 1557 3977 ex

322 4020 418 4085 novis
432 4016 534 4083 rebus
549 4016 739 4106 petebatur.
761 4055 804 4067 -
829 4020 878 4088 15.
897 4016 950 4095 54.
970 4018 1139 4098 Scaevini,
1157 4018 1214 4107 qui
1234 4017 1341 4105 pridie
1357 4019 1556 4086 insidiarum

322 4126 428 4192 inulto
444 4148 599 4192 sermone
615 4148 691 4190 eum
707 4126 859 4190 Antonio
877 4125 1040 4191 Natale...
1058 4164 1102 4177 -
1126 4128 1175 4206 15,
1196 4126 1248 4190 55.
1263 4124 1446 4214 (Lababat)
1470 4127 1557 4191 indi-

321 4235 421 4316 cium,
434 4233 500 4299 nisi
514 4232 691 4298 Milichum
707 4256 792 4298 uxor
811 4231 1045 4297 admonuisset
1066 4232 1254 4298 Antonium
1268 4231 1424 4299 Natalem
1449 4234 1556 4300 multa

322 4364 396 4407 cum
416 4340 582 4407 Scaevino
601 4362 640 4405 ac
655 4348 783 4406 secreta
808 4339 1027 4405 conlocutum
1043 4347 1076 4404 et
1096 4363 1169 4405 esse
1189 4346 1351 4429 utrosque
1367 4342 1406 4406 C.
1423 4342 1558 4407 Pisonis

322 4449 470 4515 intimos.
484 4484 529 4498 -
549 4446 666 4527 15‚56.
680 4447 770 4535 Ergo
787 4447 913 4513 accitur
924 4446 1056 4512 Natalis
1075 4456 1108 4512 et
1127 4447 1252 4513 diversi
1263 4447 1554 4535 interrogantur...

323 4554 579 4622 Tormentorum
612 4554 810 4643 adspectum
849 4577 887 4619 ae
916 4554 1027 4620 minas
1059 4577 1127 4619 non
1169 4554 1300 4634 tulere;
1325 4556 1416 4644 prior
1444 4565 1556 4623 tamen

313 4809 319 4845 ¹
335 4810 454 4869 Paosor„
467 4811 522 4878 etp.
539 4812 607 4861 Eum
627 4810 758 4876 losephus
773 4815 800 4861 et
817 4810 914 4860 Suidas
930 4812 1071 4860 Claudiam
1090 4815 1198 4862 vocant.

312 4891 519 4944 ²II.Antonius
532 4893 663 4943 Flamma.
678 4892 801 4952 Paosor.,
816 4893 872 4942 ata.

313 4969 323 5007 ³
338 4975 364 5024 L.
377 4974 516 5025 Antonius
531 4974 612 5025 Naso.
626 4975 749 5028 I'noson,
762 4974 818 5026 6⁸1.

369 5081 448 5133 linia.
467 5097 501 5132 us
519 5081 600 5133 bros.
619 5108 649 5121 -
668 5081 752 5132 Fama
