3709 6234
283 852 336 908 476
884 856 967 907 nttto

328 998 386 1070 ris,
401 1004 436 1062 ut
451 1003 504 1062 est
520 1019 594 1060 mos
624 995 728 1082 vulgi,
759 996 1046 1084 comparantibus.
1065 1037 1108 1048 --
1124 998 1150 1073 l,
1168 998 1200 1064 8.
1218 997 1413 1063 Germanici
1436 997 1560 1063 exerci-

329 1112 423 1171 tus...
440 1105 531 1169 tarde
547 1127 564 1169 a
580 1103 713 1169 Nerone
728 1103 952 1170 desciverant.
973 1144 1016 1158 -
1036 1105 1062 1186 l,
1074 1130 1107 1194 9.
1119 1104 1221 1184 Quies
1236 1112 1270 1170 et
1286 1103 1437 1192 Illyrico,
1448 1128 1560 1194 quarn-

328 1236 429 1301 quam
449 1213 578 1277 excitae
598 1210 765 1276 aNerone
785 1211 949 1299 legiones,
968 1212 1048 1278 <lum
1069 1213 1103 1276 in
1125 1211 1221 1278 ltalia
1245 1219 1463 1290 cunctantur,
1481 1214 1560 1278 Ver·

327 1321 457 1407 ginium
471 1318 698 1407 legationibus
717 1319 879 1385 adissent.
898 1359 941 1369 -
957 1318 983 1397 l,
1015 1343 1064 1386 10.
1081 1319 1212 1386 Bellum
1229 1319 1404 1386 Iudaicum
1426 1319 1560 1386 Flavius

329 1428 567 1515 Vespasianus,
585 1426 706 1492 duceni
721 1450 798 1492 euni
812 1427 900 1493 Nero
916 1427 1100 1514 delegerat,
1128 1428 1237 1493 tribus
1256 1426 1448 1515 legionibus
1462 1428 1561 1494 admi·

328 1535 504 1604 nistrabat.
531 1574 573 1584 -
599 1539 624 1617 l,
653 1535 702 1599 13.
727 1534 843 1623 Neque
877 1542 949 1600 erat
977 1534 1105 1600 Galbae
1133 1536 1290 1623 ignota...
1317 1533 1428 1600 Credo
1460 1544 1495 1602 et
1517 1536 1560 1601 rei

330 1641 485 1731 publicae
513 1666 628 1707 euram
662 1641 806 1718 subisse,
838 1642 962 1708 lrustra
991 1667 1009 1708 a
1044 1642 1176 1708 Nerone
1202 1641 1399 1716 translatae,
1421 1643 1452 1708 si
1475 1642 1562 1731 apud

328 1749 494 1815 Othonem
511 1748 767 1836 relinqueretur.
782 1749 936 1838 Namque
952 1750 1082 1817 Otho...
1101 1749 1363 1816 adulescentiam
1372 1750 1562 1838 petulanter

327 1863 453 1944 egerat,
472 1864 589 1943 gratus
611 1856 736 1921 Neroni
770 1857 995 1922 aemulatione
1020 1857 1163 1924 luxus...
1196 1858 1327 1924 Otho...
1345 1881 1441 1945 spem
1463 1858 1561 1945 adop·

328 1965 430 2030 tionis
450 1965 565 2029 statim
586 1972 783 2052 conceptam
806 1965 916 2030 acrius
932 1965 966 2029 in
988 1966 1060 2030 dies
1086 1964 1251 2053 rapiebat,
1272 1964 1467 2030 laventibus
1492 1966 1560 2053 ple·

325 2073 438 2159 risque
458 2071 617 2152 militum,
633 2095 737 2160 prona
754 2073 788 2137 in
804 2095 879 2138 eum
894 2072 971 2137 aula·
986 2073 1143 2156 Neronis,
1162 2080 1199 2138 ut
1219 2072 1376 2152 similem.
1394 2109 1438 2124 -
1456 2073 1483 2151 l,
1509 2072 1557 2138 16.

326 2177 452 2265 (Verba
470 2178 549 2245 lacit
562 2180 652 2267 apud
668 2180 825 2244 Pisonem
841 2180 1053 2245 Licinianum
1069 2179 1192 2266 Galba)
1224 2208 1240 2241 a
1259 2181 1312 2246 Sit
1339 2188 1419 2244 ante
1445 2179 1559 2246 oculos

327 2286 427 2365 Nero,
450 2310 550 2375 quem
571 2287 671 2375 longa
693 2286 875 2353 Caesarum
896 2289 981 2353 serie
1004 2295 1190 2353 tumentem
1214 2310 1282 2352 non
1317 2285 1450 2351 Vindex
1486 2311 1560 2352 cum

327 2395 447 2459 inenni
465 2395 637 2482 provincia
654 2403 712 2460 aut
725 2418 787 2481 ego
804 2419 880 2459 cunr
910 2419 976 2460 una
1004 2395 1148 2480 legione,
1179 2394 1238 2459 sed
1272 2417 1333 2459 sua
1352 2393 1558 2466 immanitas,

328 2526 387 2567 sua
418 2503 551 2567 luxuria
582 2501 770 2567 cervicibus
803 2502 949 2589 publicis
969 2501 1319 2590 depulerunt...Nero
1358 2524 1377 2566 a
1415 2502 1560 2589 pessimo

327 2632 460 2696 quoque
477 2632 609 2695 semper
624 2608 911 2676 desiderabitur...
930 2639 944 2668 a
963 2648 1003 2658 —
1020 2611 1046 2686 l,
1066 2632 1120 2674 20.
1139 2609 1196 2673 Bis
1217 2616 1251 2674 et
1273 2609 1403 2674 viciens
1429 2607 1561 2674 miliens

329 2717 523 2780 sestertium
543 2715 782 2781 donationibus
799 2717 886 2782 Nero
907 2717 1111 2783 elluderat...
1129 2718 1181 2782 Ac
1197 2725 1309 2782 tamen
1329 2715 1459 2802 grande
1480 2739 1561 2803 gau-

328 2822 431 2900 dium,
451 2823 541 2911 quod
567 2831 636 2889 tam
663 2847 828 2912 pauperes
857 2825 979 2900 serent,
1002 2825 1126 2913 quibus
1146 2824 1305 2888 donasset
1329 2823 1431 2898 Nero,
1461 2846 1561 2912 quam

327 2928 450 3017 quibus
464 2929 670 2997 abstulisset.
684 2969 728 2982 —
742 2933 768 3005 l,
793 2956 845 2999 αι.
864 2933 1074 2998 Othonem...
1087 2931 1220 2998 multa..
1252 2928 1559 2996 exstimulabant...

328 3036 491 3123 Fingebat
517 3046 550 3103 et
573 3047 712 3119 metum,
740 3063 806 3128 quo
836 3041 945 3126 magis
976 3040 1259 3128 concupisceret:
1283 3060 1506 3127 praegravem
1527 3059 1560 3102 se

327 3142 452 3209 Neroni
477 3144 591 3224 luisse,
615 3169 674 3210 nec
694 3147 901 3212 Lusitaniam
918 3171 1035 3211 rursus
1055 3154 1088 3212 et
1108 3146 1246 3211 alterius
1267 3144 1378 3210 exsilii
1399 3144 1561 3211 honorem

326 3254 605 3339 exspectandum.
620 3253 702 3328 -l,
720 3277 772 3318 αα.
792 3255 905 3319 lntimi
926 3254 1124 3319 libertorum
1140 3275 1424 3340 servorumque...
1448 3251 1559 3317 aulam

327 3360 469 3424 Neronis
506 3369 538 3424 et
568 3361 680 3432 luxus,
713 3362 889 3436 adulteria,
920 3362 1132 3427 matrimonia
1158 3369 1353 3447 ceterasque
1379 3382 1560 3445 regnorum

326 3466 482 3531 libidines
515 3469 668 3548 pallioni)
696 3469 795 3531 avide
831 3469 987 3533 talium...
1023 3468 1313 3555 (ostentabant)...
1346 3465 1562 3532 Ptolemaeus

326 3575 624 3661 (imithematieus),
648 3577 771 3640 Othoni
794 3578 825 3640 in
844 3577 1004 3662 llispania
1027 3600 1195 3645 eomes...
1211 3575 1464 3662 superfuturum
1486 3597 1561 3640 eum

327 3683 450 3747 Neroni
470 3683 711 3769 (promiserat).
736 3722 777 3731 —
803 3684 827 3752 l,
857 3684 909 3748 25.
938 3685 1042 3748 lirant
1065 3683 1367 3769 (praetorianorum
1398 3680 1560 3766 militum)

326 3814 411 3877 (pres
427 3792 585 3854 memoria
600 3790 743 3854 Neronis
758 3815 795 3855 ae
811 3791 1014 3856 desidminni
1038 3791 1158 3877 prioris
1177 3790 1331 3854 licentiae
1347 3788 1558 3854 accenderet.

325 3935 367 3946 -
388 3898 411 3968 l,
431 3897 482 3960 lto.
498 3898 624 3981 (l'erba
642 3899 720 3962 l'aeit
742 3899 819 3961 l'isa
837 3900 1030 3964 Licinianus
1047 3898 1134 3985 apud
1160 3897 1391 3984 praetorianos
1419 3896 1560 3981 milites)

328 4029 343 4066 a
365 4003 508 4067 litNere
531 4029 744 4091 querqueras
773 4006 939 4085 destituit,
971 4029 1038 4069 non
1066 4029 1127 4068 ros
1159 4005 1339 4070 Neronem.
1360 4033 1433 4063 »·-
1454 4004 1480 4080 l,
1503 4005 1557 4069 31.

327 4111 522 4177 Germanica
569 4111 734 4177 vexilla...
772 4137 790 4175 a
824 4113 957 4177 Nerone
991 4112 1234 4176 Alexandriam
1263 4111 1493 4198 (praeniissa).
1517 4149 1561 4158 —

329 4218 353 4284 l.
375 4220 427 4304 37.
451 4248 465 4275 a
494 4220 902 4305 SeptemaNeronisline
921 4244 1054 4285 menses
1082 4229 1173 4292 sunt,
1196 4227 1229 4283 el
1251 4220 1318 4283 iam
1342 4218 1419 4306 plus
1449 4221 1561 4307 rapuit

328 4325 477 4390 leelns...
504 4355 517 4383 a
544 4325 691 4401 -1,.46.
715 4326 834 4391 t'hnnia
862 4328 951 4414 (post
980 4328 1115 4392 caedent
1142 4326 1284 4411 Galbae)
1306 4325 1444 4390 arbitrio
1471 4329 1561 4391 mili-

328 4441 398 4495 tum
420 4443 535 4498 aeta...
554 4431 634 4495 t'rbi
656 4433 808 4497 Flavium
830 4435 993 4498 Sabinum
1010 4434 1211 4522 praefecere,
1231 4433 1391 4497 iudicium
1416 4432 1561 4498 Neronis

328 4541 443 4613 secuti,
462 4539 523 4603 sub
540 4563 606 4627 quo
622 4540 773 4604 eamdem
791 4565 903 4606 curam
915 4541 1117 4607 obtinuerat.
1137 4578 1173 4588 —
1189 4542 1214 4608 l,
1232 4541 1284 4616 48.
1301 4541 1436 4604 Fratres
1452 4541 1561 4628 (Piso-

327 4647 378 4709 nis
398 4647 751 4734 1.tcinianit.ttaguam
769 4648 941 4716 Claudius,
965 4649 1125 4714 Crassum
1141 4648 1229 4712 Nero
1251 4648 1502 4712 interfecerant.
1517 4685 1562 4698 -

327 4753 351 4828 l,
380 4756 432 4840 tq.
451 4754 659 4836 (Patrobius)
675 4754 856 4821 libertus...
875 4756 1018 4820 Neronis
1034 4757 1171 4843 punitus
1191 4779 1208 4818 a
1230 4755 1338 4820 Galba
1365 4754 1486 4821 luerat.
1517 4793 1560 4804 —

327 4860 352 4930 l.
381 4861 433 4923 51.
471 4861 603 4924 lnlensa
632 4862 784 4948 (Galbae)
821 4863 1058 4947 Lugdunensis
1091 4863 1222 4927 colonia
1247 4872 1280 4927 et
1304 4862 1468 4949 pertinaci
1499 4885 1560 4949 pro

325 4966 458 5030 Nerone
486 4967 560 5033 lide.
583 5007 624 5018 -
646 4969 742 5039 l,;’›3.
785 4969 853 5032 Nec
886 4969 1024 5035 deerant
1057 4972 1090 5034 in
1117 4970 1314 5057 (superioris
1343 4970 1560 5059 Germaniae)
