3709 6234
396 887 451 947 7⁴8
928 895 958 945 lt.
982 891 1146 945 vlrrtttn's

440 1034 517 1100 nius
562 1035 738 1101 Primus.
777 1033 1027 1100 festinationem
1056 1034 1139 1122 ipsis
1166 1034 1297 1114 utilem,
1328 1031 1464 1100 vitellio
1502 1034 1692 1099 exitiosam

441 1143 642 1209 disseruit...
670 1142 810 1230 Equites
835 1166 915 1207 vero
939 1166 979 1207 ne
1000 1150 1070 1207 tum
1098 1142 1235 1231 quidem
1258 1141 1376 1220 victos,
1397 1140 1457 1205 sed
1473 1164 1691 1230 quamquam

440 1249 541 1315 rebus
556 1249 708 1314 adversis
719 1249 893 1314 disiectam
910 1248 1038 1314 Vitellii
1054 1250 1200 1315 aciem...
1221 1277 1236 1308 «
1252 1250 1320 1313 lam
1336 1254 1520 1313 reseratam
1533 1247 1686 1318 ltaliam.

441 1357 606 1445 impulsas
635 1356 762 1422 l'itellii
797 1380 849 1421 res
876 1356 1029 1423 audietis
1064 1381 1081 1420 ιι
1113 1356 1293 1432 -111.4.
1318 1354 1513 1442 (Cornelius
1539 1354 1690 1440 Fuscus)

441 1486 577 1551 quoque
603 1461 824 1527 inclementer
852 1462 885 1525 in
915 1461 1088 1527 Vitellium
1112 1461 1224 1526 invehi
1252 1459 1373 1526 solitus
1400 1459 1482 1526 nihil
1514 1462 1591 1549 spei
1623 1461 1688 1527 sibi

440 1572 527 1634 inter
548 1569 688 1634 adversa
713 1569 906 1657 reliquerat.
934 1570 1093 1657 Tampius
1111 1568 1334 1635 Flavianus...
1358 1568 1571 1656 suspiciones
1594 1568 1686 1634 mili-

441 1689 512 1742 tum
530 1675 701 1756 inritabat,
721 1684 892 1765 tamquam
921 1675 1106 1742 adfinitatis
1125 1699 1202 1741 cum
1227 1674 1364 1740 Vitellio
1390 1676 1619 1741 meminisset.
1645 1716 1685 1728 -

442 1784 503 1864 ΙΙΙ,
532 1786 562 1849 5.
591 1783 716 1849 infesta
739 1784 871 1859 llaetia,
892 1785 947 1849 cui
974 1784 1114 1848 Porcius
1133 1783 1342 1872 Septiminus
1369 1790 1567 1871 procurator
1597 1790 1683 1856 crat,

439 1892 653 1979 incorruptae
682 1914 760 1978 erga
793 1890 970 1955 Vitellium
1003 1889 1092 1956 tidei.
1130 1931 1172 1940 -
1204 1890 1266 1968 ΙΙΙ,
1298 1892 1330 1955 8.
1365 1890 1472 1957 Simul
1509 1889 1682 1955 coloniam

441 1999 638 2088 (Veronam)
671 1998 777 2086 copiis
802 1996 951 2062 validam
981 1997 1111 2062 auferre
1141 1997 1277 2062 vitellio
1315 1997 1348 2061 in
1384 2020 1454 2062 rem
1484 1996 1683 2086 famamque

439 2105 657 2170 videbatur...
703 2106 964 2193 (Vespasianus)
1004 2103 1209 2171 adiciebat...
1250 2104 1390 2192 imperio
1439 2103 1680 2171 consilium...

439 2237 540 2302 posse
593 2212 721 2278 Vitellii
767 2213 953 2278 exercitum
990 2220 1139 2299 egestate
1178 2211 1336 2299 stipendii
1374 2211 1604 2301 frumentique
1640 2212 1682 2276 ad

440 2320 645 2386 deditionem
678 2319 801 2406 subigi.
836 2358 879 2368 -
906 2319 966 2396 ΙΙΙ,
994 2344 1026 2409 9.
1059 2319 1128 2406 (nd
1158 2318 1350 2405 Flavianos)
1387 2319 1479 2384 misit
1515 2318 1682 2407 epistulas

445 2428 646 2503 Caccina...,
673 2426 801 2492 Vitellii
822 2426 954 2491 modica
979 2435 1011 2492 et
1039 2426 1172 2513 vulgari
1194 2425 1377 2506 mentione,
1395 2425 1488 2491 nulla
1504 2427 1539 2491 in
1555 2427 1682 2513 l'espa·

448 2536 580 2601 sianum
599 2534 845 2600 contumelia...
865 2534 1101 2598 limianorum
1125 2533 1270 2621 partium
1295 2531 1439 2601 duces...
1469 2556 1530 2621 pro
1553 2532 1680 2621 Vespa·

448 2644 542 2708 siano
571 2643 806 2729 magnifice...
838 2642 871 2706 in
908 2641 1083 2706 Vitellium
1113 2650 1150 2706 ut
1181 2639 1308 2705 inimici
1346 2642 1562 2729 rescripsere,
1593 2640 1681 2705 facta

442 2750 588 2817 tribunis
613 2748 934 2836 centurionibusque
956 2748 1134 2829 retinendi,
1155 2772 1242 2836 quae
1274 2748 1430 2813 Vitellius
1463 2747 1677 2821 indulsisset.

444 2881 544 2946 spe...
568 2858 741 2922 Recitatae
757 2880 816 2944 pro
840 2857 996 2920 contione
1021 2855 1186 2943 epistulae
1209 2856 1367 2922 addidere
1390 2855 1561 2936 fiduciam,
1588 2855 1679 2945 quod

445 2964 612 3030 submisse
637 2964 792 3041 Caecina,
816 2964 908 3028 velut
932 2963 1099 3029 offendere
1115 2963 1359 3051 Vespasianum
1375 2958 1509 3043 timens,
1527 2963 1680 3051 ipsorum

442 3075 545 3138 duces
560 3072 792 3159 contemptim,
816 3080 989 3159 tamquam
1008 3070 1211 3137 insultantes
1232 3071 1368 3138 Vitellio
1388 3070 1617 3159 scripsissent.
1639 3109 1681 3122 -

441 3180 501 3260 ΙΙΙ,
523 3203 573 3245 ιο.
591 3179 641 3245 lra
659 3179 805 3243 militum
818 3178 851 3241 in
875 3178 1054 3266 Tampium
1079 3177 1278 3243 Flavianum
1299 3178 1452 3243 incubuit
1472 3201 1513 3256 ..;
1539 3178 1680 3266 propin·

442 3311 546 3375 quum
563 3286 591 3341 V
595 3285 702 3356 itellii.
723 3285 928 3373 proditorem
945 3285 1100 3366 Othonis,
1117 3286 1376 3374 interceptorem
1393 3285 1544 3350 donativi
1560 3285 1679 3350 clanii-

442 3396 570 3460 tabant.
594 3432 636 3444 -
667 3393 726 3471 ΙΙΙ,
760 3418 807 3456 ιι.
842 3394 1049 3478 Legiones...
1081 3395 1252 3480 Aponium
1281 3394 1501 3458 Saturninum
1536 3393 1679 3457 Moesici

438 3501 605 3566 exereitus
643 3501 831 3584 legatum...
873 3500 1174 3586 adgrecliantur...,
1206 3500 1353 3587 vulgatis
1390 3500 1557 3587 epistulis
1596 3524 1679 3587 quas

439 3610 642 3673 Saturninus
664 3607 706 3670 ad
730 3608 903 3671 Vitellium
925 3608 1099 3694 scripsisse
1120 3608 1328 3673 credebatur.
1352 3647 1394 3655 —
1415 3606 1474 3678 Ill.
1502 3632 1552 3671 12.
1576 3609 1625 3672 Ne
1646 3609 1679 3672 in

438 3716 565 3780 Vitellii
610 3714 745 3802 quidem
787 3716 940 3801 partibus
964 3716 1096 3802 quietae
1126 3723 1298 3780 mentes...
1331 3715 1518 3778 Trierarclri
1545 3714 1680 3802 (classis

439 3822 664 3907 llavennatis)
684 3846 815 3906 magun
833 3822 981 3886 tunaultu
1010 3823 1136 3886 l'itellii
1161 3823 1326 3908 imagines
1351 3821 1526 3886 invadunt.
1554 3860 1597 3872 -
1618 3823 1677 3893 ΙΙΙ.

444 3932 492 3995 13.
529 3929 671 3994 Caecina
704 3930 848 4014 (voeatis
881 3929 913 3992 in
949 3930 1113 4015 principia
1140 3929 1343 4017 primoribus
1373 3931 1611 3994 centurionum
1646 3938 1679 3994 et

437 4038 552 4124 paucis
572 4035 774 4118 militum)...
802 4036 914 4099 omnia
938 4036 978 4100 de
1000 4036 1136 4100 l'itellio
1158 4037 1190 4100 ιιι
1217 4036 1365 4101 deterius
1386 4036 1562 4122 (disseriti.
1596 4038 1678 4101 llox

438 4146 564 4229 (eost...
594 4144 628 4205 in
660 4142 758 4205 verba
789 4143 987 4228 Vespasiani
1019 4144 1142 4228 adigit,
1181 4143 1282 4207 simul
1330 4145 1494 4230 imagines
1545 4145 1679 4210 Vitellii

438 4252 637 4338 dereptae...
660 4248 726 4313 sed
757 4249 813 4313 ubi
846 4251 926 4315 totis
947 4250 1065 4314 castris
1088 4252 1121 4314 in
1149 4251 1236 4314 fama
1258 4251 1415 4338 proditio,
1442 4275 1620 4316 recurrens
1646 4254 1679 4315 in

439 4358 600 4447 principia
613 4356 751 4422 miles...
772 4357 935 4443 proiectas
953 4357 1079 4421 l'itellii
1094 4358 1222 4444 efligies
1238 4358 1405 4445 adspexit,
1420 4366 1555 4422 vastum
1569 4361 1680 4446 primo

439 4466 622 4540 silentium,
638 4488 714 4526 nrox
726 4472 846 4527 cuneta
865 4464 964 4527 simul
988 4473 1210 4552 erumpunt...
1225 4502 1266 4514 —
1284 4465 1344 4532 ΙΙΙ.
1365 4468 1412 4541 ¹li·
1432 4465 1521 4529 llaec
1538 4467 1679 4551 singuli,

439 4573 517 4636 llaec
533 4572 723 4635 universi...
741 4571 1005 4636 vociferantes...
1023 4573 1179 4657 repositis
1196 4572 1323 4636 t'iietlii
1340 4572 1546 4658 imaginibus
1566 4574 1681 4639 vinela

440 4680 602 4744 Caecinae
626 4678 779 4741 iniciunt.
806 4716 844 4727 -
870 4678 928 4752 ΙΙΙ,
956 4680 1005 4742 15.
1030 4678 1134 4742 Fidus
1151 4678 1428 4744 incumbamus
1446 4678 1680 4765 (l'alenslnec

440 4787 578 4850 militiae
590 4786 769 4870 ignarus...
788 4785 959 4849 llritannia
972 4785 1149 4873 Galliaque
1161 4794 1195 4851 et
1211 4786 1373 4873 llispania
1386 4784 1510 4850 auxilia
1521 4788 1682 4854 Vitellius

440 4895 616 4957 acciverat.
633 4932 674 4939 -
693 4891 751 4963 lll,
778 4892 829 4955 31.
852 4893 1019 4956 l‘rimores
1037 4902 1223 4958 castrorum
1241 4917 1363 4958 nomen
1389 4902 1488 4981 atquc
1513 4894 1682 4982 imagines

439 5000 565 5068 t'itellii
576 4999 792 5067 antoliuntur.
803 5039 844 5051 -—
856 4999 915 5082 ΙΙΙ,
926 5001 980 5071 35.
995 5002 1172 5070 'l'rausitus
1183 5000 1322 5095 Alpium
1335 5000 1511 5095 praesidiis
1522 5007 1682 5099 occupati
