3709 6234
305 852 340 907 36

850 858 1029 912 AGllll’PlllA

347 986 539 1067 praeturam
564 980 735 1069 impetrat,
764 989 885 1048 ...ut...
911 979 1050 1047 Domitii
1069 981 1213 1069 pueritia
1231 981 1293 1047 tali
1314 984 1481 1071 magistro
1503 984 1585 1050 ado·

345 1085 489 1153 lesceret
511 1096 546 1154 et
573 1088 723 1153 consiliis
747 1089 899 1155 eiusdem
926 1089 969 1154 ad
1002 1113 1097 1178 spem
1116 1089 1358 1156 dominationis
1392 1099 1584 1169 uterentur,

345 1194 424 1283 quia
443 1194 569 1261 Seneca
589 1194 679 1260 fidus
703 1195 737 1259 in
757 1196 982 1284 Agrippinam
1002 1196 1163 1262 memoria
1184 1195 1340 1263 beneficii
1367 1197 1584 1266 credebatur.

344 1340 389 1353 -
413 1327 463 1383 12,
486 1327 540 1369 22.
558 1303 670 1369 Atrox
689 1304 757 1369 odii
776 1304 967 1393 Agrippina
986 1327 1024 1370 ac
1040 1304 1169 1370 Lolliae
1189 1304 1334 1387 intensa,
1357 1305 1450 1397 quod
1466 1329 1587 1372 secum

344 1408 386 1474 de
401 1411 616 1476 matrimonio
631 1411 793 1501 principis
812 1413 1022 1495 certavisset,
1044 1412 1183 1478 molitur
1197 1413 1340 1479 erimina
1359 1423 1394 1480 et
1407 1422 1587 1480 accusato-

345 1541 456 1585 rem...
478 1519 660 1608 Calpurnia
680 1518 834 1584 inlustris
853 1519 979 1585 [emina
1002 1519 1218 1608 pervertitur,
1248 1520 1327 1610 quia
1345 1519 1491 1587 formam
1511 1523 1587 1588 eius

344 1626 543 1692 laudaverat
566 1628 739 1716 princeps,
761 1627 855 1694 nulla
877 1627 1030 1705 libidine,
1057 1628 1116 1693 sed
1136 1627 1275 1693 fortuito
1304 1651 1473 1712 sermone,
1490 1630 1585 1696 unde

343 1734 390 1798 iru
410 1734 620 1823 Agrippinae
640 1740 724 1801 citra
742 1736 862 1801 ultima
886 1736 994 1802 stetit.
1024 1773 1063 1785 -
1097 1760 1147 1816 12,
1170 1733 1224 1801 25.
1242 1735 1392 1825 Adoptio
1407 1736 1442 1803 in
1463 1737 1586 1803 Domi-

343 1842 428 1907 tium
456 1844 656 1909 auctoritate
679 1844 845 1910 Pallantis
873 1844 1064 1921 testinatur,
1092 1844 1149 1934 qui
1169 1842 1354 1910 obstrictus
1369 1845 1585 1936 Agrippinae

342 1949 586 2015 utconciliator
597 1951 791 2039 nuptiarum
807 1960 841 2017 et
852 1974 931 2015 mox
944 1957 1060 2039 stupro
1076 1950 1148 2016 eius
1169 1950 1373 2039 inligatus...
1391 1991 1433 2003 -
1456 1978 1509 2034 12,
1524 1955 1581 2022 26.

341 2058 498 2144 Augetur
517 2066 550 2123 et
569 2059 758 2147 Agrippina
783 2067 1010 2146 cognomento
1031 2059 1221 2146 Augustae.
1249 2098 1289 2111 -
1314 2083 1364 2136 12,
1384 2084 1438 2147 27.
1454 2060 1584 2149 Agrip-

341 2164 463 2252 pina...
481 2165 516 2229 in
535 2165 697 2254 oppidum
710 2163 887 2246 Vbiorum,
910 2166 945 2230 in
977 2187 1044 2252 quo
1057 2166 1172 2252 genita
1187 2172 1270 2245 erat,
1293 2171 1471 2232 veteranos
1486 2167 1584 2233 colo-

342 2273 499 2363 niamque
514 2273 635 2339 deduci
655 2273 825 2361 impetrat,
844 2273 897 2338 cui
911 2296 1034 2338 nomen
1050 2272 1195 2339 inditum
1210 2296 1228 2339 e
1248 2272 1414 2339 vocabulo
1427 2273 1579 2363 ipsius...

341 2380 424 2446 liam
451 2388 629 2469 gentem...
664 2404 748 2446 avus
781 2381 934 2468 Agrippa
962 2380 995 2445 in
1018 2380 1119 2446 sidem
1152 2381 1577 2473 (accepe1·at).-12,³7.

338 2491 538 2577 (Caratacus
553 2489 692 2579 eiusque
720 2490 875 2576 comites)
886 2487 1008 2553 vinclis
1028 2488 1174 2555 exsoluti
1184 2489 1411 2578 Agrippinam
1428 2512 1578 2579 quoque,

341 2597 430 2662 haud
454 2595 571 2684 procul
600 2596 665 2661 alio
692 2604 855 2684 suggestu
884 2595 1114 2684 conspicuam,
1129 2596 1238 2662 isdem
1253 2595 1376 2684 quibus
1389 2596 1580 2686 principem

339 2703 497 2769 laudibus
509 2703 729 2793 gratibusque
744 2704 896 2771 venerati
915 2712 1008 2784 sunt,
1030 2728 1157 2769 novum
1172 2727 1252 2769 sanc
1272 2710 1306 2769 et
1321 2703 1472 2770 moribus
1486 2713 1581 2772 vete·

339 2835 414 2877 rum
434 2812 620 2892 insolitum,
637 2812 798 2878 feminam
821 2812 927 2900 signis
948 2811 1111 2876 Romanis
1124 2811 1357 2900 praesidere...
1378 2799 1432 2860 -’
1445 2837 1496 2894 12,
1519 2815 1576 2891 dr.

339 2920 439 2986 Obvii
459 2922 546 2985 inter
566 2943 601 2985 se
621 2920 709 2986 Nero
731 2920 963 2986 Britannicum
982 2920 1131 3002 nomine,
1148 2918 1206 2984 ille
1233 2918 1421 2985 Domitium
1447 2919 1578 2987 saluta-

339 3051 428 3095 vere.
456 3028 555 3107 Quod
588 3037 626 3094 ut
654 3028 842 3094 discordiae
876 3028 1010 3094 initium
1043 3028 1234 3116 Agrippina
1264 3027 1373 3093 multo
1389 3036 1513 3119 questu
1533 3030 1577 3095 ad

338 3138 497 3204 maritum
518 3138 637 3204 defert.
654 3177 698 3187 -
717 3162 767 3217 12,
790 3139 844 3213 42.
866 3136 1026 3201 Nondum
1040 3144 1154 3202 tamen
1170 3158 1302 3201 summa
1317 3135 1428 3201 moliri
1448 3138 1575 3227 Agrip-

338 3246 415 3332 pina
442 3246 604 3327 audebat,
634 3246 668 3310 ni
701 3244 946 3333 praetoriarum
979 3244 1169 3309 cohortium
1199 3266 1278 3308 cura
1316 3245 1577 3312 exsolverentur

340 3353 461 3417 Lusius
471 3354 557 3418 Geta
570 3361 604 3417 et
616 3351 755 3417 Rufrius
769 3352 986 3439 Crispinus...
999 3352 1106 3417 Suum
1118 3373 1251 3439 quoque
1262 3350 1436 3440 fastigium
1447 3353 1575 3442 Agrip-

284 3521 286 3525 .
338 3462 415 3547 pinu
430 3460 592 3525 extollere
608 3460 709 3526 altius
726 3466 906 3547 :carpento
927 3459 1132 3546 Capitolium
1148 3457 1321 3547 ingredi...
1341 3457 1575 3528 Praebuisset·

335 3592 401 3657 que
425 3592 522 3633 aures
542 3571 666 3634 Caesar
690 3566 890 3656 (accusatori
922 3544 1136 3654 l..⁰t'i1ellii),
1158 3566 1223 3630 nisi
1239 3565 1451 3654 Agrippinae
1470 3569 1574 3634 minis

335 3677 443 3763 magis
462 3700 565 3765 quam
580 3675 735 3763 precibus
758 3683 907 3739 mutatus
924 3681 1055 3739 esset...
1074 3712 1116 3724 -
1142 3698 1190 3756 12,
1209 3675 1261 3740 56.
1286 3673 1361 3762 lpse
1375 3674 1572 3766 (Claudius)

336 3784 460 3871 insigni
479 3784 720 3873 paludamento
744 3805 853 3871 neque
883 3781 1001 3869 procul
1026 3781 1216 3870 Agrippina
1255 3780 1434 3868 chlamyde
1453 3792 1570 3851 aurata

334 3891 530 3979 praesedere
554 3891 682 3979 (navali
707 3891 855 3978 proelio).
892 3929 935 3941 -—
969 3914 1018 3966 12,
1053 3888 1107 3978 57.
1138 3889 1327 3978 Agrippina
1347 3889 1568 3980 trepidatione

335 3999 496 4088 principis
516 4022 576 4063 usa
596 3998 789 4063 ministrum
813 3997 923 4086 operis
952 3996 1148 4062 Narcissum
1171 3995 1304 4061 incusat
1330 3997 1499 4085 cupidinis
1532 4024 1566 4066 aa

334 4107 545 4196 praedarum.
579 4145 622 4158 -
656 4130 705 4186 12,
728 4105 781 4193 59.
804 4104 968 4170 Claudius
1001 4104 1197 4169 saevissima
1229 4127 1383 4193 quaeque
1415 4128 1564 4194 promer<

334 4213 533 4302 adigebatur
552 4213 704 4278 eiusdem
732 4212 940 4301 Agrippinae
960 4213 1100 4293 artibus,
1123 4234 1209 4300 quae
1228 4211 1400 4278 Statilium
1420 4213 1561 4281 Tauron:

333 4321 454 4412 opibus
469 4322 646 4387 inlustrem
661 4321 768 4386 hortis
777 4321 849 4386 eius
864 4320 998 4385 inhians
1014 4320 1186 4409 pervertit,
1203 4328 1383 4386 accusante
1394 4319 1559 4410 Tarquiti1

334 4430 489 4496 Prisco...
515 4429 710 4519 'l'arquitius
740 4437 851 4494 tamen
870 4429 962 4495 curia
983 4437 1122 4494 exactus
1142 4436 1205 4511 est,
1236 4428 1328 4517 quod
1355 4431 1557 4517 patresodi1

332 4537 492 4604 delatoris
524 4544 639 4602 eontra
664 4536 829 4602 ambitum
861 4538 1071 4627 Agrippinae
1099 4537 1280 4625 pervicere.
1306 4573 1351 4588 -
1381 4556 1431 4617 12,
1454 4537 1510 4618 61.
1527 4538 1555 4604 lr

331 4646 509 4734 praecipuo
538 4668 662 4733 pavore
688 4644 890 4733 Agrippina,
923 4668 1040 4711 vocem
1068 4644 1212 4724 Claudii,
1234 4667 1338 4733 quam
1357 4645 1552 4712 temulento:

330 4755 465 4835 iecerat,
497 4752 597 4818 fatale
627 4752 691 4817 sibi
716 4758 756 4817 ut
774 4751 956 4839 coniugum
986 4751 1112 4839 tlagitia
1148 4751 1259 4833 ferret,
1295 4751 1373 4818 dein
1415 4753 1550 4840 puniret

328 4868 494 4940 metuens,
529 4883 627 4946 agere
647 4868 680 4924 et
704 4860 849 4926 celerare
864 4860 1025 4926 statuit...
1049 4859 1226 4948 (Domitia)
1247 4859 1416 4948 Lepida...
1438 4859 1548 4950 Agrip

326 4969 425 5058 pinae
453 4968 589 5034 sobrina
622 4968 758 5057 propior
789 4991 828 5033 ac
858 4968 966 5033 Gnaei
999 4967 1110 5033 mariti
1144 4967 1216 5033 eius
1240 4990 1346 5046 soror,
1367 4989 1484 5055 parem
1499 4967 1547 5035 sih
