3709 6234
231 488 255 540 12
713 489 845 541 stnt'tt's
864 488 972 542 GALBA

247 654 324 696 nem
340 630 535 720 cultumque
555 630 627 695 eius
648 629 798 695 miserat.
824 666 867 679 -
896 630 922 709 Ι,
946 654 995 694 rr.
1013 629 1075 695 llic
1095 629 1159 697 luit
1179 655 1290 697 rerum
1305 632 1475 697 Romana·

246 763 320 804 rum
346 747 467 814 status,
498 762 572 803 cum
607 737 745 803 Servius
775 736 884 803 Galba
913 737 1048 817 iterum,
1078 737 1175 803 Titus
1190 738 1310 803 Vinius
1324 737 1484 804 eonsules

245 846 445 912 inchoavere
461 869 588 911 annum
605 844 670 909 sibi
680 843 853 923 ultimum,
868 845 915 909 rei
929 843 1084 933 publicae
1099 868 1203 932 prope
1216 868 1428 933 supremum.
1440 882 1485 895 -

246 953 272 1035 1,
293 978 342 1019 ια.
354 953 540 1019 Maturavit
554 952 750 1041 (superioris
761 952 963 1017 Germaniae
972 951 1144 1040 legionum
1152 951 1288 1041 seditio)
1302 952 1484 1019 consilium

244 1062 383 1141 Galbae,
415 1062 480 1125 iam
514 1060 644 1148 pridem
664 1059 705 1125 de
731 1059 913 1147 adoptione
944 1082 1059 1125 secum
1087 1068 1122 1125 ct
1138 1082 1215 1125 cum
1230 1060 1396 1148 proximis
1411 1060 1483 1148 agi-

244 1170 359 1234 tantis.
383 1168 459 1232 Non
480 1191 560 1232 sane
587 1166 736 1232 crebrior
762 1174 834 1232 tota
852 1166 990 1232 civitate
1015 1190 1126 1232 sermo
1153 1191 1213 1255 per
1235 1167 1313 1232 illos
1347 1191 1484 1235 menses

245 1277 364 1354 luerat,
391 1276 538 1364 primum
559 1326 596 1351 ..,
627 1274 705 1339 dein
735 1274 821 1339 lessa
850 1273 916 1340 iam
947 1281 1056 1339 aetate
1083 1272 1253 1341 Galbae...
1282 1274 1427 1341 llianbcs
1448 1276 1483 1341 in

243 1406 366 1469 magna
388 1383 521 1447 fortuna
545 1382 729 1446 amicorum
752 1380 955 1469 cupiditates
976 1382 1049 1470 ipsa
1068 1379 1196 1446 Galbae
1212 1380 1357 1448 facilitas
1371 1381 1483 1448 inten-

243 1489 357 1568 debat,
389 1514 465 1554 cum
493 1488 583 1578 apud
609 1489 780 1554 intirmum
796 1496 830 1554 et
844 1488 1020 1555 credulum
1051 1489 1182 1554 minore
1196 1497 1290 1555 metu
1305 1496 1340 1555 et
1354 1490 1483 1556 maiore

241 1598 391 1685 praemio
408 1605 613 1684 peccaretur.
630 1636 670 1648 -
685 1596 711 1677 l,
728 1596 777 1663 13.
791 1596 947 1662 Potentia
963 1596 1174 1684 principatus
1185 1595 1295 1662 divisa
1313 1596 1348 1662 in
1368 1597 1483 1664 Titum

244 1704 435 1783 Vinium...,
453 1703 649 1769 Cornelium
674 1705 884 1773 Laconem...
902 1703 972 1768 Nec
991 1704 1102 1769 minor
1115 1704 1224 1791 gratia
1244 1704 1332 1770 lcelo
1351 1704 1482 1771 Galbae

242 1811 404 1878 liberto...
422 1810 539 1900 Neque
555 1820 627 1877 erat
642 1810 771 1876 Galbae
786 1811 901 1897 ignota
916 1810 1061 1877 Othonis
1081 1833 1119 1876 ac
1132 1810 1198 1877 Titi
1213 1810 1304 1877 Vinii
1316 1812 1478 1879 amicitia.

240 1957 282 1968 -
304 1919 329 1997 Ι,
353 1921 402 1996 sd.
421 1917 487 1983 Sed
503 1917 624 1990 Galba.
646 1925 723 2005 post
743 1918 880 1983 nuntios
900 1917 1367 1999 Germanicaeseditionis...,
1388 1917 1480 2008 quod

240 2026 426 2092 remedium
464 2025 601 2090 unicum
621 2025 770 2107 rebatur,
797 2025 932 2091 comitia
959 2025 1091 2113 imperii
1116 2025 1287 2113 transigit.
1309 2063 1352 2076 -
1373 2025 1401 2106 Ι,
1427 2024 1478 2093 ι5.

241 2135 348 2221 Igitur
360 2133 482 2213 Galba,
500 2132 709 2221 adprehensa
735 2133 868 2197 Pisonis
893 2156 1007 2214 manu,
1030 2133 1065 2197 in
1080 2132 1170 2199 hunc
1187 2132 1325 2198 modum
1344 2132 1480 2198 locutus

240 2241 356 2307 lertur.
370 2280 402 2290 -
417 2241 442 2318 Ι,
462 2240 511 2305 ι6.
527 2239 688 2306 EtGalba
702 2239 838 2328 quidem
853 2240 935 2304 haec
945 2263 983 2304 ac
999 2238 1092 2319 talia,
1102 2247 1277 2328 tamquam
1292 2239 1479 2329 principem

240 2348 405 2414 laceret...
417 2385 459 2397 -
476 2347 502 2429 Ι,
525 2350 573 2413 18.
590 2346 816 2413 Observatum
837 2347 871 2412 id
898 2348 1086 2436 antiquitus
1114 2346 1262 2412 comitiis
1280 2346 1479 2413 dirimendis

240 2479 307 2520 non
328 2456 447 2521 terruit
466 2453 622 2532 Galbam,
640 2478 707 2543 quo
722 2455 833 2519 minus
848 2455 883 2519 in
896 2463 1006 2520 eastra
1027 2462 1194 2543 pergeret,
1209 2461 1478 2544 contemptorem

208 2568 213 2576 ’
240 2562 359 2627 talium
388 2569 426 2627 ut
457 2561 686 2643 fortuitorum,
717 2585 777 2627 seu
807 2584 893 2649 quae
927 2562 995 2627 lato
1023 2560 1301 2640 manent...-l,
1324 2585 1375 2651 rq.
1398 2560 1480 2628 lnde

243 2669 332 2758 apud
347 2677 502 2735 senatum
516 2692 584 2734 non
598 2669 765 2757 comptior
780 2668 921 2747 Galbae,
938 2692 1006 2734 non
1017 2669 1151 2756 longior
1164 2691 1268 2758 quam
1288 2669 1379 2758 apud
1392 2667 1479 2734 mili-

242 2785 309 2842 tem
324 2800 470 2843 sermo...
488 2777 606 2864 Legati
618 2800 753 2865 quoque
774 2775 827 2857 (ad
841 2775 1081 2842 Germanicum
1092 2777 1276 2842 exercitum
1292 2775 1477 2865 mittendi),

240 2907 318 2949 nam
333 2891 471 2950 senatus
484 2883 681 2949 electionem
695 2882 823 2949 Galbae
838 2883 1080 2972 permiserat...
1092 2923 1133 2935 —-
1152 2883 1178 2963 Ι,
1197 2907 1251 2949 21.
1264 2881 1476 2950 Othonem...

242 2992 347 3058 multa
368 2991 468 3056 simul
489 2990 813 3068 exstimulabant...
850 2991 883 3055 in
917 2988 1062 3055 Galbam
1096 2989 1145 3056 ira
1164 3039 1186 3056 ..
1210 2990 1355 3056 Proinde
1372 2971 1478 3080 agen·

241 3099 322 3164 dum
341 3098 614 3187 audendamque,
643 3097 723 3163 dum
752 3097 881 3163 Galbae
909 3098 1093 3163 auctoritas
1120 3099 1223 3180 ssuxa,
1245 3096 1380 3163 Pisonis
1395 3121 1477 3164 non·

239 3207 320 3271 dum
352 3206 545 3272 coaluisset.
582 3204 667 3286 -Ι,
691 3231 744 3272 22.
764 3204 979 3272 Ptolemaeus
996 3206 1327 3293 mathematicus)...
1345 3206 1477 3273 coniec-

241 3323 314 3379 tura
333 3366 355 3381 ..
373 3323 406 3380 et
426 3337 559 3379 rumore
575 3314 707 3378 senium
727 3312 856 3378 Galbae
872 3320 905 3379 et
919 3312 1092 3379 iuventam
1113 3313 1256 3380 Othonis
1280 3322 1477 3402 computan-

242 3423 327 3487 tium
357 3430 571 3510 persuaserat
604 3421 673 3487 lore
702 3430 737 3486 ut
767 3422 800 3486 in
833 3421 1012 3509 imperium
1040 3421 1298 3488 adscisceretur.
1317 3459 1354 3472 -
1375 3421 1474 3504 l,23.

238 3529 355 3616 (Otho)
383 3529 494 3594 studia
518 3529 664 3594 militum
697 3529 764 3593 ianr
784 3528 958 3616 pridem...
989 3529 1273 3604 adfectaverat...,
1295 3528 1476 3595 inserendo

241 3638 374 3725 saepius
393 3637 562 3725 querellas
576 3647 608 3702 et
624 3636 801 3723 ambiguos
813 3636 854 3701 de
874 3637 984 3702 Galba
1003 3660 1185 3702 sermones.
1210 3675 1252 3686 —
1274 3637 1299 3714 Ι,
1311 3639 1365 3713 24.
1383 3636 1476 3702 Mae-

241 3746 315 3809 vius
335 3743 525 3820 l'udens...,
541 3746 699 3833 quotiens
718 3743 827 3809 Galba
843 3744 933 3833 apud
948 3744 1115 3810 Othonem
1129 3744 1333 3831 epularetur,
1345 3744 1475 3810 cohorti

239 3849 399 3915 excubias
418 3852 531 3937 agenti
548 3852 673 3916 viritim
694 3858 854 3916 centenos
889 3874 1045 3916 nummos
1068 3849 1280 3940 (dividebat).
1306 3888 1349 3900 -
1380 3850 1407 3933 Ι,
1420 3850 1472 3918 26.

239 3957 457 4045 Erumpentis
497 3958 672 4023 seditionis
709 3958 871 4031 indicia...
901 3958 1067 4047 quaedam
1104 3957 1194 4046 apud
1230 3957 1357 4023 Galbae
1377 3982 1475 4026 aures

238 4065 429 4152 praelectus
457 4064 544 4129 Laco
573 4064 686 4134 clusit.
717 4106 753 4114 -
775 4065 800 4146 l,
820 4090 872 4152 27.
898 4064 1111 4131 Sacrilicanti
1131 4089 1191 4152 pro
1207 4065 1289 4130 aede
1303 4065 1475 4154 Apollinis

238 4170 366 4237 Galbae
393 4172 563 4259 haruspex
594 4170 783 4237 Vmbricius
812 4174 921 4238 tristia
937 4180 1015 4238 exta
1035 4180 1068 4238 et
1095 4173 1261 4238 instantes
1281 4173 1422 4239 insidias
1437 4196 1474 4239 ac

237 4278 462 4344 domesticum
477 4279 607 4344 hostem
622 4280 797 4365 praedicit.
809 4320 851 4328 -
868 4279 895 4359 Ι,
914 4306 968 4369 29.
994 4280 1137 4368 Ignarus
1157 4280 1292 4345 interim
1317 4279 1427 4347 Galba
1441 4287 1476 4347 et

238 4386 341 4451 sacris
368 4388 520 4451 intentus
549 4386 713 4473 fatigabat
742 4386 842 4454 alieni
860 4387 926 4452 iam
947 4388 1079 4476 imperii
1097 4388 1221 4453 deos...
1240 4387 1475 4454 Consultanti·

238 4492 300 4558 bus
315 4493 443 4580 placuit
457 4494 674 4581 pertemptari
692 4494 842 4559 animum
862 4494 1022 4571 cohortis,
1049 4518 1135 4583 quae
1155 4493 1189 4559 in
1205 4493 1333 4559 l'alatio
1355 4495 1475 4561 statio-

237 4624 314 4665 nem
351 4599 485 4688 agebat,
519 4623 579 4665 nec
608 4625 666 4689 per
693 4602 803 4689 ipsum
825 4601 981 4684 Galbam,
1012 4602 1108 4667 cuius
1135 4602 1265 4688 integra
1290 4603 1475 4670 auctoritas
