3709 6234
363 832 417 886 fita
939 837 1071 890 senens

410 986 493 1045 tuin.
513 1018 554 1030 —
571 1005 602 1045 α.
621 1004 674 1069 79.
697 979 833 1046 Sentius
846 980 961 1044 Pisoni
978 1002 1037 1066 per
1050 978 1181 1044 litteras
1195 979 1304 1067 aperit
1317 977 1464 1063 (sextam
1480 973 1668 1060 legionem

411 1110 429 1149 a
446 1087 593 1152 llomitio
610 1087 731 1152 lrustra
747 1089 962 1175 temptatam)
977 1095 1171 1174 monetque,
1191 1110 1231 1151 ne
1246 1093 1356 1150 castra
1375 1078 1662 1170 corruptoribus,

411 1217 453 1258 ne
465 1195 673 1282 provinciam
683 1194 774 1259 bello
789 1203 1024 1282 temptet...-
1037 1219 1067 1273 2,
1082 1194 1136 1262 80.
1151 1194 1272 1260 Piso...
1289 1191 1478 1259 testabatur
1493 1187 1562 1275 (se)
1580 1209 1667 1274 pro-

411 1302 563 1367 vincia...
582 1303 698 1380 arceri,
714 1325 781 1365 non
800 1325 818 1365 a
839 1300 1086 1388 legionilrus...,
1105 1302 1163 1366 sed
1182 1325 1200 1366 a
1217 1301 1333 1368 Sentio
1349 1300 1519 1388 privatum
1533 1294 1662 1359 odium

412 1408 506 1473 salsis
521 1408 718 1473 criminibus
743 1416 887 1496 tegente.
908 1445 954 1458 -
985 1433 1016 1485 α,
1039 1411 1092 1476 8ι.
1125 1409 1210 1473 Turn
1235 1409 1372 1474 Sentius
1397 1425 1560 1470 occanere
1578 1424 1662 1466 cor-

413 1539 477 1581 nua
494 1516 659 1605 tubasque
674 1524 707 1581 ct
723 1516 791 1603 peti
804 1539 974 1602 aggerem,
991 1517 1074 1602 origi
1100 1515 1208 1580 scalas
1229 1516 1340 1581 iussit.
1358 1552 1399 1563 -
1414 1514 1445 1591 3,
1462 1536 1494 1599 7.
1522 1509 1660 1596 Vulga-

413 1630 483 1688 tum
498 1631 570 1688 erat
584 1624 734 1703 missam,
750 1632 787 1688 ut
802 1623 884 1699 dixi,
902 1647 921 1687 a
937 1623 999 1689 Cn.
1018 1623 1135 1689 Sentio
1160 1623 1323 1688 famosam
1342 1619 1513 1686 veneficiis
1531 1616 1659 1682 Marti-

412 1753 490 1795 nam
504 1730 615 1795 subita
629 1738 735 1794 morte
753 1730 923 1794 Brundisii
939 1731 1153 1801 exstinctam.

366 1837 647 1905 SEPTEMBER.
672 1875 716 1884 -
743 1862 774 1916 2,
799 1838 852 1901 32.
885 1836 1004 1902 Iduum
1033 1837 1283 1924 Septembrium
1303 1836 1387 1902 dies
1419 1871 1460 1885 -
1486 1834 1512 1904 l,
1530 1856 1588 1920 77.
1615 1830 1657 1894 ln

413 1945 629 2033 Septembres
650 1943 854 2031 (kalendas).
878 1984 921 1993 —
940 1946 985 2009 sl.
1004 1948 1058 2022 44.
1078 1946 1215 2010 Decimo
1232 1944 1395 2009 kalendas
1418 1938 1655 2028 Septembres

368 2051 659 2118 SEPTENTltlt).
683 2053 793 2126 -13,
818 2051 872 2116 53.
896 2052 949 2136 (L.
983 2053 1167 2138 Antistius)
1199 2052 1305 2117 Vetus
1333 2049 1511 2115 Mosellam
1550 2054 1657 2132 atque

412 2159 555 2223 Ararim
575 2159 661 2224 lacta
675 2160 762 2225 inter
778 2168 959 2246 utrumque
974 2159 1062 2224 fossa
1083 2168 1256 2225 conectere
1271 2158 1421 2246 parabat,
1440 2164 1517 2222 ut...
1535 2154 1658 2220 subla-

414 2267 498 2333 tis...
515 2267 645 2331 itineris
664 2266 920 2331 dillicultatibus
936 2266 1140 2353 navigabilia
1158 2267 1245 2332 inter
1260 2289 1295 2331 se
1305 2264 1497 2330 Occidentis
1510 2264 1657 2351 Septen-

414 2375 600 2462 trionisque
615 2373 713 2439 litora
730 2377 859 2439 tierent.

370 2481 621 2547 SEPTnssvs.
650 2520 693 2531 —
718 2506 745 2562 r,
769 2482 821 2547 32.
844 2482 1028 2569 Septimius
1055 2482 1249 2570 (centurio),
1272 2504 1348 2545 oum
1377 2479 1583 2568 perfugisset
1611 2477 1657 2541 ad

415 2588 620 2663 tribunal...
648 2612 687 2653 eo
707 2612 812 2677 usque
839 2590 1011 2675 flagitatus
1044 2596 1095 2653 est
1127 2593 1161 2675 (a
1191 2588 1361 2658 seditiosis
1375 2586 1656 2652 Germanicarum

415 2695 586 2782 legionum
605 2695 796 2782 militibus),
819 2695 925 2760 donee
942 2696 983 2760 ad
998 2696 1138 2761 exitium
1153 2696 1341 2761 dederetur.

372 2802 586 2882 SEQVANI.
608 2842 651 2851 —
671 2828 698 2883 ι,
716 2803 769 2879 34.
788 2804 1051 2870 Germanicus...
1069 2802 1244 2891 Sequanos
1259 2802 1449 2891 proximas¹
1468 2809 1501 2867 et
1522 2801 1654 2888 Belga·

416 2932 491 2973 rum
507 2910 662 2975 civitates
679 2911 711 2973 in
725 2909 825 2975 verba
839 2910 1118 2998 (Tiberii)adigit.
1135 2950 1173 2959 —
1193 2911 1224 2988 3,
1239 2910 1292 2987 45.
1306 2909 1409 2975 Silius
1429 2960 1449 2979 ..
1469 2909 1657 2996 praemissa

417 3017 571 3081 auxiliari
591 3040 693 3081 manu
708 3026 818 3082 vastat
842 3018 1076 3104 Sequanorum
1106 3041 1222 3105 pagos
1245 3018 1302 3106 qui
1326 3017 1441 3080 finium
1458 3016 1603 3081 extremi
1623 3025 1677 3080 et·

416 3123 545 3189 Aeduis
558 3125 759 3189 contermini
789 3125 937 3212 sociique
972 3126 1005 3188 in
1034 3126 1135 3190 armis
1163 3133 1271 3190 erant.
1296 3126 1385 3202 -3‚
1403 3124 1455 3200 46.
1474 3124 1656 3209 (Hortatur

417 3230 520 3296 Silius
549 3231 687 3317 milites)
718 3260 733 3292 α
757 3232 827 3296 Vna
852 3256 959 3320 nuper
987 3232 1107 3297 cohors
1132 3231 1290 3297 rebellem
1307 3232 1489 3310 Turonum,
1513 3254 1580 3295 una
1602 3230 1656 3295 ala

417 3339 604 3416 Treviruni,
626 3361 751 3426 paucae
782 3338 881 3402 liuius
904 3340 1009 3425 ipsius
1030 3340 1195 3403 exercitus
1212 3347 1340 3403 turmae
1356 3340 1577 3426 profligavere
1594 3339 1656 3403 Se-

418 3469 589 3532 quanos...
617 3475 643 3511 ».
663 3485 705 3494 —
728 3446 753 3523 l,
778 3449 829 3509 ir.
854 3447 1018 3534 Sequanis
1040 3447 1235 3534 Aeduisque
1251 3471 1289 3510 ac
1305 3446 1436 3516 deinde,
1459 3454 1559 3531 prout
1572 3469 1655 3532 opu-

418 3552 521 3617 lentia
541 3553 734 3617 civitatibus
750 3562 832 3622 erat.
861 3554 981 3617 infensi
1007 3555 1213 3640 (tlerrnanici
1234 3557 1415 3638 exercitus)
1432 3555 1657 3640 expugnatio-

418 3683 478 3723 ncs
513 3660 687 3725 urbium...
718 3661 901 3724 hauserunt
927 3662 1081 3726 animo...
1105 3701 1147 3709 -
1178 3662 1234 3731 lli,
1265 3661 1318 3747 67.
1351 3661 1454 3724 lulius
1478 3659 1653 3726 Sabinus„

419 3767 629 3854 popularium
648 3767 778 3831 turbam
809 3769 842 3830 in
869 3771 1044 3855 Sequanos
1072 3770 1170 3855 rapit.
1202 3769 1446 3832 conterminam
1481 3768 1656 3832 civitatem

419 3884 451 3940 et
468 3874 565 3937 nobis
579 3875 691 3942 lidum.
718 3899 778 3938 nee
799 3877 946 3962 Sequani
971 3876 1200 3940 detractavere
1220 3884 1400 3941 certamen.
1421 3875 1567 3938 Fortuna
1585 3899 1658 3940 rne-

419 3981 557 4045 lioribus
572 3981 694 4057 adluit,
717 3982 780 4045 lusi
809 3982 1018 4066 lingones..
1060 3984 1292 4070 Sequanorum
1314 4006 1472 4070 prospera
1485 3983 1554 4045 acie
1573 3981 1659 4047 belli

422 4090 565 4174 impetus
582 4091 686 4152 stetit.

376 4195 572 4270 'SEltAtlt
591 4195 829 4268 Sl·]lt.·)(]l‘]Nl,
858 4221 888 4259 v.
909 4198 1073 4263 Slltntll.

375 4302 576 4367 stlta-tvl&
608 4302 725 4370 —l)',
760 4308 812 4366 tn.
841 4304 866 4366 l]
882 4304 977 4390 plebe
993 4305 1222 4369 Alexandrina
1239 4305 1374 4391 qnidam
1389 4303 1560 4367 oculorum
1577 4304 1660 4370 tabe

421 4419 519 4473 notus
542 4433 651 4492 genua
680 4409 906 4495 (l'espasiani)
924 4412 1127 4490 advolvitur,
1153 4413 1336 4476 remedium
1348 4411 1517 4474 caecitatis
1533 4433 1661 4497 expos-

420 4516 648 4600 censgenritn.
672 4517 800 4579 monitu
822 4519 992 4604 Serapidis
1017 4519 1082 4588 dei,
1105 4543 1204 4606 quem
1225 4519 1336 4582 dedita
1358 4517 1661 4604 superstitionibus

421 4648 504 4709 gens
521 4631 597 4686 ante
617 4621 699 4685 alios
713 4622 803 4729 culp.
827 4663 868 4670 —
892 4625 1240 4712 ll',tl.t.'l'e1nplu1n...
1263 4633 1470 4689 exstructum
1492 4623 1662 4703 (Alexan-

409 4798 459 4849 ΙΜ
475 4815 480 4846 5
496 4815 579 4863 seque
594 4801 743 4861 prorinrns.
765 4802 792 4847 ln
810 4818 912 4862 marg:
938 4819 1082 4869 serprranor.
1102 4833 1123 4840 -
1148 4805 1223 4854 Cure.
1248 4806 1414 4867 Nipperdey.
1433 4831 1462 4841 -
1481 4805 1632 4852 lleroaldus
1652 4822 1659 4855 τ

377 4879 515 4939 Sequanos
533 4880 686 4941 proximor:
710 4882 795 4929 llarisc
818 4897 823 4929 :
851 4899 934 4948 seque
966 4888 990 4931 et
1018 4885 1241 4946 pro.1·imns.-a
1261 4887 1310 4932 llic
1328 4901 1408 4944 ganne
1430 4885 1588 4946 Begleitung
1608 4888 1662 4935 des

378 4958 555 5006 (ieiunanirus
571 4960 641 5007 kann
655 4962 726 5009 nirlrt
746 4963 865 5023 prnrinri
878 4969 997 5022 genannt.
1014 4967 1134 5013 werden.
1155 4984 1166 5010 u
1185 4966 1529 5024 (Nirenni»nr-Ammine&)

1534 5281 1592 5346 .'
1741 5267 1763 5344 i

1436 5271 1763 5501 *a*
