3709 6234
767 875 1012 928 nrtaosettltvs
1477 874 1531 928 3t7

291 1058 333 1070 -
366 1043 415 1091 12,
444 1018 498 1081 51.
521 1017 771 1106 (Radamistus)
797 1038 957 1103 praeceps
985 1016 1130 1081 Hiberos
1149 1016 1192 1081 ad
1212 1018 1358 1104 patrium
1387 1041 1530 1105 regnum

294 1126 460 1213 pervadit.
478 1162 520 1176 -
541 1126 592 1202 rt,
611 1124 663 1190 23.
687 1122 836 1190 Corbulo
860 1122 1028 1210 (Mardos)
1041 1124 1202 1188 immissis
1219 1123 1353 1189 lliberis
1367 1126 1527 1191 vastavit.

249 1232 472 1299 lllBEBlA¹.
505 1272 549 1282 —
583 1255 632 1306 ra,
662 1234 715 1307 (A.
740 1229 1191 1297 Radamistus...modicum
1210 1230 1367 1298 Hiberiae
1387 1255 1528 1319 regnum

291 1349 426 1405 senecta
442 1340 548 1426 patris
564 1338 705 1403 detineri
720 1337 865 1403 leroeius
879 1336 1097 1426 crebriusque
1117 1337 1304 1403 iactabat...

250 1446 614 1522 lllBEllNlA.—12,
640 1444 694 1510 32.
713 1445 850 1533 lamque
876 1451 1017 1509 ventum
1050 1444 1139 1510 haud
1168 1445 1284 1532 procul
1312 1446 1408 1522 mari,
1438 1446 1529 1534 quod

293 1554 490 1620 Hiberniam
511 1552 658 1618 insulam
679 1552 863 1639 adspectat,
882 1574 959 1616 cum
975 1559 1067 1617 ortae
1086 1552 1174 1639 apud
1200 1552 1379 1640 Brigantas
1401 1554 1529 1618 discor-

292 1662 366 1727 diae
391 1669 560 1726 retraxere
586 1660 796 1746 (Britanniae
815 1658 991 1745 legatum).
1012 1697 1052 1708 -
1070 1659 1115 1723 A.
1134 1661 1188 1735 al.
1206 1659 1397 1744 (Agricola)
1410 1683 1525 1727 eam...

291 1778 420 1857 partem
452 1767 658 1845 Britanniae,
681 1790 767 1855 quae
788 1766 986 1831 Hiberniam
1008 1766 1165 1853 adspicit,
1195 1767 1301 1854 copiis
1324 1767 1524 1835 instruxit...

291 1875 453 1942 Hibernia
471 1873 581 1940 medio
595 1874 683 1939 inter
699 1873 907 1938 Britanniam
923 1880 1025 1962 atque
1042 1873 1241 1961 Hispaniam
1260 1875 1324 1939 sita
1349 1881 1383 1940 et
1397 1873 1528 1940 Gallico

291 2006 424 2072 quoque
452 1982 537 2046 mari
566 1989 797 2069 opportuna...
837 1979 945 2067 Saepe
976 2003 1018 2045 ex
1045 2004 1084 2044 eo
1113 1979 1226 2045 audivi
1250 1980 1383 2068 legione
1407 2004 1474 2047 una
1495 1991 1529 2048 et

292 2090 432 2155 modicis
452 2088 587 2154 auxiliis
614 2086 775 2153 debellari
793 2086 1004 2176 obtinerique
1021 2086 1217 2151 Hiberniam
1229 2111 1369 2175 posse...

248 2197 401 2264 lllEllO.
433 2236 477 2246 —
508 2196 540 2278 6,
567 2198 621 2273 (a.
650 2194 857 2262 Tiridates...
882 2193 1092 2270 consultans,
1119 2217 1267 2283 quonam
1282 2194 1335 2260 die
1350 2194 1528 2261 sollemnia

289 2305 385 2391 regni
411 2304 644 2390 (Parthorum)
669 2310 871 2391 capesseret,
902 2301 1031 2367 litteras
1059 2302 1214 2367 Phraatis
1230 2309 1263 2368 et
1284 2302 1451 2379 Hieronis,
1470 2304 1527 2392 qui

291 2411 521 2477 validissimas
553 2410 782 2498 praefecturas
814 2408 1025 2486 obtinebant,
1063 2409 1197 2496 accipit,
1234 2408 1370 2474 brevem
1398 2433 1526 2475 moram

292 2519 513 2607 precantium.
543 2558 586 2567 -
610 2518 643 2592 6,
669 2518 723 2594 (3.
752 2516 913 2582 Phraates
934 2524 966 2581 et
992 2516 1094 2581 Hiero
1111 2516 1188 2581 etsi
1208 2514 1338 2605 quialii
1357 2516 1525 2583 delectum

289 2626 453 2714 capiendo
497 2624 678 2690 diademati
717 2624 807 2690 diem
837 2623 926 2688 haud
955 2622 1284 2703 concelebraverant,
1315 2647 1392 2710 pars
1419 2631 1523 2704 metu,

289 2732 426 2821 quidam
448 2731 573 2796 invidia
597 2730 631 2795 in
655 2730 920 2818 Abdagaesen...
940 2730 981 2794 ad
998 2729 1210 2796 Artabanum
1231 2737 1405 2798 vertere...
1423 2731 1524 2797 Hiero

290 2839 467 2927 pueritiam
488 2838 647 2903 Tiridatis
666 2838 819 2927 increpat
837 2837 943 2926 (apud
957 2836 1228 2922 Artabanum)...

245 2945 635 3013 lllEllOCAESABlA.
666 2984 710 2994 -
734 2969 764 3025 2,
791 2948 844 3033 (7.
875 2945 1206 3011 llierocaesariam...
1234 2944 1337 3011 levari
1358 2946 1407 3032 (in
1426 2946 1524 3035 quin-

288 3055 472 3143 quennium
487 3052 671 3138 tributo)...
690 3052 828 3140 placuit.

244 3160 743 3227 lllEHOCAESAltlENSES.
779 3197 825 3212 -
862 3159 893 3237 3,
930 3159 984 3236 62,
1030 3157 1146 3225 Altius
1193 3159 1524 3225 Hierocaesarienses

287 3292 485 3357 exposuere,
524 3268 693 3333 Persicam
731 3266 821 3355 apud
864 3290 900 3333 se
935 3268 1090 3345 Dianam,
1122 3265 1300 3332 delubrum
1329 3290 1407 3354 rege
1434 3266 1524 3355 Cyro

286 3376 478 3443 dicatum...

241 3481 582 3548 lllEBOSOLVMA.
607 3482 704 3550 -ΙΙ,
721 3484 752 3558 ά.
778 3482 1019 3569 Profligaverat
1050 3480 1179 3547 belluna
1195 3482 1367 3547 Iudaicum
1389 3481 1517 3570 Vespa·

287 3590 413 3670 sianus‚
442 3590 694 3677 obpugnatione
725 3589 1037 3677 Hierosolymorum
1060 3589 1201 3676 reliqua,
1242 3588 1327 3655 duro
1354 3590 1463 3677 magis
1489 3599 1522 3655 et

286 3695 389 3760 arduo
404 3719 505 3784 opere
523 3696 566 3760 ob
586 3697 760 3784 ingenium
782 3697 908 3763 montis
932 3705 965 3762 et
1004 3697 1227 3784 pervicaciam
1254 3697 1519 3784 superstitionis

286 3826 388 3891 quam
404 3827 470 3892 quo
487 3805 569 3868 satis
589 3805 710 3868 virium
726 3804 874 3870 obsessis
892 3805 935 3869 ad
955 3804 1147 3870 tolerandas
1165 3803 1384 3870 necessitates
1405 3827 1521 3893 super-

285 3919 384 3976 esset.
418 3911 520 3989 -V,
546 3935 573 3976 1.
591 3911 715 3977 Caesar
735 3913 872 3979 Titus...
896 3912 987 3977 haud
1007 3911 1123 4000 procul
1140 3910 1388 3999 Hierosolymis
1411 3920 1520 3977 castra

285 4018 376 4084 lacit.
398 4018 499 4096 -V,
518 4043 547 4083 a.
566 4018 634 4083 Alii
654 4019 865 4108 (tradunt)...
894 4018 1094 4106 Solymos...
1118 4019 1274 4084 conditae
1299 4018 1373 4084 urbi
1395 4020 1521 4086 lliero-

285 4125 416 4212 solyma
433 4148 556 4191 nomen
573 4149 591 4190 e
607 4150 669 4191 suo
687 4126 821 4191 secisse.
841 4166 885 4176 —
896 4126 937 4203 V,
956 4129 986 4190 8.
1007 4126 1243 4214 Hierosolyma
1258 4127 1352 4214 genti
1367 4125 1521 4214 (ludaeo-

283 4233 373 4315 rum)
391 4240 505 4319 caput.
521 4269 563 4283 -
582 4233 622 4312 V,
646 4259 678 4321 9.
702 4233 790 4298 Muri
807 4232 1124 4319 Hierosolymorum
1154 4233 1256 4298 diruti
1277 4235 1310 4320 (a
1330 4233 1394 4299 Cn.
1420 4236 1521 4301 Pom·

284 4340 384 4425 pelo).
403 4380 445 4393 -
465 4340 506 4412 V,
529 4362 578 4404 ιι.
605 4340 731 4427 (Titus)
758 4340 919 4407 castris...
943 4348 1021 4405 ante
1056 4340 1188 4405 moenia
1206 4340 1518 4428 Hierosolymorum

283 4447 443 4533 positis...
466 4446 509 4509 Ni
522 4448 637 4512 statim
656 4446 892 4535 Hierosolyma
906 4446 1122 4513 conciderent
1135 4457 1189 4514 ³...

237 4551 604 4621 HIEBOSOLVMVS.
627 4591 671 4606 -
699 4554 739 4635 V,
772 4579 802 4619 2.
821 4553 968 4634 Quidam
989 4556 1207 4641 (memorant)
1236 4563 1399 4644 regnante
1430 4558 1518 4625 lside

270 4821 277 4854 ¹
296 4820 318 4865 V
322 4819 394 4882 ulg.:
411 4819 509 4868 Iberia.

267 4901 278 4935 ²
295 4900 392 4962 Vulg:
412 4900 659 4953 Hierocaesarasm.

268 4982 280 5014 ³
296 4980 328 5028 V.
347 4982 429 5030 etiam
445 4981 478 5042 V,
496 4982 519 5030 3.
