3709 6234
730 862 800 915 Piso
820 861 1006 916 ticinisiivs
1158 901 1161 906 .
1455 852 1506 909 541

271 1000 398 1086 alCn.)
425 1001 547 1067 Pisone
571 1002 606 1067 in
627 1003 716 1068 hunc
741 1002 844 1069 ferme
865 1003 1005 1069 modum
1024 1000 1256 1090 compositos:
1280 1029 1294 1061 o
1378 1022 1507 1089 vosque

271 1132 329 1173 oro
348 1106 464 1173 liberis
488 1109 572 1175 meis
586 1110 783 1192 consulatis,
805 1134 846 1176 ex
861 1110 1026 1200 quibus...
1039 1110 1087 1175 M.
1107 1108 1185 1174 Piso
1205 1115 1354 1197 repetere
1374 1107 1507 1195 Syriam

272 1215 469 1280 dehortatus
494 1224 587 1283 est...
607 1245 623 1277 a
644 1256 687 1265 —
708 1217 739 1297 3,
762 1242 810 1307 ¹7·
836 1218 996 1283 Aurelius
1015 1216 1115 1283 Cotta
1134 1214 1294 1281 consul...
1316 1215 1504 1294 censuit...‚

271 1321 319 1387 M.
335 1322 412 1387 Piso
426 1331 526 1388 exuta
541 1323 747 1411 dignitateet
762 1324 1159 1415 acceptoquinquagiens
1174 1322 1329 1388 sestertio
1340 1322 1374 1387 in
1390 1322 1507 1387 decern

272 1453 379 1495 annos
405 1429 623 1518 relegaretur.
643 1469 688 1483 -
707 1431 738 1497 3.
771 1435 819 1499 ι8.
837 1432 1018 1519 (Tiberius)
1033 1431 1080 1498 M.
1119 1431 1276 1496 Pisonem
1302 1429 1507 1518 ignominiae

271 1538 395 1604 exemit
412 1539 647 1627 concessitque
671 1540 701 1604 ei
721 1547 861 1627 paterna
881 1538 968 1604 bona
980 1539 1002 1604 ¹.

228 1643 327 1711 PlSO
353 1645 627 1724 LlClNlANVS,
656 1645 768 1726 PisO‚
791 1645 1009 1712 CAESAR&
1036 1684 1073 1694 —
1092 1645 1118 1717 l.
1139 1648 1188 1723 ni.
1206 1644 1356 1711 Galba...
1373 1644 1508 1710 comitia

272 1752 402 1839 imperii
419 1753 618 1839 transigit...
637 1752 796 1819 Pisonem
819 1753 1032 1819 Licinianum
1054 1752 1209 1818 accersiri
1223 1751 1326 1832 iubet,
1350 1774 1408 1817 seu
1433 1775 1509 1840 pro·

272 1859 342 1946 pria
367 1858 530 1925 electione
544 1860 629 1942 sive,
656 1867 693 1925 ut
712 1861 848 1949 quidam
873 1860 1100 1941 crediderunt,
1120 1860 1251 1925 Lacone
1266 1859 1424 1937 instante,¹
1456 1859 1509 1923 cui

272 1966 361 2052 apud
396 1965 590 2032 llubellium
636 1966 794 2032 Plautum
827 1968 973 2033 exercita
1002 1978 1078 2033 cum
1101 1966 1225 2031 Pisone
1249 1966 1439 2032 amicitia...
1468 1965 1510 2031 Et

272 2096 431 2162 prospera
451 2075 493 2139 de
511 2076 632 2140 Pisone
648 2075 738 2139 fama
753 2075 903 2140 consiliis
917 2075 990 2141 eius
1006 2074 1107 2140 fidem
1125 2073 1314 2140 addiderat.
1339 2074 1429 2156 Piso,
1459 2073 1506 2141 M.

272 2180 394 2246 Crasso
410 2190 443 2246 ct
458 2180 634 2247 Scribonia
650 2183 799 2270 genitus,
831 2182 956 2248 nobilis
988 2183 1169 2270 utrimque,
1198 2181 1296 2246 vultu
1325 2180 1509 2270 habituque

271 2289 373 2353 moris
384 2289 554 2377 antiqui...
573 2326 616 2339 -
633 2290 657 2366 l,
686 2289 734 2355 15.
759 2288 865 2375 lgitur
884 2289 1005 2367 Galba,
1018 2288 1229 2377 adprehensa
1243 2288 1375 2353 Pisonis
1392 2310 1506 2364 manu,

272 2395 306 2459 in
327 2395 415 2460 hunc
432 2396 569 2461 modum
585 2395 720 2462 locutus
740 2397 886 2463 fertur...
904 2436 948 2446 -
965 2397 990 2471 l,
1019 2420 1069 2483 ¹7·
1085 2396 1243 2461 Pisonem
1258 2396 1370 2461 ferunt
1394 2396 1508 2461 statim

273 2502 482 2568 intuentibus
502 2510 536 2567 et
551 2527 630 2568 mox
649 2504 810 2569 coniectis
822 2504 854 2568 in
869 2527 946 2569 eum
958 2504 1109 2568 omnium
1120 2502 1228 2568 oculis
1238 2502 1372 2568 nullum
1384 2501 1509 2568 turbati

272 2618 331 2675 aut
349 2610 554 2675 exsultantis
569 2610 673 2674 animi
692 2619 822 2677 motum
837 2610 1038 2699 prodidisse.
1062 2610 1180 2676 Sermo
1196 2633 1275 2699 erga
1291 2617 1421 2698 patrem
1445 2610 1509 2674 im-

272 2726 528 2805 peratoremque
544 2741 716 2798 reverens,
738 2718 779 2782 de
794 2741 830 2782 se
845 2717 1053 2799 moderatus,
1067 2717 1151 2782 nihil
1166 2718 1201 2782 in
1217 2717 1313 2784 vultu
1326 2716 1509 2807 habituque

274 2840 483 2898 mutatum...
503 2872 544 2881 -
567 2833 593 2910 i,
631 2834 681 2897 ι8.
717 2834 820 2921 Apud
847 2834 1058 2922 frequentem
1097 2834 1244 2899 militum
1271 2834 1506 2901 contionem...

271 2940 408 3027 (Galba)
423 2940 576 3027 adoptari
592 2964 610 3005 a
626 2964 661 3005 se
679 2940 877 3007 Pisonem...
893 2941 1100 3030 pronuntiat.
1118 2978 1163 2991 -
1178 2941 1203 3022 l,
1225 2964 1273 3030 ¹9·
1308 2941 1389 3006 lnde
1420 2940 1510 3029 apud

273 3055 469 3113 senatum...
490 3047 624 3111 Pisonis
643 3049 749 3113 comis
764 3048 883 3122 oratio,
899 3056 934 3113 et
948 3056 1082 3136 patrum
1119 3047 1214 3112 lavor
1247 3047 1402 3114 aderat...
1440 3047 1508 3113 Nec

273 3154 364 3219 aliud
379 3155 533 3242 sequenti
549 3154 748 3244 quadriduo.
766 3156 857 3243 quod
877 3154 1027 3220 medium
1046 3156 1134 3219 inter
1148 3154 1365 3242 adoptionem
1378 3163 1412 3220 et
1427 3178 1509 3220 cae-

272 3262 439 3339 demluit,
468 3261 596 3326 dictum
626 3287 644 3327 a
674 3262 796 3327 Pisone
824 3249 872 3327 in¹
890 3261 1027 3351 publico
1057 3262 1265 3328 laetumve...
1302 3263 1512 3328 Censuerant

273 3376 384 3455 patres
401 3368 584 3434 mittendos
606 3369 648 3433 ad
673 3368 911 3434 Germanicum
941 3369 1128 3435 exercitum
1160 3369 1302 3456 legatos.
1330 3371 1507 3457 Agitatum

272 3484 413 3554 secreto,
431 3500 512 3540 nurn
526 3484 560 3540 et
577 3476 654 3540 Piso
671 3477 951 3563 proficisceretur,
970 3477 1094 3541 maiore
1115 3484 1302 3564 praetexto,
1325 3475 1375 3540 illi
1395 3484 1510 3543 aucto-

271 3583 405 3648 ritatem
431 3590 580 3662 senatus,
610 3583 663 3648 hic
690 3583 920 3670 dignationem
951 3582 1104 3649 Caesaris
1120 3582 1292 3649 laturus...
1319 3622 1362 3631 —
1394 3584 1419 3658 l,
1453 3608 1506 3665 ar,

272 3690 481 3755 Othonem...
501 3690 607 3754 inulta
622 3689 723 3754 simul
743 3689 1064 3765 exstimulabant...
1082 3690 1116 3754 in
1130 3688 1273 3755 Galbam
1289 3690 1349 3770 ira,
1367 3691 1401 3755 in
1414 3690 1510 3756 Piso-

272 3821 348 3862 nem
363 3796 531 3866 invidia...
556 3796 700 3862 Proinde
717 3796 885 3884 agendum
900 3796 1172 3886 audendumque,
1191 3796 1271 3861 dum
1286 3797 1414 3863 Galbae
1429 3821 1509 3864 auc·

274 3905 391 3969 toritas
422 3905 523 3976 iluxa.
563 3904 696 3968 Pisonis
725 3904 875 3969 nonduin
900 3904 1094 3970 coaluisset.
1130 3943 1173 3952 -
1199 3903 1224 3984 l,
1254 3929 1306 3992 29·
1341 3905 1419 3970 Piso
1448 3929 1509 3994 pro

272 4012 434 4097 gradibus
451 4010 588 4095 (Palatii
601 4019 756 4076 vocatam
780 4010 964 4091 cohortem,
994 4034 1080 4100 quae
1105 4011 1286 4076 stationem
1305 4010 1450 4100 agebat),
1472 4013 1507 4078 in

272 4118 360 4183 hunc
377 4118 515 4182 modum
530 4117 707 4183 adlocutus
721 4126 773 4183 est
791 4140 797 4185 :
813 4147 828 4178 o
847 4117 971 4183 Sextus
1000 4117 1073 4183 dies
1097 4117 1221 4205 agitur,
1245 4119 1507 4200 commilitoneS,

269 4249 310 4290 ex
330 4249 438 4313 quo...
453 4225 576 4290 Caesar
591 4225 740 4291 adscitus
755 4249 872 4296 suin...
902 4253 917 4284 »
935 4261 978 4276 -
994 4224 1019 4299 l,
1039 4225 1091 4290 30.
1111 4252 1126 4286 «
1150 4224 1293 4290 Galbam
1322 4248 1509 4292 consensus

272 4332 561 4419 generishumani‚
575 4355 627 4396 me
643 4331 752 4397 Galba
763 4330 1054 4398 consentientibus
1068 4331 1165 4396 vobis
1181 4331 1361 4399 Caesarem
1376 4333 1474 4399 dixit.
1492 4358 1508 4395 ii

271 4440 355 4516 -i,
374 4440 429 4516 34.
461 4438 672 4503 Praemissus
699 4448 811 4504 tamen
842 4440 876 4502 in
903 4446 1013 4504 castra
1032 4438 1122 4518 Piso,
1148 4447 1186 4503 ut
1218 4439 1350 4504 iuvenis
1385 4463 1509 4527 magno

272 4547 419 4620 nomine,
433 4546 558 4610 recenti
579 4545 693 4610 favore
709 4553 743 4610 et
755 4545 907 4611 infensus
928 4544 1004 4611 Tito
1020 4545 1134 4624 Vinio,
1151 4568 1211 4611 seu
1236 4546 1315 4634 quia
1340 4555 1423 4629 erat,
1450 4571 1509 4613 seu

271 4654 349 4743 quia
366 4655 442 4719 irati
457 4655 502 4719 ita
518 4653 720 4719 volebant...
742 4653 889 4718 Vixdum
904 4675 1040 4739 egresso
1057 4652 1180 4717 Pisone
1202 4653 1351 4718 occisum
1379 4654 1413 4719 in
1435 4678 1509 4720 cas-

259 4847 267 4881 ¹
286 4846 318 4895 V.
336 4848 418 4894 etiam
433 4863 457 4905 a,
470 4848 514 4909 573
530 4846 553 4905 i,
570 4847 646 4902 8,15.

189 4996 192 5000 ⁸
258 4927 312 4974 2Ι..
338 4926 498 4989 Calpurnius
533 4926 593 4973 l'iso
621 4925 700 4986 Frugi
730 4925 892 4976 Licinianus.
918 4925 975 4973 Ser.
992 4925 1130 4989 Sulpicius
1147 4925 1234 4974 Galba
1254 4926 1360 4977 Caesar.
1384 4925 1508 4987 Pnoson,

225 5006 253 5056 C.
266 5010 320 5056 2:¹20.
337 5008 421 5055 Filius
437 5009 473 5055 M.
486 5007 602 5071 (Licinii)
617 5005 707 5054 Crassi
726 5005 827 5069 (Frugi)
843 5008 900 5065 (A).

783 5345 1161 5521 t*-
