3709 6234
820 855 1030 907 attitulantes
1510 851 1563 907 449

326 1014 393 1087 tur,
415 1028 559 1094 quorum
582 1003 639 1069 ille
654 1004 836 1079 Antiocho,
851 1004 903 1069 bic
918 1004 1116 1071 Mithridate
1136 1006 1243 1095 pulsis
1255 1006 1356 1071 fidem
1374 1014 1476 1093 atque
1498 1007 1563 1071 vir-

327 1122 435 1180 tutem
459 1113 658 1198 Magnetum
674 1110 918 1178 decoravere...
944 1149 986 1161 -
1007 1113 1038 1184 3,
1058 1113 1111 1201 73.
1125 1113 1174 1177 Ne
1191 1115 1353 1199 Spartaco
1369 1114 1561 1201 quidem...,

327 1243 535 1309 quamquam
551 1219 692 1284 Sertorii
706 1228 807 1308 atque
824 1219 1032 1285 Mithridatis
1046 1220 1239 1307 ingentibus
1251 1220 1349 1286 bellis
1364 1220 1493 1286 labaret
1513 1244 1565 1284 res

328 1326 475 1416 publica,
493 1327 623 1402 datum,
647 1334 684 1391 ut
708 1334 808 1414 pacto
825 1328 859 1391 in
874 1327 975 1391 tidem
1009 1329 1227 1415 acciperetur.
1258 1367 1297 1377 -
1320 1330 1351 1407 d,
1370 1331 1418 1404 ¹4·
1450 1327 1565 1412 (Cives

331 1433 490 1519 Romani)
505 1434 599 1497 iussu
625 1435 716 1520 regis
731 1433 939 1500 Mithridatis
961 1435 1051 1522 apud
1072 1442 1212 1500 cunctas
1241 1436 1343 1500 Asiae
1376 1435 1503 1499 insulas
1533 1442 1567 1499 et

329 1540 737 1627 urbesltrucidabanturl.
770 1581 813 1589 —
847 1544 879 1617 d.
899 1541 951 1607 36.
982 1542 1165 1629 (Cyzicenil
1192 1544 1333 1607 amisere
1363 1542 1565 1619 libertatern,

331 1670 433 1735 quam
448 1646 538 1712 bello
556 1647 764 1713 Mithridatis
787 1658 991 1726 meruerant,
1027 1651 1242 1715 circumsessi
1274 1673 1334 1715 nec
1368 1651 1481 1714 minus
1509 1673 1569 1715 sua

332 1755 522 1820 constantia
543 1779 644 1843 quam
662 1756 830 1843 praesidio
847 1756 978 1821 Luculli
995 1757 1092 1845 pnlso
1118 1782 1207 1843 rege.

288 1861 604 1928 MITHRIDATES
624 1864 630 1903 ¹
664 1866 723 1948 (B)
755 1902 797 1913 -
817 1863 849 1932 6.
864 1865 917 1929 32.
934 1864 1128 1931 Tiberius...
1147 1866 1425 1952 reciperandae...
1448 1866 1569 1929 Arme·

336 1968 410 2035 niae
426 1969 591 2035 Hiberum
608 1970 829 2035 Mithridaten
847 1971 966 2058 deligit
981 1972 1205 2060 conciliatque
1219 1972 1313 2036 fratri
1335 1971 1568 2044 Pharasmani,

337 2077 394 2165 qui
414 2078 542 2164 gentile
559 2078 737 2165 imperium
769 2077 957 2144 obtinebat.
977 2117 1014 2126 -
1039 2078 1071 2160 6,
1091 2079 1144 2144 33.
1174 2081 1221 2144 At
1254 2104 1295 2144 cx
1325 2079 1455 2166 regulis·
1483 2079 1574 2166 prior

336 2183 549 2250 Mithridates
566 2185 828 2251 Pharasmanem
845 2186 993 2274 perpulit
1012 2186 1131 2250 doloet
1150 2187 1183 2250 vi
1197 2195 1338 2252 conatus
1349 2210 1428 2251 suos
1443 2187 1569 2250 iuvare.

334 2328 378 2339 —
397 2314 448 2364 ιι,
466 2290 498 2357 8.
522 2291 591 2357 Sub
608 2292 695 2357 idem
706 2301 841 2381 tempus
858 2293 1083 2368 Mithridates,
1099 2316 1199 2382 quem
1211 2294 1420 2382 imperitasse
1452 2293 1573 2357 Arme-

337 2398 403 2463 niis
420 2400 582 2486 iuaauque
600 2398 701 2469 Gaii⁹
716 2400 871 2466 Caesaris
884 2400 1036 2465 vinctum
1066 2401 1261 2472 memoravi.
1284 2409 1441 2465 monente
1475 2399 1574 2465 Clau-

335 2505 391 2570 dio
411 2507 445 2570 in
467 2529 609 2593 regnum
627 2508 801 2581 remeavit,
822 2508 902 2571 fisus
919 2507 1159 2572 Pharasmanis
1174 2507 1306 2595 opibus.
1329 2509 1361 2571 ls
1383 2532 1442 2572 rex
1462 2506 1574 2571 Ilibe-

338 2613 385 2677 ris
399 2613 556 2701 idemque
577 2613 786 2679 Mithridatis
805 2615 932 2680 lratcr..
966 2655 1008 2664 -
1030 2640 1079 2695 ιι,
1103 2642 1135 2704 9.
1155 2616 1247 2680 'l'unc
1264 2615 1435 2679 distractis
1449 2612 1575 2678 Orien-

337 2721 382 2786 tis
406 2720 577 2786 viribus..
595 2744 693 2785 casus
709 2722 898 2787 Mithridati
923 2722 1021 2788 datus
1037 2732 1086 2788 cst
1104 2723 1290 2810 occupandi
1334 2722 1572 2787 Armeniam...

339 2826 469 2893 Cuncta
489 2828 523 2892 in
540 2828 758 2893 Mithridaten
785 2830 921 2898 fluxere.
935 2854 1139 2920 quamquam
1156 2831 1353 2895 atrociorem
1371 2854 1471 2918 quarn
1488 2852 1576 2893 novo

340 2958 444 3022 regno
469 2935 684 3001 conduceret.
718 2977 757 2985 —
802 2961 852 3008 ιι,
882 2940 936 3014 dd.
969 2939 1149 3003 rtrmenios
1174 2938 1276 3002 frater
1310 2936 1576 3022 (Pharasmanis)

340 3041 554 3107 Mithridates
567 3041 742 3108 obtinebat
758 3044 879 3131 opihns
894 3046 1061 3111 nostris...
1087 3046 1333 3110 Pharasmanes
1362 3045 1445 3124 (lilio
1468 3043 1576 3106 llada-

340 3149 441 3214 misto
458 3150 551 3234 regni
568 3150 618 3213 sui
633 3151 811 3237 cupido)...
843 3153 1042 3217 Armeniam
1079 3160 1262 3227 ostentare,
1303 3152 1410 3239 pulsis
1442 3150 1576 3214 Parthis

340 3256 454 3321 datam
468 3256 657 3321 Mithridati
678 3268 817 3324 asemel
839 3261 1066 3325 memorando.
1092 3314 1097 3325 .
1129 3261 1388 3325 Radamistus..
1412 3259 1576 3346 prirnores

340 3373 579 3437 Armeniorum
595 3374 706 3438 adres
730 3398 836 3439 novas
853 3375 971 3446 inlicit.
986 3377 1104 3464 ignaro
1127 3384 1159 3440 et
1174 3385 1314 3440 ornante
1348 3375 1485 3461 insuper
1514 3372 1579 3437 Mi-

344 3480 499 3544 tbridate.
525 3520 564 3529 -
586 3507 634 3561 12,
657 3483 711 3557 45.
726 3482 848 3562 (ldeml
863 3484 1055 3570 inruptione
1076 3484 1186 3548 subita
1203 3484 1355 3549 territum
1372 3489 1579 3567 exutumque

342 3587 472 3675 campis
489 3587 711 3653 Mithridaten
727 3590 889 3678 compulit
914 3593 947 3655 in
981 3591 1157 3656 castellum
1181 3591 1343 3655 Gorneas.
1375 3628 1415 3637 -
1450 3613 1498 3654 ιι.
1523 3584 1576 3663 46.

343 3694 538 3759 Praefectus
554 3696 680 3761 hortari
696 3696 915 3762 Mithridaten
930 3699 972 3762 ad
987 3699 1206 3763 sanciendum
1218 3698 1376 3762 foedus..
1391 3695 1579 3760 Cunctante

346 3800 390 3866 ad
410 3825 448 3866 ea
474 3800 669 3867 Mithridate
686 3811 719 3868 et
734 3806 903 3892 suspectis
934 3806 1091 3893 praelecti
1120 3803 1403 3881 eonsiliiS...Qua
1434 3800 1577 3866 necessi·

345 3917 413 3974 tate
425 3907 641 3974 Mithridates
657 3911 745 3974 diem
763 3911 942 4001 locumque
961 3913 1086 3978 loederi
1101 3914 1231 3999 accepit
1251 3910 1457 3998 castelloque
1484 3930 1579 3995 egre-

345 4015 447 4081 ditur.
464 4053 508 4066 -
531 4040 582 4084 12.
602 4019 642 4104 47
677 4017 834 4098 (Quidam
868 4020 1056 4084 lladamisti
1085 4018 1193 4104 iussu)
1221 4019 1387 4085 decidisse
1416 4014 1581 4080 simulans

344 4146 454 4210 genua
467 4123 675 4190 Mithridatis
690 4126 819 4191 invadit
832 4129 1007 4214 ipsumque
1023 4129 1216 4217 prosternit,
1234 4126 1400 4214 simulque
1416 4145 1581 4189 concursu

345 4230 492 4319 plurium
508 4232 692 4297 iniciuntur
716 4242 895 4300 catenae...
914 4235 990 4299 Filii
1006 4259 1140 4324 quoque
1156 4234 1374 4312 Mithridatis,
1390 4231 1480 4320 quod
1501 4252 1559 4294 cao
1578 4269 1582 4276 ·

345 4338 445 4402 dibus
475 4348 651 4425 parentum
683 4341 991 4412 inlacrimaverant.
1012 4343 1168 4408 trucidati
1199 4350 1289 4406 sunt.
1314 4379 1354 4390 -
1383 4341 1500 4418 mill·
1536 4338 1583 4401 Al

346 4443 566 4533 (Vminidiusl
583 4447 776 4525 Quadratus
791 4473 1001 4537 cognoscens
1027 4451 1198 4538 proditum
1216 4448 1436 4514 Mithridaten
1463 4454 1497 4510 et
1530 4467 1582 4509 re-

347 4574 453 4638 gnum
471 4553 513 4617 ab
533 4554 804 4621 interlectoribus
826 4556 983 4630 obtineri,
1009 4566 1108 4622 vocat
1123 4557 1314 4622 consilium.
1338 4609 1345 4620 .

305 4657 647 4727 MlTHRlDATES³
684 4664 742 4748 (C)
797 4704 838 4712 —
872 4689 920 4736 ια,
956 4667 1004 4729 ι5.
1036 4667 1083 4729 at
1115 4664 1328 4730 Mithridates
1368 4661 1583 4749 Bosporanus

338 4829 346 4864 ¹
364 4829 486 4886 Pansae..
499 4831 554 4893 457.

336 4910 348 4945 ⁸
366 4910 500 4960 Lacunam
514 4913 603 4974 suppl.
622 4911 737 4959 Vrlichs.

337 4991 349 5026 ³
369 4991 494 5051 Pansae,
512 4993 567 5048 455.

402 5099 480 5149 Uruv.
499 5116 532 5148 ns
547 5101 628 5149 [τοι.
647 5127 675 5137 -
695 5100 777 5148 Fauii
