3709 6234
346 866 399 920 668
912 869 1062 923 TlBltlthS

391 1012 592 1077 Germanico
608 1012 750 1101 nuntiis)
770 1011 935 1079 Tiberius.
952 1049 996 1063 —
1018 1036 1048 1089 2,
1067 1011 1121 1078 83.
1140 1012 1225 1079 Cum
1250 1019 1445 1078 censeretur
1465 1012 1613 1100 (Germa

390 1120 480 1208 nico)
490 1120 619 1209 clipeus
634 1144 716 1185 auro
728 1127 761 1186 et
771 1119 1006 1207 magnitudine
1023 1120 1166 1208 insignis
1182 1121 1270 1186 inter
1283 1129 1437 1186 auctores
1457 1120 1612 1209 cloquen
1627 1159 1634 1168 ·

391 1229 470 1303 tiae,
485 1227 698 1293 adseveravit
708 1227 860 1292 Tiberius
888 1226 1027 1292 solitum
1042 1251 1224 1317 paremque
1245 1230 1365 1294 ceteris
1391 1228 1634 1296 dicaturum...

390 1373 433 1387 -
449 1359 479 1413 2,
493 1336 546 1401 86.
565 1334 709 1400 Rettulit
722 1335 846 1400 Caesar
860 1335 1059 1424 capiendam
1076 1336 1242 1423 virginem
1253 1335 1454 1421 (Vestalem)
1466 1336 1501 1400 in
1515 1335 1636 1401 locum

390 1440 552 1509 Occiae...
581 1442 626 1508 Et
649 1443 773 1510 Caesar
802 1443 960 1542 quamvis
991 1442 1222 1530 posthabitam
1264 1445 1412 1526 (Fonteii
1451 1444 1636 1532 Agrippae

389 1551 508 1639 silium)
532 1550 668 1615 deciens
693 1552 840 1616 sestertii
859 1550 938 1616 dote
964 1551 1094 1616 solatus
1123 1559 1185 1617 cst.
1205 1575 1294 1626 -2‚
1322 1551 1376 1617 88.
1409 1551 1483 1629 Qua
1517 1551 1636 1639 gloria

390 1657 556 1746 aequabat
569 1681 604 1722 sc
620 1658 775 1723 Tiberius
788 1659 909 1746 priscis
927 1659 1198 1746 imperatoribus
1222 1660 1279 1747 qui
1295 1682 1463 1724 vencnum
1484 1660 1520 1723 in
1544 1660 1635 1746 Pyr·

389 1766 486 1831 rhum
511 1789 625 1853 regem
645 1773 824 1831 vetuerant
844 1765 1142 1855 prodiderantque.
1165 1805 1208 1816 -
1233 1768 1264 1835 3.
1296 1790 1327 1832 a.
1363 1765 1507 1833 Miserat
1541 1767 1635 1832 duas

389 1874 574 1962 praetorias
592 1874 748 1938 cohortes
773 1873 899 1938 Cacsar
920 1874 1144 1962 (excipiendis
1164 1875 1357 1938 Germanici
1394 1874 1632 1961 cineribus)...

381 1980 737 2058 ·Aberat...adulatio,
760 1981 874 2068 gnaris
902 1980 1061 2046 omnibus
1104 1981 1227 2046 laetam
1261 1981 1393 2046 Tiberio
1430 1982 1634 2048 Germanici

388 2096 530 2153 mortem
569 2087 655 2153 malc
692 2087 912 2154 dissimulari.
941 2127 984 2137 -
1013 2089 1044 2168 3,
1086 2088 1116 2156 3.
1153 2088 1306 2153 Tiberius
1336 2097 1437 2177 atque
1466 2090 1632 2174 Augusta

385 2194 521 2284 publico
560 2195 794 2262 abstinuere...
839 2195 985 2261 Facilius
1019 2195 1218 2261 crediderim
1246 2196 1378 2261 Tiberio
1414 2205 1448 2262 ct
1486 2197 1634 2284 Augus-

386 2310 450 2382 tae,
488 2304 546 2391 qui
574 2302 674 2367 domo
703 2326 771 2367 non
813 2302 1033 2383 excedebant,
1072 2302 1253 2368 cohibitam
1287 2304 1487 2389 (Antoniam
1540 2305 1633 2369 Ger-

386 2410 508 2476 manici
528 2417 681 2493 matrcm,
700 2433 741 2476 ne
756 2412 925 2498 exsequiis
942 2410 1002 2474 filii
1023 2410 1228 2498 interesset).
1242 2448 1284 2460 -
1300 2412 1331 2489 3,
1350 2414 1381 2488 q.
1401 2410 1493 2475 Nihil
1512 2420 1632 2498 tamen

385 2518 554 2583 Tiberium
571 2518 679 2605 magis
706 2519 896 2606 penetravit
925 2519 973 2606 (in
1004 2518 1119 2583 lunare
1149 2519 1353 2604 Germanici)
1390 2542 1493 2606 quam
1509 2520 1629 2585 studia

385 2625 560 2690 hominurn
577 2648 715 2690 accensa
731 2626 765 2690 in
783 2626 1110 2713 Agrippinanr.-3,
1122 2627 1153 2691 6.
1177 2626 1327 2691 Gnarum
1344 2625 1377 2690 id
1391 2625 1525 2690 Tiberio
1541 2627 1625 2707 fuit,

384 2741 487 2821 utque
504 2739 670 2820 premeret
685 2731 778 2820 vulgi
792 2756 966 2797 sermones
981 2733 1037 2820 (de
1057 2733 1251 2798 Germanici
1266 2734 1435 2822 exsequiis
1451 2756 1519 2797 non
1534 2736 1627 2800 satis

386 2839 522 2904 honoris
540 2848 640 2927 atque
660 2840 876 2928 magnificis),
894 2841 1026 2906 monuit
1045 2840 1193 2907 edicte...
1217 2881 1260 2890 -
1280 2841 1312 2920 3,
1330 2844 1362 2906 8.
1375 2839 1542 2919 Tiberius,
1556 2866 1629 2931 quo

387 2948 555 3033 integrum
571 2945 732 3011 iudicium
759 2955 958 3029 ostentaret,
983 2955 1161 3036 exceptum
1192 2949 1333 3013 comiter
1363 2949 1521 3013 iuvenem
1544 2949 1628 3036 (Cn.

383 3054 518 3118 Pisonis
538 3053 644 3117 filium
660 3054 703 3119 ad
723 3077 758 3119 se
778 3063 906 3142 epatre
927 3056 1166 3144 praemissum)
1188 3063 1281 3120 sueta
1308 3078 1386 3141 erga
1407 3053 1495 3118 filios
1525 3054 1630 3121 lami·

382 3161 501 3226 liarum
524 3159 655 3226 nobiles
679 3161 883 3227 liberalitate
912 3172 1053 3247 auget..
1092 3160 1210 3251 Neque
1247 3162 1490 3228 dubitabantur
1526 3186 1632 3250 prae-

384 3270 508 3357 scripta
529 3269 663 3354 (Drusol
676 3295 693 3332 a
710 3268 842 3333 Tiberin
858 3269 921 3356 (en,
939 3293 1024 3357 quae
1039 3269 1102 3335 Cn.
1121 3270 1236 3334 Pisoni
1248 3268 1449 3357 respondit).
1465 3307 1508 3317 -
1520 3270 1555 3344 3,
1574 3294 1629 3339 ιο,

383 3377 595 3464 l'etitumque
611 3386 661 3442 cst
677 3402 694 3441 a
715 3378 865 3464 principe
881 3379 1107 3462 cognitionem
1125 3378 1179 3465 (de
1197 3376 1259 3442 Cn.
1281 3378 1414 3462 Pisone)
1432 3378 1628 3465 exciperet,

381 3485 470 3572 quod
491 3508 533 3547 ne
554 3509 629 3549 reus
649 3485 783 3572 quidem
805 3484 976 3548 abnuebat
1066 3485 1234 3548 Tiberium
1259 3484 1457 3572 spernendis
1475 3488 1631 3550 rumori—

381 3592 444 3655 bus
461 3591 610 3655 validum
626 3593 893 3657 eteonscicntiae
909 3593 1026 3657 matris·
1047 3594 1207 3656 innexum
1224 3616 1338 3657 esso...
1360 3592 1457 3656 llaud
1479 3591 1632 3659 fallebat

379 3698 548 3762 'liberium
571 3698 675 3761 moles
699 3699 958 3783 cognitioniS...:
991 3700 1197 3784 integram...
1230 3722 1365 3763 causam
1390 3699 1431 3762 ad
1461 3708 1630 3764 senatum

381 3808 532 3871 remittit.
550 3844 594 3855 —
612 3808 642 3874 3,
666 3831 675 3869 ι
690 3832 714 3871 r.
731 3806 876 3870 ,tdrecta
893 3808 984 3869 ouini
996 3808 1190 3881 cii·itate...,
1205 3808 1292 3870 satin
1309 3806 1479 3870 cohiberet
1495 3829 1533 3869 ac
1547 3831 1631 3894 pre·

381 3925 485 3978 ureret
507 3936 626 3977 sensus
645 3938 723 3976 snos
744 3914 895 3977 'liberius
911 3915 958 4000 (in
971 3938 1072 3978 causa
1092 3915 1154 3978 (In.
1174 3914 1332 3998 Pisonis).
1350 3950 1393 3962 -
1419 3914 1449 3982 3,
1473 3936 1524 3978 12.
1562 3916 1631 3981 llie

381 4031 519 4085 serratus
562 4023 686 4084 (laesar
716 4022 902 4084 orationem
930 4021 1046 4086 habuit
1078 4022 1238 4084 meditato
1264 4028 1544 4106 temperamento,
1583 4063 1632 4074 -

380 4128 411 4197 3,
433 4131 480 4202 rt.
502 4127 632 4190 ludices
653 4151 711 4212 per
727 4127 859 4191 diversa
876 4127 1106 4213 implacabiles
1134 4137 1227 4192 crant
1243 4129 1291 4213 (in
1315 4127 1376 4190 Cu.
1415 4126 1628 4215 Pisoncm):

380 4236 505 4297 tlaesar
520 4233 562 4297 ob
579 4233 706 4298 bellum
722 4234 914 4323 provinciae
935 4235 1118 4299 inlatum...
1138 4234 1234 4313 Quod
1260 4233 1347 4297 haud
1374 4234 1484 4296 minus
1522 4235 1631 4302 'l'ibc-

380 4342 448 4404 rius¹
477 4364 577 4429 quiam
608 4342 685 4404 l'iso
706 4340 862 4406 abnuere.
892 4343 983 4410 -3,
1024 4344 1071 4404 ιδ.
1095 4341 1219 4405 Eadem
1263 4340 1441 4404 l'lancinac
1471 4341 1627 4417 invidia,

380 4449 620 4532 inaiorgratia,
638 4472 743 4535 coque
773 4448 969 4531 ambiguum
1002 4448 1198 4516 habebatur,
1226 4456 1390 4535 quantum
1421 4449 1561 4512 Caesari
1591 4454 1629 4517 in

379 4579 450 4618 iram
468 4555 623 4621 liceret...
644 4555 744 4619 Nullo
762 4557 870 4640 magis
886 4557 1066 4619 exterritus
1093 4564 1143 4619 est
1171 4556 1244 4642 tCn.
1271 4556 1363 4637 l'iso)
1395 4577 1497 4642 quain
1526 4561 1628 4644 quod

377 4661 545 4726 'liberium
564 4663 634 4725 sine.
651 4663 877 4739 miseratione,
896 4664 967 4725 sine
984 4665 1043 4730 ira.
1060 4662 1266 4726 obstinatum
1280 4661 1499 4748 clausumque
1516 4664 1624 4735 vidit,

378 4793 499 4855 nequo
516 4769 648 4832 adiectu
668 4778 951 4857 perrumperetur.
971 4810 1011 4818 -
1029 4771 1060 4837 3,
1085 4769 1134 4833 iti.
1155 4768 1282 4832 Audire
1306 4792 1358 4832 me
1399 4769 1539 4832 memini
1579 4797 1624 4838 ex

377 4876 565 4940 senioribus·
585 4877 695 4938 risum
713 4878 847 4962 saepias¹
868 4877 955 4940 inter
972 4900 1091 4940 uranus
1108 4876 1239 4939 l'isouis
1260 4875 1468 4953 libellum...‚
1487 4879 1626 4945 amicos

376 4984 447 5047 eius
468 4983 676 5045 ‹liclitaxisse
694 4984 824 5047 litteras
841 4984 963 5047 'l'iberii
980 4993 1010 5048 et
1029 4984 1184 5047 mandata
1208 4984 1240 5045 in
1270 4982 1508 5046 Germanicum
1538 5008 1626 5051 con-
