3709 6234
802 884 970 939 uurlsrlvs
996 885 1097 936 VETVS

356 1025 579 1092 Consulatum
600 1026 715 1114 (Ateio
732 1025 901 1115 Capitoni)
922 1025 1172 1092 adceleraverat
1186 1026 1376 1113 Augustus,
1402 1030 1440 1089 ut
1460 1022 1583 1088 Labeo·

356 1156 433 1198 nem
472 1133 662 1200 Antistium
699 1134 806 1199 isdem
844 1133 976 1200 artibus
1012 1133 1108 1223 (iuris
1142 1131 1296 1220 seientia)
1328 1129 1584 1221 praecellentem

355 1240 550 1326 dignatione
566 1242 638 1305 eius
653 1242 872 1327 magistratus
884 1243 1068 1309 anteiret...
1092 1241 1203 1307 Labeo
1218 1241 1412 1328 incorrupta
1432 1237 1585 1305 libertate

355 1355 389 1413 et
404 1347 447 1412 ob
466 1347 500 1412 id
531 1349 617 1413 lama
649 1348 879 1428 celebratior;
913 1349 1090 1438 Capitonis
1116 1349 1316 1438 obsequium
1333 1345 1586 1412 dominantibus

356 1454 465 1541 magis
478 1454 693 1541 probabatur.
711 1454 777 1532 llli,
795 1455 886 1544 quod
901 1463 1093 1543 praeturam
1114 1457 1201 1522 intra
1217 1456 1322 1530 stetit,
1339 1454 1587 1521 commendatio

356 1585 398 1627 ex
418 1561 578 1627 iniuria...

313 1667 560 1747 AN'l'lSTlVS,
586 1668 822 1734 ANTISTll'S
850 1669 1084 1754 SOSlANVS,
1118 1669 1353 1737 SOSlANVS.
1379 1707 1425 1721 -
1457 1668 1509 1749 ιδ,
1532 1667 1585 1733 28.

358 1777 448 1842 luter
460 1774 647 1841 Vibullium
671 1785 858 1865 praetorem
875 1785 909 1844 et
924 1778 1034 1866 plebei
1054 1777 1230 1845 tribunum
1250 1775 1455 1843 Antistium¹
1477 1785 1587 1842 ortum

354 1892 536 1964 certamen,
552 1883 644 1974 quod
663 1884 883 1950 immodestos
904 1886 1052 1952 lautores
1085 1886 1288 1952 histrionum
1300 1892 1365 1951 eta
1380 1891 1536 1972 praetore
1554 1883 1587 1946 iu

354 1992 466 2058 vinela
500 1993 620 2059 ductos
648 1992 806 2058 tribunus
826 1993 936 2058 omitti
960 1994 1126 2060 iussisset.
1159 1991 1431 2080 Comprobavere
1460 2000 1585 2080 patres,

356 2100 508 2166 incusata
534 2099 675 2164 Antistii
700 2099 847 2165 lieentia.
884 2138 923 2150 -
954 2103 1004 2177 rt,
1032 2103 1086 2178 48.
1116 2099 1288 2166 Antistius
1317 2105 1466 2187 praetor,
1488 2122 1589 2188 quem

355 2210 387 2273 in
404 2205 577 2272 tribunatu
592 2205 702 2294 plebis
723 2206 864 2273 licenter
887 2208 997 2294 egisse
1012 2208 1210 2288 memoravi,
1236 2205 1399 2296 probrosa
1428 2206 1590 2272 adversus

357 2315 545 2403 principem
580 2314 729 2379 earmina
769 2315 938 2381 factitavit
970 2315 1192 2404 vulgavitque
1233 2313 1358 2380 celebri
1390 2315 1587 2380 convivio...

358 2422 546 2487 Maiestatis
565 2422 699 2487 delatus
718 2430 782 2488 est.
797 2423 882 2487 Tum
896 2424 1043 2512 primum
1064 2431 1221 2489 revocata
1236 2445 1275 2488 ea
1290 2421 1357 2500 lex,
1374 2420 1589 2488 credebatur-

365 2553 430 2617 que
454 2529 544 2594 haud
569 2529 708 2616 perinde
736 2531 877 2595 exitium
904 2531 1056 2596 Antistio
1090 2554 1192 2620 quam
1220 2530 1414 2618 imperatori
1445 2528 1589 2617 gloriam

358 2637 486 2724 quaeri,
507 2645 546 2702 ut
573 2637 835 2703 condemnatum
852 2661 869 2702 a
890 2645 1011 2704 senatu
1036 2638 1276 2704 intercessione
1296 2636 1477 2703 tribunicia
1492 2638 1592 2703 morti

360 2744 564 2815 eximeret...
589 2745 713 2810 Paetus
732 2745 936 2829 Thrasea...,
965 2746 1125 2811 acerrime
1152 2745 1316 2833 increpito
1327 2744 1492 2823 Antistio,
1524 2767 1590 2810 nen

362 2851 528 2939 quidquid
544 2874 670 2917 nocens
685 2876 762 2917 reus
778 2853 847 2940 pati
870 2861 1067 2932 mereretur,
1090 2853 1124 2918 id
1149 2852 1284 2940 egregie
1309 2851 1374 2917 sub
1398 2851 1588 2940 principe...

361 2958 582 3024 statuendum
609 2959 780 3024 disseruit.
812 2963 997 3048 —1tt‚d9·
1021 2960 1124 3048 (Nero
1155 2960 1288 3025 senatui
1314 2958 1592 3048 consulibusque)

361 3067 533 3155 rescripsit
557 3066 650 3132 nulla
682 3067 802 3132 iniuria
830 3077 1052 3156 provocatum
1084 3068 1275 3133 Antistium
1307 3066 1528 3155 gravissimas
1557 3067 1591 3131 in

357 3175 542 3262 principem
571 3173 795 3239 contumelias
821 3175 988 3241 dixisse...
1011 3173 1124 3254 -16,
1154 3184 1204 3252 rt.
1220 3173 1393 3240 Antistius
1411 3172 1590 3254 Sosianus,

343 3281 517 3347 lectitatis
535 3283 569 3346 in
591 3281 758 3347 Neronem
774 3282 982 3348 carminibus
1003 3281 1186 3370 probrosis
1204 3281 1319 3363 exilio,
1336 3288 1375 3347 ut
1391 3281 1476 3361 dixi,
1501 3280 1589 3347 mul·

361 3396 492 3455 tatus...
513 3389 729 3455 l’ammenem
741 3389 893 3455 eiusdem
917 3389 983 3454 loci
996 3389 1172 3456 exulem...
1199 3387 1423 3455 similitudine
1438 3389 1595 3455 fortunae

361 3496 424 3560 sibi
453 3496 652 3561 conciliat...
684 3497 781 3561 llxim
801 3498 925 3562 missae
947 3496 1147 3562 Liburnicae
1172 3497 1419 3585 advehiturque
1451 3519 1595 3585 propere

361 3603 535 3691 (Romam)
551 3604 725 3670 Sosianus.
757 3644 799 3652 —
825 3604 874 3675 16.
889 3628 952 3670 nr.
989 3604 1049 3670 Die
1065 3628 1212 3694 quoque,
1230 3627 1298 3692 quo
1323 3611 1460 3692 praetor
1480 3603 1598 3668 Antis-

361 3710 483 3776 tiusob
508 3711 629 3798 probra
645 3712 679 3775 in
703 3712 871 3776 Neronem
899 3711 1084 3801 composita
1113 3711 1156 3776 ad
1181 3719 1324 3778 mortem
1355 3710 1595 3790 damnabatur,

363 3818 495 3883 mitiora
528 3819 660 3883 censuit
687 3818 903 3906 obtinuitque
917 3820 1055 3898 (Paetus
1068 3818 1242 3908 Thrasea).
1260 3857 1301 3869 -
1320 3819 1379 3896 lv,
1394 3821 1449 3897 M.
1467 3818 1599 3884 Mucia-

361 3948 438 4004 nus,
457 3948 510 3990 ne.
520 3977 542 3990 ..
564 3927 696 3990 cunctis
710 3926 773 3991 sub
788 3926 921 3991 Nerone
937 3926 1096 3992 admissis
1111 3927 1190 3992 data
1208 3926 1395 4015 impunitas
1410 3926 1598 4010 videretur,

364 4032 541 4097 (letavium
571 4033 738 4119 Sagittam
771 4039 804 4097 et
834 4035 1024 4099 Antistium
1053 4034 1233 4099 Sosianum
1267 4033 1427 4099 senatorii
1467 4032 1598 4098 ordinis

362 4163 515 4226 egressos
543 4139 682 4204 exilium
704 4140 736 4203 in
763 4141 898 4205 easdem
914 4141 1043 4207 insulas
1062 4141 1234 4228 redegit...
1252 4140 1415 4206 Sosianus
1428 4140 1597 4228 pravitate

362 4270 492 4311 morum
506 4245 623 4311 multis
633 4247 798 4313 exitiosus
818 4301 839 4313 ..
859 4249 927 4313 Nec
940 4249 1014 4313 ideo
1030 4249 1133 4313 lenita
1143 4272 1221 4336 erga
1237 4248 1434 4313 Mucianum
1449 4245 1595 4330 invidiu;

362 4355 485 4443 quippe
503 4355 665 4419 Sosianus
682 4378 718 4420 ae
739 4354 870 4442 Sagitta
888 4356 985 4434 viles,
1005 4357 1106 4422 etiam
1127 4357 1154 4420 si
1176 4363 1468 4422 reverterentur...

320 4460 554 4528 :lh'TlSTll'S
576 4461 731 4527 l'liTl'S.
757 4502 799 4510 -
821 4463 851 4541 3,
884 4464 937 4527 38.
965 4463 1146 4550 (Tiberius)
1175 4462 1364 4528 Antistium
1394 4462 1551 4528 Veterem
1581 4487 1593 4530 e

363 4568 569 4656 primoribus
587 4568 818 4646 Macedoniae,
838 4570 1033 4635 absolutum
1045 4569 1216 4652 adulterii,
1239 4569 1413 4659 increpitis
1428 4568 1592 4637 iudicibus

365 4676 406 4741 ad
427 4674 604 4739 dicendam
633 4677 819 4741 maiestatis
848 4701 984 4742 eausam
1007 4678 1187 4743 retraxit...
1225 4676 1331 4764 lgitur
1357 4699 1444 4766 aqua
1475 4684 1509 4742 et
1528 4677 1588 4764 ign

367 4781 583 4846 interdictum
600 4806 654 4846 reo
675 4834 696 4848 ..

354 5021 361 5054 ¹
382 5020 651 5082 llitter·²s11spicrrtrrr·
668 5021 842 5069 scribendum
861 5036 920 5070 esse
936 5021 969 5069 M.
986 5021 1150 5071 „aureamin
