3709 6234
285 817 336 874 118
834 821 1002 874 AVGVSTVS

328 962 509 1030 Caesarem
524 970 583 1029 aut
595 963 833 1050 imperatorem
849 965 1045 1051 Augustum
1062 970 1361 1054 prosequerentur,
1377 964 1425 1029 ita
1440 964 1563 1031 studiis

328 1070 485 1158 votisque
500 1068 686 1137 certabant.
704 1107 749 1120 -
768 1069 813 1148 ll,
836 1069 890 1159 76.
915 1069 1040 1160 (Verba
1078 1071 1160 1137 lacit
1193 1071 1285 1160 apud
1314 1070 1563 1160 Vespasianum

329 1176 523 1264 Mucianus)
569 1204 584 1237 «
612 1177 687 1242 Non
702 1176 866 1242 adversus
892 1178 971 1243 Divi
986 1179 1136 1267 Augusti
1155 1179 1354 1245 acerrimam
1370 1187 1560 1246 mentm...

328 1284 543 1370 exsurgimus
561 1309 590 1352 n.
609 1324 651 1333 —
668 1284 730 1357 ΙΙΙ,
752 1283 807 1352 66,
826 1313 841 1346 a
868 1285 944 1351 Non
969 1310 987 1351 a
1018 1287 1161 1353 Caesare
1190 1286 1402 1376 Pompeium,
1420 1309 1490 1352 non
1521 1285 1562 1351 ab

328 1394 487 1479 Augusto
516 1391 704 1458 Antonium
737 1392 924 1459 incolumes
948 1393 1096 1461 relictos.
1128 1422 1144 1454 n
1172 1392 1289 1476 -lV,
1315 1393 1564 1483 17.(tnquitur

329 1499 434 1566 lulius
450 1498 583 1587 Civilis)
621 1500 763 1566 «Caeso
792 1500 957 1579 Quintilio
986 1501 1075 1567 Varo
1097 1501 1265 1591 pulsame
1289 1501 1473 1567 Germania
1493 1525 1563 1567 ser-

327 1609 482 1689 vitutem,
514 1632 575 1674 nec
606 1607 783 1673 Vitellium
811 1608 1013 1695 principem,
1047 1608 1106 1674 sed
1150 1609 1331 1675 Caesarem
1363 1610 1562 1696 Augustum

328 1714 417 1781 bello
430 1724 653 1805 provocatum
670 1743 700 1780 n.
720 1754 762 1767 -
784 1715 842 1796 lV,
862 1718 915 1782 23.
933 1715 1006 1780 lllis
1035 1715 1186 1782 bibernis
1213 1715 1362 1782 obsideri
1387 1715 1562 1807 premique

327 1824 527 1891 Germanias
554 1824 734 1911 Augustus
761 1821 994 1889 crediderat...
1029 1861 1073 1872 -
1107 1823 1236 1905 lV,d8.
1256 1823 1359 1912 Legio
1384 1823 1419 1888 in
1446 1824 1562 1891 Africa

327 1932 521 2020 auxiliaque
541 1930 694 1996 tutandis
710 1929 842 2019 imperii
859 1929 984 1994 linibus
999 1929 1064 1994 sub
1077 1929 1165 1995 Divo
1188 1931 1346 2019 Augusto
1361 1930 1562 2021 Tiberioque

328 2038 537 2127 principibus
553 2037 746 2126 proconsuli
762 2035 938 2125 parebant.
955 2073 1001 2087 -
1013 2036 1071 2116 lV,
1090 2036 1144 2125 57.
1161 2036 1334 2124 (Testatur
1346 2038 1436 2126 apud
1459 2038 1563 2106 duces

327 2146 504 2212 Gallorum
538 2145 662 2210 Dillius
693 2144 835 2232 Vocula)
864 2143 987 2209 melius
1007 2143 1094 2209 Divo
1122 2142 1207 2208 lulio
1228 2144 1382 2232 Divoque
1405 2146 1563 2235 Augusto

328 2263 427 2319 notos
447 2276 563 2319 eorum
579 2253 711 2317 animos
729 2272 736 2331 ;
759 2251 904 2317 Galbam
920 2259 955 2318 et
968 2251 1111 2316 infracta
1127 2250 1253 2316 tributa
1273 2251 1414 2320 hostiles
1423 2253 1563 2342 spiritus

328 2361 490 2427 induisse.
508 2398 547 2411 ..,
565 2359 607 2439 V,
619 2383 652 2448 9.
667 2359 822 2444 llegnum
838 2358 1071 2446 (ludaeorum)
1088 2357 1130 2422 ab
1143 2359 1294 2424 Antonio
1309 2358 1563 2426 llerodidatum

329 2468 439 2533 victor
457 2469 635 2555 Augustus
656 2466 762 2532 auxit.
787 2466 869 2532 Post
894 2474 1038 2531 mortem
1065 2464 1222 2543 llerodis,
1252 2464 1336 2530 nibil
1365 2474 1563 2556 exspectato

328 2573 484 2651 Caesare,
513 2574 607 2639 Simo
622 2573 761 2661 quidam
783 2572 914 2660 regium
941 2595 1066 2638 nomen
1087 2572 1269 2639 invaserat.
1288 2608 1327 2620 -
1347 2574 1388 2652 F,
1410 2576 1443 2651 l.
1461 2574 1563 2662 (Sene

328 2681 486 2767 Augusto
500 2681 602 2745 lanus
629 2679 859 2769 patefactus...
878 2703 985 2769 usque
1013 2679 1057 2744 ad
1078 2678 1276 2767 Vespasiani
1299 2680 1435 2747 duravit
1460 2681 1564 2770 impe·

328 2788 441 2875 rium).
461 2827 504 2836 -
533 2791 572 2864 G,
605 2788 659 2876 37.
686 2788 847 2853 Germani
953 2786 1078 2852 Varum
1111 2794 1245 2876 tresque
1266 2809 1343 2853 cum
1358 2810 1398 2853 eo
1412 2786 1564 2876 legiones

329 2895 430 2959 etiarn
459 2895 596 2959 Caesari
622 2894 849 2961 abstulerunt.
868 2895 969 2967 -Λ,
992 2894 1040 2959 ι3.
1071 2895 1186 2982 Longa
1213 2893 1340 2959 oblivio
1368 2894 1564 2962 Britanniae

332 3002 431 3067 etiam
448 3003 482 3067 in
503 3026 584 3091 pace
615 3024 622 3070 :
649 3001 829 3068 consilium
858 3000 891 3067 id
904 3002 1028 3087 {Divus
1043 3001 1224 3088 Augustus
1239 2999 1394 3080 vocabat,
1409 3001 1564 3068 'liberius

330 3117 561 3197 pracceptum.
594 3149 638 3159 -
675 3110 713 3190 0,
755 3109 805 3173 13.
836 3134 852 3173 a
888 3107 980 3174 Malo
1004 3131 1160 3174 securum
1187 3116 1221 3174 et
1254 3109 1407 3198 quietum
1423 3109 1564 3198 Vergilii

328 3240 513 3292 secessum,
544 3217 577 3281 in
607 3240 674 3306 quo
701 3224 812 3282 tamen
833 3239 942 3304 neque
961 3215 1052 3304 apud
1083 3216 1207 3280 Divum
1229 3217 1427 3304 Augustum
1455 3218 1564 3304 gratia

328 3325 477 3391 caruit...
499 3324 616 3389 Testes
635 3324 785 3411 Augusti
798 3322 1004 3410 epistulae...
1029 3323 1222 3411 Populus...
1245 3322 1370 3388 auditis
1385 3323 1419 3388 in
1432 3323 1564 3391 theatro

328 3431 470 3520 Vergilii
486 3431 640 3496 versibus
655 3431 803 3496 surrexit
817 3431 998 3496 universus
1018 3437 1052 3495 et
1076 3431 1161 3496 lorte
1176 3437 1390 3518 praesentem
1404 3439 1563 3520 spectan-

330 3547 466 3628 temque
493 3538 679 3626 Vergilium
707 3545 890 3603 vencratus
925 3546 977 3603 est
1006 3538 1054 3602 sic
1075 3538 1172 3625 quasi
1185 3539 1396 3625 Augustum.
1414 3561 1430 3600 n
1447 3576 1493 3590 -
1513 3563 1561 3627 ¹7·

328 3672 344 3711 u
372 3646 447 3724 Quo
467 3669 555 3711 anno
584 3646 690 3711 llivus
720 3646 899 3733 Augustus
929 3645 963 3710 iu
994 3643 1108 3710 locum
1137 3644 1268 3710 Pansae
1296 3652 1330 3710 et
1355 3644 1459 3712 llirtii
1480 3654 1566 3713 sect

329 3755 371 3831 Q.
389 3753 531 3819 l'edium
544 3752 702 3818 consules
725 3751 869 3818 sullecit.
901 3752 1020 3818 Statue
1041 3775 1100 3817 sex
1127 3758 1162 3817 et
1176 3751 1422 3840 quinquaginta
1442 3776 1562 3831 annos,

328 3859 452 3948 quibus
472 3883 551 3923 mox
583 3860 690 3925 Divus
718 3860 897 3947 Augustus
925 3883 995 3924 rem
1039 3859 1211 3948 publicam
1239 3859 1369 3927 rexit...
1404 3859 1565 3926 Proximo

327 3964 464 4054 quidem
498 3967 671 4053 congiario
700 3967 764 4053 ipsi
795 3966 931 4032 vidistis
959 3966 1138 4055 plerosque
1163 3988 1273 4047 senes,
1291 3965 1349 4054 qui
1382 3990 1419 4032 se
1438 3991 1458 4031 a
1477 3967 1564 4032 Divo

327 4096 461 4163 quoque
478 4075 635 4160 Augusto
651 4073 754 4138 semel
777 4083 878 4162 atque
891 4074 1013 4139 iterum
1029 4075 1200 4162 accepisse
1220 4074 1431 4161 congiarium
1447 4098 1565 4140 narra-

327 4180 420 4246 bant.
450 4182 502 4247 Ex
531 4204 597 4268 quo
625 4180 740 4267 colligi
773 4189 886 4269 potest
918 4189 952 4246 et
985 4181 1168 4246 Corvinum
1189 4180 1231 4245 ab
1254 4179 1324 4245 illis
1343 4189 1377 4247 et
1404 4182 1564 4248 Asinium

327 4287 433 4353 audiri
459 4289 621 4376 potuisse.
640 4288 727 4353 Nam
743 4289 912 4354 Corvinus
928 4290 961 4353 in
979 4288 1128 4353 medium
1150 4311 1259 4376 usque
1275 4289 1423 4377 Augusti
1439 4273 1565 4379 princi·

325 4403 455 4482 patum,
469 4396 611 4461 Asinius
626 4419 732 4484 paene
745 4395 787 4461 ad
802 4404 992 4462 extremum
1003 4394 1150 4461 duravit.
1171 4423 1187 4456 n
1202 4435 1245 4444 —
1262 4397 1314 4463 28.
1330 4421 1346 4462 a
1364 4395 1421 4463 Sic
1437 4396 1565 4464 Corne-

326 4500 405 4565 liam
422 4502 664 4580 Gracchorum,
675 4504 723 4567 sic
738 4502 914 4569 Aureliam
931 4503 1096 4579 Caesaris,
1107 4503 1154 4568 sic
1169 4504 1286 4569 Atiam
1305 4504 1456 4591 Augusti
1470 4528 1565 4593 prae-

326 4608 428 4673 luisse
444 4609 702 4675 educationibus
721 4634 759 4676 ac
777 4610 978 4698 produxisse
1003 4610 1312 4699 principesliberos
1327 4612 1563 4702 accepimus.»

326 4753 370 4763 -
383 4715 436 4781 38.
452 4745 467 4774 ι(
482 4716 712 4783 Non...ullius
727 4719 841 4806 magni
854 4718 998 4783 oratoris
1009 4716 1094 4783 liber
1108 4718 1199 4808 apud
1214 4719 1444 4784 centumuiros
1453 4719 1565 4786 dictus

328 4822 492 4908 (legitur),
502 4826 654 4912 exceptis
667 4826 879 4891 orationibus
893 4825 1019 4901 Asinii,
1032 4848 1118 4913 quae
1133 4848 1193 4913 pro
1207 4823 1390 4892 heredibus
1406 4825 1564 4893 Vrbiniae

327 4928 573 5014 inscribuntur,
590 4932 719 5025 abipso
736 4941 847 5002 tamen
866 4932 1020 5002 l’ollione
1036 4931 1156 5004 mediis
1178 4932 1255 4998 Divi
1268 4932 1418 5024 Augusti
1433 4941 1565 5030 tempo·
