3709 6234
798 871 926 925 LATONA
1451 866 1502 921 401

270 1011 302 1091 (i,
319 1015 350 1089 d.
366 1011 412 1077 Vt
426 1036 506 1077 vero
528 1012 679 1099 (Sextius
704 1013 931 1099 Paconianus)
952 1012 1122 1078 Latinium
1142 1012 1308 1077 Latiarem
1332 1011 1505 1097 ingressus

270 1127 337 1203 est..
363 1128 539 1185 accusator
571 1143 709 1185 aereus
749 1121 844 1185 iuxta
879 1121 979 1184 invisi
1009 1121 1238 1207 gratissimum
1273 1119 1505 1205 spectaculum

269 1226 528 1315 praebebantur.
546 1228 700 1311 Latiaris,
718 1234 755 1293 ut
769 1228 896 1308 rettuli.
914 1229 1113 1316 praecipuus
1124 1227 1205 1292 olim
1219 1226 1505 1292 circumveniendi
1579 1253 1590 1270 ν

272 1334 349 1399 'l'itii
365 1335 483 1400 Sabini
499 1344 532 1401 ct
549 1344 627 1400 tun<-
643 1336 784 1401 luendae
803 1360 928 1423 poenae
944 1336 1073 1423 primus
1089 1335 1162 1400 luit.

228 1441 440 1507 LATlNlVS
458 1443 686 1516 PANDVSA,
711 1443 958 1508 PANDVSA&
978 1482 1019 1492 -
1043 1469 1072 1523 2,
1091 1443 1144 1508 66.
1164 1443 1229 1507 Eas
1245 1440 1392 1529 (Tiberii)
1417 1441 1508 1506 litte-

271 1572 326 1615 ras
360 1550 511 1615 Latinius
547 1551 723 1616 Pandusa'2
753 1558 992 1640 propraetore
1022 1551 1210 1620 Moesiae...
1244 1551 1278 1614 in
1298 1550 1508 1614 ·'l'lrraeciam

273 1657 406 1730 misit...
437 1658 603 1723 Defuncto
633 1658 820 1736 Pandusa³‚
856 1682 957 1747 quem
983 1658 1046 1723 sibi
1081 1658 1250 1724 insensum
1281 1657 1509 1745 Rhescuporis

275 1764 480 1852 arguebat...
1100 1754 1110 1776 ⁹

232 1871 440 1952 LATINVS,
463 1872 566 1938 A.-
589 1899 620 1948 2.
651 1898 699 1940 ιο,
728 1873 893 1963 Pleraque
927 1873 1049 1939 Latino
1089 1895 1244 1938 sermone
1282 1872 1512 1938 interiaciehat

277 1980 494 2068 (Arminius).
512 2020 555 2029 -
574 2006 605 2061 2,
627 1982 675 2045 13.
695 1982 789 2046 Vnus
809 1982 970 2062 hostium,
998 1982 1138 2047 Latinae
1166 1982 1302 2069 linguae
1328 1982 1450 2046 sciens
1469 2020 1504 2028 -

277 2090 309 2168 d,
333 2086 387 2153 36.
410 2088 628 2153 Postulandis
657 2090 722 2154 reis
752 2098 821 2154 tam
845 2091 1026 2154 continuus
1050 2113 1158 2154 annus
1183 2090 1257 2167 luit,
1288 2098 1326 2154 ut
1354 2090 1513 2154 feriarum

278 2194 475 2261 Latinarum
497 2196 616 2260 diebus
642 2198 847 2285 praelectum
874 2197 969 2262 urbis
997 2199 1157 2268 Drusum.
1180 2197 1378 2285 auspicandi
1406 2196 1514 2283 gratia

278 2303 425 2369 tribunal
462 2304 665 2391 ingressum,
692 2305 811 2369 adierit
848 2304 1052 2392 Calpurnius
1087 2303 1266 2369 Salvianus
1301 2305 1333 2368 in
1373 2306 1513 2367 Sextum

280 2410 437 2479 Marium.
460 2452 503 2461 -
516 2412 547 2490 6,
576 2438 625 2479 rr.
646 2412 818 2501 Duratque
832 2411 1061 2488 simulacrum,
1080 2412 1238 2499 quotiens
1254 2410 1297 2474 oh
1315 2412 1413 2475 ferias
1427 2411 1515 2474 Lati·

280 2542 341 2583 nas
356 2520 559 2606 praeficitur,
582 2521 637 2608 qui
654 2519 830 2585 consulare
861 2543 984 2585 munus
1006 2527 1158 2607 usurpet.
1177 2555 1219 2567 -
1239 2543 1288 2594 ιι,
1312 2521 1360 2595 rd.
1395 2518 1515 2581 Forma

279 2626 403 2691 litteris
419 2627 560 2710 Latinis.
583 2651 668 2715 quae
687 2627 878 2692 veterrimis
899 2628 1116 2692 Graecorum.
1137 2665 1180 2674 -
1200 2650 1249 2694 rr.
1269 2628 1322 2702 al.
1340 2625 1517 2712 (Loquitur

281 2732 445 2799 Claudius
474 2734 611 2820 Caesar)
655 2761 670 2799 (ι
703 2734 796 2812 Quae
825 2757 915 2799 nunc
939 2734 1170 2800 vetustissima
1205 2732 1399 2806 creduntur,
1431 2756 1519 2797 nova

284 2840 376 2906 luere
399 2864 406 2908 :
438 2841 561 2929 plebeii
582 2844 802 2930 magistratus
827 2851 904 2930 post
925 2843 1096 2931 patricios,
1117 2842 1227 2906 Latini
1258 2850 1334 2928 post
1354 2840 1516 2929 plebeios

283 2957 468 3015 ceterarum
487 2949 603 3014 ltaliae
616 2952 768 3038 gentium
789 2959 865 3038 post
882 2951 1020 3015 Latinos
1037 2980 1066 3015 n.
1085 2991 1127 3002 -
1153 2954 1201 3027 rt,
1226 2952 1273 3016 15.
1292 2950 1408 3038 (Nero)
1424 2948 1520 3012 insti·

283 3057 349 3122 tuit
362 3056 461 3121 ludos
486 3057 697 3122 Iuvenalium
724 3057 932 3123 vocabule...
965 3058 1040 3122 Non
1069 3057 1229 3123 nobilitas
1254 3059 1423 3146 cuiquam.
1454 3078 1521 3119 non

284 3172 377 3229 aetas
393 3173 451 3229 aut
465 3166 530 3229 acti
551 3165 695 3229 honores
717 3165 970 3253 impedimento,
994 3189 1061 3254 quo
1082 3167 1195 3230 minus
1221 3165 1340 3229 Graeci
1370 3163 1523 3227 Latinive

285 3272 459 3336 histrionis
470 3280 576 3337 artem
591 3281 899 3362 exercerentusque
910 3273 952 3337 ad
965 3281 1082 3358 gestus
1098 3272 1283 3360 modosque
1294 3271 1383 3335 haud
1394 3268 1520 3333 viriles.

286 3418 329 3427 -
344 3379 383 3458 0,
411 3403 461 3467 ¹7·
481 3405 497 3444 a
515 3378 581 3444 Sed
599 3388 732 3444 transeo
752 3380 794 3445 ad
816 3381 955 3444 Latinos
972 3389 1163 3445 oratores...
1186 3409 1200 3439 »

244 3485 431 3551 LATlVM.
446 3524 488 3535 -
510 3490 541 3565 d,
560 3489 591 3553 5.
615 3486 827 3575 Quamquam
848 3488 1010 3553 insideret
1026 3487 1143 3552 urbem
1158 3486 1314 3575 proprius
1329 3484 1438 3558 miles,
1456 3491 1525 3548 tres

287 3592 448 3672 urbanae,
471 3617 593 3658 novem
618 3596 804 3682 praetoriae
833 3595 1000 3671 cohortes,
1025 3594 1159 3659 Etruria
1187 3594 1290 3657 lerme
1319 3592 1525 3679 Vmbriaque

289 3701 438 3767 delectae
454 3711 510 3767 aut
526 3710 638 3767 vetere
651 3702 746 3767 Latio
762 3702 948 3767 etcoloniis
964 3702 1151 3789 antiquitus
1168 3700 1388 3764 llomanis-
1408 3697 1522 3766 ried.

291 3807 434 3887 «Quem
454 3809 543 3874 ultra
565 3809 726 3873 honorem
747 3807 890 3873 residuis
916 3809 1093 3886 nobilium,
1124 3816 1182 3873 aut
1207 3808 1234 3871 si
1261 3808 1337 3895 quis
1363 3829 1489 3893 pauper
1508 3829 1525 3871 e

291 3915 387 3981 Latio
403 3894 539 3982 senator
555 3916 640 3980 loret
661 3941 691 3981 u.
718 3915 913 3994 -15‚32.
943 3915 1071 3981 Eodem
1106 3938 1193 3980 anno
1225 3913 1348 3979 Caesar
1373 3914 1527 3979 nationes

292 4022 432 4112 Alpium
449 4024 694 4088 maritimarum
709 4023 743 4086 in
760 4023 811 4086 ius
824 4022 909 4086 Latii
928 4021 1112 4087 transtulit.
1131 4060 1172 4072 -
1190 4020 1250 4094 ΙΙΙ,
1269 4019 1321 4087 55.
1341 4019 1526 4107 (vitellius)

293 4131 425 4196 foedera
440 4132 551 4202 sociis,
575 4131 707 4196 Latium
725 4130 874 4194 externis
889 4129 1052 4218 dilargiri.

251 4239 446 4305 LATONA.
467 4279 506 4290 -
523 4242 555 4316 3,
573 4242 628 4302 61.
649 4239 785 4325 Ephesii
807 4242 977 4322 (sonatum
991 4237 1033 4303 de
1045 4239 1115 4303 iure
1137 4239 1240 4325 asyli)
1255 4237 1379 4318 adiere,
1402 4261 1529 4303 memo·

293 4355 448 4412 rantes...
468 4368 542 4411 esse
555 4346 645 4433 apud
665 4369 700 4409 se
717 4345 920 4410 Cenchrium
947 4369 1092 4422 amnem,
1124 4345 1237 4410 lucum
1262 4345 1451 4433 Ortygiam,
1472 4345 1530 4410 ubi

294 4457 498 4521 Latonam...
517 4453 662 4518 edidisse
694 4453 850 4537 (Dianam
871 4460 904 4518 et
925 4452 1149 4541 Apollinem).
1167 4491 1210 4502 —
1236 4452 1355 4533 ro,‚61.
1387 4453 1533 4519 llettulit

284 4737 293 4771 ¹
311 4736 435 4792 Pnoser.‚
447 4738 490 4799 78;
509 4737 543 4784 cs.
556 4738 635 4800 79-81.

284 4817 351 4867 m:
367 4817 484 4881 pandus.
517 4817 593 4864 Corr.
632 4817 800 4880 Nipperdey.
830 4817 1048 4881 Vu1302Pando
1074 4817 1116 4865 rel
1138 4816 1257 4867 Pandae.
1276 4815 1328 4864 Sed
1352 4815 1387 4863 cl.
1409 4816 1437 4864 G.
1456 4813 1476 4862 l.
1494 4812 1534 4869 L,

255 4896 327 4956 xlv,
343 4898 412 4946 2166.

285 4977 359 5031 NJ:
376 4982 492 5043 padusa.
512 4981 587 5029 Corr.
606 4979 774 5042 Nipperdey.

316 5088 397 5140 Uiuv.
415 5102 449 5137 nu
467 5090 551 5140 Lron.
566 5114 597 5124 -
614 5089 697 5137 Fun
1427 5085 1459 5133 26

100 5225 814 5521 lx..
