3709 6234
356 892 410 948 338
935 894 1053 948 ultimo

360 1037 558 1104 GYAllVS.
569 1038 653 1117 -3,
673 1036 728 1104 68.
745 1037 800 1124 (L.
819 1035 913 1123 Piso)
929 1058 1017 1125 aqua
1034 1042 1134 1125 atque
1151 1035 1222 1122 igni
1238 1033 1354 1102 Silano
1369 1033 1639 1101 interdicendum

404 1146 536 1210 censuit
565 1145 744 1234 ipsumque
777 1144 811 1208 in
838 1144 985 1208 insulam
1020 1143 1172 1231 Gyarum
1193 1141 1455 1231 relegandum...
1472 1180 1517 1192 -
1532 1141 1565 1220 3,
1582 1140 1639 1230 69.

403 1251 586 1339 (Tiberius)
606 1252 737 1317 addidit
757 1249 904 1316 insulam
924 1252 1077 1338 Gyarum
1094 1251 1259 1315 immitem
1286 1257 1320 1315 et
1334 1250 1407 1317 sine
1422 1250 1515 1315 cultu
1530 1249 1641 1314 bomi-

403 1383 483 1425 num
501 1383 575 1426 esse
593 1382 600 1437 ;
623 1360 743 1425 darent
768 1359 882 1425 luniae
903 1358 1092 1424 familiae...
1111 1364 1148 1423 ut
1164 1357 1336 1445 Cythnum
1352 1359 1466 1446 potius
1480 1358 1642 1423 concede-

403 1476 467 1535 ret.
484 1505 528 1517 -
543 1472 575 1548 Δ,
594 1468 648 1533 3ο.
672 1467 792 1533 Gallus
804 1468 947 1533 Asinius
963 1489 1041 1532 cum
1056 1467 1170 1553 Gyaro
1186 1474 1244 1531 aut
1260 1466 1400 1530 Donusa
1417 1465 1643 1531 claudendum

408 1584 562 1642 censeret
587 1575 738 1658 (Vibium
765 1575 931 1641 Serenum
961 1577 1120 1663 patrem),
1151 1574 1186 1640 id
1213 1597 1347 1664 quoque
1377 1581 1575 1663 aspernatus
1594 1581 1647 1640 est

406 1682 603 1769 (Tiberius),
621 1706 763 1770 egenam
783 1706 889 1772 aquae
908 1691 1087 1771 utramque
1105 1682 1251 1747 insulam
1271 1681 1461 1749 referens...

363 1794 376 1820 *
390 1789 584 1870 GYNDES,
602 1814 636 1856 v.
658 1789 831 1856 SINDES.

364 1896 688 1963 HADRIATICVM
705 1895 848 1976 MARE,
864 1896 996 1962 MARE
1015 1897 1238 1974 HADRIAE,
1256 1897 1467 1963 flabrum.
1480 1920 1568 1976 -2,
1586 1896 1641 1962 53.

410 2005 673 2072 Germanicus...
701 2005 887 2070 Hadriatici
909 2029 948 2070 ae
979 2028 1059 2070 mox
1081 2004 1166 2070 lonii
1182 2005 1286 2069 maris
1306 2004 1484 2069 adversam
1506 2004 1646 2090 naviga·

408 2112 534 2178 tionem
550 2135 773 2199 perpessus...
790 2150 835 2164 -
852 2112 902 2190 15,
924 2112 977 2189 34.
994 2112 1114 2198 (Nero)
1134 2113 1345 2200 petiturus...
1375 2111 1478 2176 maris
1498 2110 1645 2175 Hadriae

405 2220 565 2285 traiectus
593 2220 682 2307 apud
703 2220 934 2285 Beneventum
964 2219 1100 2284 interim
1121 2220 1286 2284 consedit.
1313 2256 1358 2270 —
1386 2217 1446 2298 Ill,
1465 2220 1519 2295 ila.
1535 2216 1644 2282 Occu-

404 2335 529 2415 pantur
548 2326 580 2412 (a
606 2325 789 2414 Flavianis)
806 2327 906 2414 plana
927 2326 1087 2392 Vmbriae
1111 2334 1145 2391 et
1170 2349 1236 2415 qua
1251 2326 1398 2391 Picenus
1418 2347 1498 2411 ager
1515 2323 1642 2388 Hadria

404 2434 565 2500 adluitur.

361 2541 572 2622 'HAEDVL
594 2564 627 2607 v.
646 2540 803 2606 AEDVl.

363 2647 566 2713 HAEMVS.
592 2686 636 2699 -
664 2650 696 2726 3,
727 2648 779 2712 38.
798 2646 938 2713 Validae
959 2647 1165 2736 (Thraeciae)
1192 2649 1347 2713 nationes
1371 2670 1464 2713 arma
1478 2670 1640 2736 cepere...

409 2755 491 2820 Pars
506 2754 646 2821 turbant
661 2757 863 2843 praesentia,
879 2755 938 2821 alii
956 2764 1107 2820 montem
1136 2756 1302 2821 Haemum
1332 2754 1641 2843 transgrediuntur,

407 2870 445 2928 ut
460 2871 607 2927 remotos
620 2860 765 2950 populos
779 2863 994 2929 concirent...
1017 2901 1048 2910 -
1070 2864 1103 2941 il,
1132 2861 1186 2928 51.
1210 2861 1364 2951 Reliquis
1378 2862 1640 2948 (Thraecum...

406 2976 618 3055 praematura
643 2970 768 3034 montis
793 2969 914 3034 Haemi
947 2976 980 3034 et
1006 2992 1108 3034 saeva
1131 2968 1238 3034 hiems
1267 2968 1438 3035 subvenit.
1464 2967 1640 3046 -11‚85.

407 3075 565 3164 (Tettius)
587 3075 738 3140 lulianus
753 3084 925 3164 comperto
947 3076 1141 3141 discrimine
1156 3083 1190 3141 et
1205 3077 1319 3163 gnaris
1338 3075 1488 3141 locorum
1504 3075 1644 3140 adscitis

406 3206 466 3270 per
490 3183 564 3247 avia
580 3182 729 3247 Moesiae
744 3183 833 3248 ultra
849 3192 1000 3248 montem
1016 3184 1180 3248 Haemum
1202 3183 1362 3270 profugit.

366 3288 709 3355 llALlCAllNASH.
737 3330 779 3338 —
806 3298 838 3367 Δ,
869 3289 921 3354 55.
945 3290 1049 3376 (Cum
1069 3288 1308 3376 ambigeretur,
1326 3312 1473 3378 quanam
1489 3289 1523 3354 in
1541 3288 1644 3352 Asiae

407 3398 545 3462 civitate
559 3395 724 3483 templum
741 3396 865 3461 Tiberii
881 3398 1113 3484 statueretur),
1131 3396 1269 3485 paulum
1287 3396 1536 3473 addubitatum,
1553 3394 1645 3486 quod

409 3503 655 3569 llalicarnasii²
674 3503 766 3568 mille
782 3512 815 3568 ct
830 3504 995 3568 ducentos
1009 3527 1069 3592 per
1088 3527 1196 3569 annos
1215 3504 1309 3568 nullo
1335 3511 1552 3569 motuterrae
1572 3527 1645 3567 mu-

408 3611 532 3677 tavisse
552 3611 650 3676 sedes
663 3635 742 3675 suas
758 3611 902 3699 vivoque
922 3612 956 3675 in
981 3634 1063 3676 saxo
1087 3611 1306 3677 fundamenta
1333 3609 1452 3699 templi
1468 3611 1644 3675 adsevera-

409 3726 538 3783 verant.

366 3823 605 3891 HALOTVS³.
616 3864 659 3874 -
674 3849 724 3901 12,
743 3825 796 3889 66.
815 3826 1009 3912 (Locustae)
1025 3826 1161 3912 ingenio
1176 3832 1332 3914 paratum
1350 3824 1523 3914 (Claudio)
1537 3824 1642 3903 virus,

409 3933 505 3995 cuius
519 3932 672 3996 minister
688 3956 704 3996 o
725 3932 935 4019 spadonibus
951 3933 1013 3998 luit
1035 3932 1190 4012 Halotus,
1209 3933 1331 3998 inferre
1350 3931 1468 4021 epulas
1485 3939 1518 3997 et
1531 3931 1647 4019 explo-

409 4061 482 4103 rare
498 4047 599 4124 gustu
620 4039 752 4103 solitus.

367 4142 529 4209 HALVS.
556 4183 599 4191 -
623 4145 655 4220 6,
693 4148 745 4220 -l¹·
779 4145 946 4210 Tiridates
979 4145 1173 4211 volentibus
1203 4146 1386 4214 Parthis...
1419 4144 1585 4211 Halum...
1613 4153 1646 4211 et

410 4252 614 4316 Artemitam
636 4251 792 4317 Parthica
809 4253 932 4340 oppida
948 4255 1085 4340 recepit.

367 4358 551 4423 llnllnlu.
570 4358 667 4438 -V,
686 4359 717 4422 3.
748 4358 891 4424 Plurimi
925 4369 1080 4426 auctores
1104 4362 1323 4427 consentiunt
1337 4369 1410 4425 orta
1429 4383 1489 4447 pcr
1508 4362 1646 4447 Aegyp-

412 4474 481 4531 tum
502 4465 621 4532 tabe...
640 4488 753 4553 regem
775 4467 974 4531 Bocchorim
990 4468 1081 4533 adito
1094 4468 1295 4533 Hammonis
1310 4467 1445 4533 oraculo
1461 4467 1647 4532 remedium

396 4766 404 4799 ¹
424 4764 497 4814 ldem
512 4780 584 4814 mare
601 4766 711 4814 Tacitus
723 4767 789 4814 alibi
806 4766 985 4816 Delmaticum
1000 4771 1047 4816 aiil
1065 4768 1210 4831 Illyricum
1227 4771 1359 4818 nominat.

396 4846 407 4881 ¹
425 4846 467 4896 fl:
483 4845 654 4895 aliesrnasii.
671 4847 746 4897 Corr.
771 4847 926 4895 lthenanus.
943 4875 973 4884 -
992 4849 1101 4896 Codicis
1117 4850 1261 4898 lectionem
1284 4855 1377 4898 tuetur
1394 4850 1477 4898 Orelli
1498 4850 1559 4899 roll.
1579 4850 1646 4899 Cic..

368 4925 457 4983 Tusa,
467 4927 515 4978 lll.
534 4928 573 4989 75.

396 5007 407 5042 ³
427 5007 550 5064 Plausum,
567 5024 590 5070 7.
