3709 6234
285 855 338 910 274
827 857 1026 909 rtsnvaatvs

331 998 447 1064 aedem
472 997 603 1064 Cereris
644 997 867 1085 opperiretur,
908 996 999 1062 unde
1030 1020 1107 1063 eum
1144 996 1333 1085 praefectus
1361 996 1509 1062 Faenius
1539 1005 1572 1062 et

329 1106 431 1171 ceteri
478 1104 621 1171 accitum
673 1104 798 1170 terrent
847 1105 881 1168 in
927 1111 1080 1170 castra...
1123 1141 1167 1153 —
1214 1106 1263 1185 15,
1309 1105 1367 1169 58.
1428 1104 1571 1170 Faenius

330 1236 462 1302 quoque
497 1212 605 1277 llulus
632 1210 799 1276 violenter
837 1211 995 1299 (urgebat
1025 1212 1127 1298 reos),
1162 1210 1313 1276 nondum
1339 1210 1381 1276 ab
1405 1210 1572 1277 indicibus

329 1322 536 1400 nominatus,
554 1326 599 1396 et,
618 1342 685 1407 quo
705 1318 806 1383 lidem
821 1318 975 1383 inscitiae
996 1326 1139 1407 pararet,
1158 1325 1255 1383 atrox
1270 1318 1434 1384 adversus
1448 1319 1569 1384 socios.

331 1428 423 1494 ldem
440 1426 561 1493 Subrio
579 1426 683 1490 Flavo
704 1425 883 1491 adsistenti
903 1425 1147 1514 adnuentique,
1163 1448 1205 1490 an
1221 1426 1310 1491 inter
1329 1427 1437 1513 ipsam
1457 1427 1571 1514 cogni-

331 1536 455 1600 tionem
486 1533 714 1620 destringeret
749 1532 902 1620 gladium
949 1533 1154 1621 caedemque
1197 1532 1369 1620 (Neronis)
1409 1541 1571 1624 patraret,

330 1642 482 1707 renuit...
500 1679 544 1689 —
569 1640 618 1720 15,
637 1640 691 1705 61.
720 1640 836 1705 Tradit
858 1639 982 1706 Fabius
1004 1641 1204 1706 Rusticus...
1227 1640 1400 1706 tribunum
1416 1642 1571 1728 (missum

331 1774 348 1814 a
382 1750 515 1814 Nerone
546 1748 587 1813 ad
616 1748 791 1829 Senecam,
821 1755 858 1812 ut
883 1747 912 1812 ei
943 1755 1084 1813 mortem
1114 1747 1330 1824 indiceret)...
1370 1749 1506 1815 flexisse
1530 1749 1571 1814 ad

330 1856 493 1921 Faenium
514 1855 722 1944 praefectum
754 1863 800 1926 et.
828 1855 992 1942 expositis
1012 1855 1167 1922 Caesaris
1190 1855 1303 1936 iussis,
1330 1879 1373 1920 an
1397 1856 1570 1944 obtempe-

329 1970 418 2028 raret
450 1963 725 2049 interrogavisse,
763 1962 997 2049 monitumque
1030 1961 1072 2026 ab
1102 1985 1142 2026 eo
1171 1970 1209 2027 ut
1246 1971 1499 2051 exsequeretur.
1529 2001 1571 2013 -

335 2071 384 2150 15,
403 2069 457 2134 66,
476 2071 633 2136 Militaris
653 2092 787 2158 quoque
816 2069 1024 2155 conspiratio
1054 2092 1122 2134 non
1151 2068 1239 2135 ultra
1271 2068 1399 2148 fefellit,
1422 2073 1570 2137 accensis

331 2176 496 2243 indicibus
508 2178 550 2242 ad
561 2175 773 2265 prodendum
788 2176 951 2241 Faenium
962 2174 1101 2255 llufum,
1112 2199 1215 2265 quem
1225 2176 1384 2242 eumdem
1398 2179 1569 2245 conscium

329 2285 609 2374 etinquisitorem
625 2307 694 2348 non
714 2282 916 2348 tolerabant.
936 2281 1025 2370 Ergo
1048 2283 1189 2349 instanti
1218 2284 1458 2374 minitantique
1485 2286 1570 2352 reui-

329 2392 412 2457 dens
431 2393 659 2458 Scaevinus...
685 2390 761 2455 Non
782 2413 848 2454 vox
870 2389 1051 2455 adversum
1066 2414 1105 2456 ea
1127 2390 1267 2456 Faenio¹
1292 2413 1359 2457 non
1384 2392 1568 2474 silentium,

328 2499 387 2564 sed
402 2499 503 2565 verba
523 2523 583 2564 sua
603 2496 830 2587 praepediens
854 2505 888 2563 et
915 2498 1050 2585 pavoris
1076 2497 1329 2580 manifestus..‚
1347 2499 1442 2566 iussu
1467 2500 1570 2590 impe-

330 2608 493 2672 ratoris...
517 2606 702 2693 corripitur
722 2604 946 2694 vinciturque.
964 2643 1007 2652 -
1036 2606 1086 2680 15,
1105 2605 1158 2673 68.
1183 2605 1230 2671 At
1246 2629 1312 2671 non
1333 2606 1458 2672 Faenio
1483 2606 1568 2673 llulo

329 2738 389 2801 par
409 2715 553 2796 animus,
577 2712 637 2778 sed
656 2712 918 2777 lamentationes
939 2735 1018 2777 suas
1042 2713 1143 2778 etiam
1172 2713 1207 2777 in
1230 2720 1472 2779 testamentum
1493 2737 1569 2780 con·

329 2821 419 2886 tulit.
437 2861 481 2870 —
501 2820 552 2902 16,
581 2844 630 2885 ια.
658 2820 696 2884 P.
720 2818 841 2884 Gallus
863 2841 967 2907 eques
990 2819 1177 2901 Romanus,
1204 2819 1294 2909 quod
1317 2820 1460 2886 Faenio‘²
1483 2821 1568 2888 llulo

328 2929 468 2993 intimus
483 2936 518 2994 et
542 2928 596 3009 (L.
628 2925 793 3014 Antistio)
817 2926 931 2991 Veteri
952 2949 1020 2991 non
1053 2926 1185 2992 alienus
1205 2927 1326 3010 lucrat,
1358 2951 1446 3017 aqua
1470 2936 1569 3019 atquc

329 3036 401 3122 igni
420 3034 611 3124 prohibitus
625 3042 688 3100 est.

284 3141 531 3208 FAlANlVS³.
546 3179 589 3190 —
616 3166 642 3224 ι,
660 3142 713 3230 73.
742 3141 841 3205 Haud
867 3141 996 3228 pigebit
1018 3141 1141 3207 reterre
1157 3143 1191 3208 in
1208 3143 1344 3209 Faianio
1369 3152 1404 3209 et
1427 3143 1565 3226 llubrio,

327 3250 467 3315 modicis
495 3249 666 3337 equitibus
693 3249 854 3313 llomanis
887 3256 1135 3337 praetemptata
1157 3250 1360 3337 (maiestatis
1395 3251 1566 3337 crimina).

328 3358 464 3422 Faianio
497 3356 665 3421 obiciebat
709 3363 895 3435 accusator,
932 3356 1024 3444 quod
1059 3356 1147 3422 inter
1188 3357 1337 3423 cultores
1372 3359 1565 3448 Augusti...

327 3466 483 3530 Cassium
503 3463 683 3552 quemdam
708 3463 848 3527 mimum
870 3514 890 3527 ..
921 3463 1131 3540 adscivisset,
1155 3465 1313 3554 quodque
1329 3465 1476 3531 venditis
1496 3467 1569 3531 hor-

331 3574 416 3638 tis...

284 3679 550 3756 'FALANll'S,
570 3702 601 3743 v.
621 3676 850 3743 FAlANlt'S.

285 3787 444 3852 FANVM
466 3784 723 3851 FORTVNAE.
748 3825 776 3838 -
806 3784 866 3861 lll,
898 3785 953 3850 50.
985 3785 1162 3850 Exercitus
1186 3786 1357 3875 ducesque
1383 3788 1564 3876 (Flaviani)

328 3891 370 3956 ad
383 3894 513 3955 Fanum
530 3891 696 3956 Fortunae
710 3893 773 3957 iter
787 3894 922 3970 sistunt,
946 3891 987 3955 de
1001 3916 1133 3957 summa
1150 3916 1260 3958 rerum
1276 3903 1489 3961 cunctantes.
1513 3947 1521 3961 .

284 3997 500 4064 FAVONlll.
532 4036 576 4048 -
617 3998 667 4071 16,
701 4023 753 4064 aa..
783 3999 1023 4085 (Cossutianus
1051 4000 1171 4088 Capito
1214 4000 1355 4065 Paetum
1387 4001 1567 4069 Thraseam

328 4106 474 4191 incusat)
499 4137 513 4164 a
535 4104 603 4170 lsta
633 4112 723 4170 secta
738 4106 960 4194 (Stoicorum)
985 4105 1180 4172 'l'uberones
1201 4115 1234 4172 et
1254 4107 1434 4189 Fauonios,
1463 4109 1567 4176 veteri

327 4234 461 4301 quoque
476 4211 680 4299 reipublicae
701 4213 833 4298 ingrata
848 4213 999 4282 nomina.
1017 4214 1145 4299 genuit.
1168 4241 1182 4274 a

288 4318 488 4384 ltnvs'tt's
513 4318 673 4396 SVLLA,
691 4343 724 4383 v.
743 4318 1000 4384 cottulttlt's
1020 4319 1167 4386 SVLLA
1182 4323 1253 4408 (B).

286 4425 549 4493 FllBRl'Allll'
552 4426 586 4490 S.
612 4465 654 4474 -
680 4425 705 4507 l,
726 4451 778 4515 27.
798 4431 926 4492 tlctaro
944 4427 1074 4492 decimo
1090 4428 1253 4494 kalendas
1268 4428 1481 4498 Februarias.

317 4737 323 4770 ¹
344 4737 371 4790 U
387 4754 392 4787 :
408 4737 527 4799 saeuius.

314 4818 325 4851 ²
343 4817 369 4868 Μ
384 4834 391 4864 .·
407 4818 496 4878 senio.
511 4818 586 4868 Corr.
604 4816 698 4866 Orelli.

313 4897 324 4933 ³
342 4897 465 4956 Pansam,
479 4898 517 4946 80.
534 4898 577 4946 Sic
592 4897 726 4946 llediccus
752 4897 791 4951 Cf,
812 4896 933 4956 libbam,
952 4898 1065 4960 prem.
1079 4898 1161 4963 epig..
1183 4918 1206 4959 2,
1226 4901 1265 4950 66.
1283 4903 1410 4953 Editor-es
1424 4904 1567 4955 Famem.

313 4977 324 5012 ⁴
341 4978 539 5041 Intellegendus
556 4981 597 5026 est
614 4978 651 5027 bl.
669 4978 813 5036 Favonius,
833 4977 867 5026 ll.
887 4977 999 5026 Catonis
1018 4979 1154 5028 Vticensis
1171 4981 1284 5032 amicus.
