3709 6234
360 855 414 916 6⁴8
902 860 1104 915 recreatam

404 1001 446 1083 V,
475 1026 523 1069 ιο.
560 1002 709 1091 (Bellum
757 1001 947 1090 Iudaicum)
976 1003 1197 1091 comprimere
1237 1010 1449 1092 coeptantem
1486 1003 1648 1071 Cestium

405 1110 542 1175 Gallum
572 1111 691 1198 Syriae
717 1110 908 1198 legatum...
941 1150 983 1159 -
1011 1109 1052 1189 V,
1088 1110 1140 1175 26.
1168 1111 1347 1199 (Loquitur
1377 1110 1482 1177 lulius
1506 1111 1649 1199 Civilis)

406 1242 423 1282 ι(
445 1219 550 1283 Arma
570 1218 604 1282 ia
621 1217 802 1283 Germania
820 1218 923 1297 movi,
939 1241 1024 1306 quae
1034 1217 1213 1282 Mucianus
1227 1218 1261 1282 in
1278 1218 1417 1306 Syria...
1438 1246 1453 1279 ι)
1468 1221 1550 1284 -Α
1586 1224 1647 1297 do.

407 1325 652 1413 (Domitianus)
666 1324 759 1390 iubet
774 1325 895 1392 addi...
924 1324 1118 1413 opinionem
1140 1326 1274 1412 Syriam
1308 1328 1513 1413 provinciam
1539 1329 1650 1416 Agri-

405 1432 498 1498 colae
518 1432 692 1513 destinari,
709 1455 851 1497 vacuam
868 1440 940 1497 tum
957 1441 1063 1497 morte
1084 1432 1180 1498 Atilii
1196 1433 1272 1497 Rufi
1285 1434 1474 1499 consularis
1487 1441 1521 1501 et
1537 1437 1651 1501 maio-

406 1539 500 1605 ribus
513 1549 730 1606 reservatam.
746 1539 926 1604 Credidere
942 1540 1094 1628 plerique
1107 1539 1309 1607 libertum...
1326 1542 1467 1607 missum
1479 1541 1522 1607 ad
1541 1545 1651 1631 Agri-

405 1647 711 1726 colamcodieillos,
727 1646 1000 1736 quibuseiSyria
1024 1646 1179 1728 dabatur,
1205 1648 1335 1729 tulisse,
1355 1672 1432 1714 cum
1461 1658 1650 1806 praecepto

403 1764 452 1834 ut,
469 1756 540 1820 siin
557 1754 731 1820 Britannia
747 1754 844 1830 foret,
862 1754 1035 1819 traderent
1021 1761 1116 1821 tu...r

362 1863 588 1930 SYRIACVS
623 1861 761 1926 EXEll(
728 1862 889 1939 lClTVS‚
927 1860 1159 1927 SYRIACrlll
1198 1862 1436 1931 LEGlONES.
1467 1903 1508 1913 —
1540 1865 1584 1946 ll,
1612 1866 1648 1932 8.

405 1973 492 2038 Ceut
478 1971 645 2035 terionem
673 1971 850 2035 Sisennam
875 1968 1070 2035 dexteris...
1092 1969 1222 2058 Syriaci
1246 1974 1413 2036 exercitus
1436 1973 1574 2038 nomine
1603 1973 1652 2038 ad

405 2079 636 2166 praetorianos
649 2078 823 2143 ferentem.
840 2115 884 2127 -
904 2076 948 2154 ll,
966 2079 1020 2144 80.
1039 2077 1273 2142 ddseverabat
1288 2078 1466 2143 Mucianus
1482 2081 1651 2145 statuisse

407 2185 595 2268 Vitellium,
613 2193 651 2250 ut
667 2185 885 2251 Germanicas
911 2184 1061 2270 legiones
1076 2185 1111 2248 in
1126 2185 1259 2271 Syriam
1271 2185 1313 2250 ad
1328 2186 1483 2251 militiam
1503 2187 1652 2275 opulen-

404 2301 474 2360 tam
486 2293 702 2382 quietamque
715 2292 924 2372 transferret,
940 2299 1056 2357 contra
1073 2292 1221 2378 Syriacis
1237 2291 1427 2379 legionibus
1442 2294 1652 2360 Germanica

405 2400 543 2466 hiberna
555 2399 648 2465 caelo
668 2423 705 2464 ac
721 2399 894 2464 laboribus
915 2400 999 2463 dura
1010 2406 1232 2465 mutarentur.

360 2508 685 2575 TACFARINAS1.
705 2547 748 2556 -
765 2531 796 2582 a,
816 2507 870 2573 52.
890 2507 1018 2572 Eodem
1034 2530 1122 2571 anno
1139 2516 1295 2594 coeptum
1315 2508 1349 2572 in
1378 2507 1492 2573 Africa
1515 2508 1652 2576 bellum

405 2615 489 2681 duce
515 2615 662 2680 hostium
692 2614 915 2679 Tacfarinate.
953 2615 984 2679 ls
1008 2615 1144 2679 natione
1168 2615 1353 2681 Numida...
1383 2616 1416 2679 in
1437 2617 1558 2682 castris
1579 2618 1652 2682 llo·

408 2723 517 2788 manis
538 2722 714 2787 auxiliaria
739 2721 907 2809 stipendia
932 2723 1086 2802 meritus,
1108 2745 1187 2786 mox
1210 2722 1403 2789 desertor...
1423 2723 1649 2794 Postremo..

406 2829 689 2895 Musulamiorum
707 2829 776 2894 dux
798 2829 910 2894 haberi
932 2881 953 2895 ..
977 2829 1182 2918 Divisusque
1200 2830 1378 2909 exercitus,
1396 2838 1435 2895 ut
1449 2830 1653 2899 Tacfarinas

406 2938 512 3003 lectos
532 2938 635 3002 viros,
657 2986 664 3001 .
688 2936 866 3025 disciplina
890 2944 924 3001 et
951 2937 1100 3024 imperiis
1128 2946 1339 3004 suesceret...
1362 2938 1430 3003 Nec
1450 2938 1653 3006 Tacfarinas

404 3067 553 3134 pugnam
580 3043 792 3108 detrectavit.
823 3081 861 3092 —
891 3043 923 3120 3,
952 3068 1004 3107 ao.
1038 3044 1165 3108 Eodem
1192 3067 1281 3109 anno
1305 3044 1513 3128 Tacfarinas,
1543 3070 1652 3135 quern

404 3152 525 3241 [priore
544 3158 684 3238 aestate]
707 3150 843 3239 pulsum
868 3175 885 3215 a
913 3150 1059 3214 Camillo
1082 3153 1280 3226 memoravi,
1309 3151 1436 3217 bellum
1465 3154 1499 3217 in
1528 3154 1652 3220 Africa

404 3266 555 3324 renovat.
574 3295 618 3307 -
638 3258 669 3334 3,
689 3284 742 3324 ar.
763 3258 932 3323 Vexillum
946 3267 1196 3340 veteranorum.
1218 3283 1284 3323 non
1301 3259 1448 3347 amplius
1466 3261 1653 3348 quingenti

404 3390 556 3444 numero,
598 3366 860 3429 ...Tacfarinatis
895 3367 1009 3453 copias
1042 3366 1259 3453 praesidium,
1292 3368 1345 3433 cui
1381 3368 1483 3431 Thala
1504 3389 1650 3450 nomen,

403 3474 582 3558 adgressas
596 3473 827 3560 studerunt)...
853 3473 1046 3536 Tacfarinas
1072 3474 1238 3560 perculsis
1264 3474 1420 3538 Numidis
1452 3482 1485 3538 et
1512 3474 1653 3541 obsidia

403 3580 674 3668 aspernantibus
711 3580 841 3666 spargit
871 3579 1039 3646 bellum...
1072 3619 1114 3628 -
1142 3581 1173 3652 3,
1206 3581 1259 3647 32.
1289 3582 1405 3667 Neque
1435 3581 1543 3646 multo
1567 3594 1653 3670 post

402 3688 513 3750 missis
534 3686 575 3749 ad
587 3694 742 3749 senatum
759 3685 880 3748 litteris
896 3686 921 3747 T
925 3685 1049 3749 iberius
1070 3693 1196 3749 arctam
1213 3710 1329 3749 rursus
1341 3687 1489 3750 Africam
1504 3687 1651 3755 incursu

403 3794 623 3858 Tacfarinatis
652 3793 777 3856 docuit.
809 3831 851 3839 -
880 3792 910 3871 3,
940 3791 993 3880 73.
1025 3792 1229 3867 Tacfarinas,
1265 3817 1470 3881 quamquam
1507 3798 1653 3883 saepius

404 3900 577 3987 depulsus.
604 3900 766 3985 reparatis
788 3923 846 3985 per
871 3899 988 3963 intima
1014 3899 1148 3963 Africae
1175 3899 1309 3964 auxiliis
1333 3901 1395 3964 lmc
1426 3901 1654 3987 adrogantiae

401 4016 551 4086 venerat,
574 4015 611 4070 ut
631 4006 760 4090 legatos
789 4006 831 4069 ad
860 4006 1030 4070 Tiberium
1064 4007 1211 4071 mitteret
1243 4008 1424 4095 sedemque
1455 4008 1545 4072 ultro
1578 4012 1652 4079 sibi

401 4125 501 4202 atque
527 4114 688 4178 exercitui
716 4138 776 4177 suo
802 4113 1001 4199 postularet,
1029 4122 1087 4178 aut
1108 4113 1234 4178 bellum
1253 4115 1487 4202 inexplicabile
1504 4117 1650 4184 minita-

401 4231 503 4287 retur.
519 4221 595 4284 Non
611 4221 694 4284 alias
712 4221 819 4304 magis
835 4245 896 4283 sua
920 4220 1103 4309 populique
1132 4222 1274 4285 lfomani
1311 4222 1519 4287 contumelia
1545 4225 1654 4291 indo·

401 4330 504 4393 luisse
525 4331 701 4396 Caesarem
727 4328 851 4401 ferunt,
874 4351 975 4415 quam
1001 4328 1091 4414 ‹luod
1111 4329 1263 4392 desertor
1283 4337 1316 4393 ct
1340 4329 1464 4416 praedo
1489 4330 1650 4399 hostium

403 4444 641 4522 moreageret;
666 4458 705 4498 ne
726 4438 889 4522 Spartaco
918 4435 1097 4522 quidem...
1124 4436 1252 4514 datum,
1286 4445 1322 4500 ut
1350 4444 1448 4524 pacto
1478 4437 1511 4499 in
1543 4439 1654 4506 fidem

402 4545 625 4630 acciperetur:
655 4543 776 4606 nedum
810 4542 1036 4628 pulcherrimo
1066 4545 1182 4630 populi
1213 4543 1356 4606 lfomani
1390 4543 1525 4629 fastigio
1561 4546 1657 4612 latro

401 4650 594 4713 Tacfarinas
636 4673 715 4735 pace
754 4658 787 4713 et
817 4650 1033 4713 concessione
1069 4673 1227 4733 agrorum
1262 4650 1523 4716 redimeretur...
1563 4654 1655 4720 Mox

401 4758 580 4822 adversum
611 4765 699 4820 artes
721 4754 942 4820 'Tacfarinatis
969 4757 1058 4820 lraud
1087 4757 1243 4820 dissimili
1270 4757 1370 4820 modo
1392 4756 1652 4842 belligeratum.

391 4994 396 5025 ¹
419 4994 538 5041 l'nosor..
558 5012 564 5039 1
