3709 6234
813 831 987 884 uem-'tutta
1008 831 1134 884 Pulscvs

379 973 562 1039 adlinitatis
592 997 717 1061 poenas
746 974 916 1040 daturum.
939 1011 983 1022 —
1010 970 1059 1047 16,
1091 971 1145 1037 33.
1178 971 1355 1037 llelvidius
1388 979 1422 1036 et
1447 969 1613 1038 Paconius

379 1080 475 1145 ltalia
490 1079 718 1168 depelluntur.
738 1120 780 1131 —
812 1079 860 1157 16,
886 1079 940 1147 35.
966 1080 1107 1166 (Paetus
1130 1079 1276 1144 Thrasea
1301 1078 1497 1164 damnatus)
1516 1076 1613 1142 laeti-

380 1187 445 1252 tiae
460 1188 609 1276 propior,
626 1188 704 1276 quia
728 1186 923 1253 llelvidium
943 1210 1105 1273 generum
1129 1209 1228 1251 suum
1249 1184 1346 1251 ltalia
1361 1192 1493 1250 tantum
1508 1184 1613 1249 arceri

377 1303 593 1382 cognoverat.
636 1297 786 1382 Accepto
826 1294 947 1360 dehinc
986 1302 1143 1359 senatus·
1163 1292 1320 1359 consulto
1357 1290 1553 1357 llelvidium
1581 1299 1614 1356 et

380 1402 591 1468 Demetrium
611 1403 644 1467 in
661 1401 855 1467 cubiculum
868 1401 1039 1470 inducit...
1056 1439 1101 1452 -
1122 1400 1165 1479 ll,
1180 1425 1235 1488 9¹·
1259 1399 1454 1466 Vcntitabat
1468 1400 1503 1464 in
1517 1421 1616 1464 sena-

378 1518 450 1574 tum
465 1508 694 1597 (Vitellius)...
719 1510 769 1573 Ae
783 1509 869 1574 forte
892 1509 1029 1574 Priscus
1058 1507 1237 1573 llelvidius
1256 1515 1391 1596 praetor
1415 1507 1615 1593 designatus

379 1624 496 1682 contra
511 1616 660 1682 studium
681 1616 752 1681 cius
767 1624 957 1682 censuerat.
974 1652 1017 1665 -
1033 1616 1090 1694 Ν,
1110 1617 1141 1692 Δ.
1159 1614 1223 1679 Vbi
1238 1614 1280 1680 ad
1302 1614 1499 1681 llelvidium
1523 1613 1614 1678 Pris-

379 1747 456 1788 cum
479 1731 668 1810 praetorem
703 1722 918 1811 designatum
948 1731 1101 1799 ventum,
1133 1722 1299 1810 prompsit
1325 1720 1540 1796 sententiam,
1576 1728 1614 1784 ut

381 1830 600 1895 honorificam
626 1831 659 1895 in
687 1854 812 1896 novum
850 1830 1080 1917 principem...
1113 1829 1212 1919 lsque
1239 1830 1439 1917 praecipuus
1465 1826 1515 1893 illi
1541 1826 1615 1892 dies

381 1960 523 2022 magnac
553 1937 699 2001 ollensac
733 1937 864 2003 initium
904 1946 937 2003 et
977 1959 1120 2023 magnae
1162 1935 1290 2024 gloriae
1319 1935 1392 2003 luit.
1422 1974 1463 1984 —
1493 1935 1550 2013 Ν,
1581 1937 1612 2000 5.

383 2043 560 2108 llelvidius
601 2044 778 2111 Priscus...
811 2068 829 2110 e
868 2043 1051 2110 Caracinae
1096 2043 1279 2131 municipio
1320 2043 1466 2120 Cluuiis,
1505 2051 1612 2131 patre,

381 2151 439 2238 qui
477 2151 629 2216 ordinem
667 2152 766 2237 primi
806 2151 866 2239 pili
905 2149 1074 2230 duxisset,
1123 2151 1297 2238 ingenium
1339 2150 1482 2216 inlustre
1507 2149 1613 2215 altio-

381 2257 475 2323 ribus
508 2258 629 2324 studiis
670 2258 802 2324 iuvenis
853 2258 1036 2323 admodum
1084 2257 1218 2325 dedit...
1251 2257 1469 2337 Quaestorius
1506 2256 1615 2323 adhue

382 2389 400 2430 a
433 2366 536 2431 Paeto
563 2365 709 2430 Thrasea
747 2389 851 2452 gener
879 2364 1121 2430 delectus...—
1163 2364 1220 2445 Ν,
1252 2365 1283 2429 6.
1316 2365 1427 2430 lluina
1453 2365 1615 2430 soceriin

384 2472 522 2538 exilium
556 2472 675 2561 pulsus
696 2480 733 2537 ut
751 2472 879 2537 Galbae
902 2472 1093 2560 principatu
1108 2472 1219 2556 rediit,
1238 2470 1437 2538 Marcellum
1463 2471 1615 2559 Eprium,

380 2579 564 2644 delatorem
592 2579 769 2660 Thraseae,
801 2602 958 2643 accusare
978 2578 1216 2667 adgreditur..
1247 2579 1328 2643 Mox
1363 2578 1465 2645 dubia
1494 2577 1616 2644 volun-

383 2694 450 2751 tate
476 2686 616 2764 Galbae,
644 2685 761 2751 mullis
786 2694 979 2752 senatorum
1009 2685 1268 2774 deprecantibus
1296 2687 1411 2751 omisit
1435 2686 1613 2751 Priscus...

385 2794 433 2858 Eo
463 2801 604 2858 senatus
633 2793 702 2873 die,
734 2817 800 2882 quo
833 2794 875 2858 de
910 2794 1052 2881 imperio
1081 2793 1278 2880 Vespasiani
1315 2792 1511 2872 censebant,
1546 2792 1617 2881 pla-

381 2908 495 2966 cuerat
508 2901 596 2965 mitti
608 2900 650 2964 ad
664 2901 851 2988 principem
867 2900 1010 2986 legatos
1024 2900 1111 2966 llinc
1122 2901 1208 2965 inter
1220 2900 1415 2966 llelvidium
1429 2908 1463 2965 et
1477 2899 1615 2988 Eprium

383 3031 459 3072 acre
474 3007 641 3094 iurgium:
673 3008 808 3072 Priscus
835 3007 914 3095 eligi
941 3008 1141 3073 nominatim
1162 3032 1181 3072 a
1200 3006 1455 3095 magistratibus
1484 3007 1614 3081 iuratis,

381 3114 565 3179 Marcellus
581 3137 700 3179 urnam
717 3114 952 3203 postulabat...
970 3154 1013 3164 —
1030 3115 1087 3195 IV,
1100 3139 1131 3202 7.
1149 3115 1384 3204 Paulatimque
1396 3138 1455 3203 per
1468 3113 1616 3180 alterca-

381 3222 507 3287 tionem
524 3222 566 3286 ad
581 3223 759 3287 continuas
773 3231 806 3288 et
821 3221 963 3288 infestas
978 3222 1147 3288 orationes
1164 3223 1313 3310 provecti
1329 3229 1419 3302 sunt,
1435 3229 1616 3310 quaerente

383 3329 552 3406 Helvidio,
571 3329 652 3417 quid
668 3330 714 3394 ita
730 3329 912 3394 Marcellus
927 3329 1089 3394 iudicium
1103 3330 1362 3417 magistratuum
1378 3337 1613 3416 pavesceret...

381 3476 423 3485 -
444 3437 502 3518 Ν,
518 3437 550 3502 8.
567 3437 777 3525 (llespondet
796 3437 920 3524 Eprius
939 3436 1136 3523 Marcellus)
1164 3465 1179 3496 α
1201 3437 1396 3525 ...Denique
1412 3437 1613 3510 constantia,

382 3543 576 3609 fortitudine
592 3543 778 3608 Catonibus
802 3551 836 3607 ct
860 3544 974 3608 Brutis
997 3551 1197 3632 aequaretur
1221 3543 1441 3610 Helvidius...
1467 3543 1616 3609 Suadere

380 3650 481 3715 etiam
502 3651 615 3715 Prisco
640 3674 680 3715 ne
705 3674 806 3737 supra
831 3651 1016 3738 principem
1042 3651 1229 3731 scanderet,
1261 3674 1302 3715 ne
1327 3649 1612 3738 Vespasianum...

380 3759 567 3845 praeceptis
583 3764 762 3822 coerceret.
780 3787 840 3816 o-
857 3756 914 3837 Ν,
932 3781 965 3844 9.
983 3758 1144 3822 Secutum
1165 3758 1256 3822 aliud
1271 3766 1483 3824 certamen...
1501 3756 1615 3822 Helvi-

379 3864 468 3934 dius.
498 3864 635 3927 arbitrio
662 3872 800 3929 senatus
823 3864 991 3950 agendum
1014 3865 1185 3931 censuit...
1214 3867 1401 3930 (lensuerat
1423 3865 1612 3941 Helvidius,

381 3977 418 4034 ut
455 3970 659 4056 Capitolium
707 3970 840 4057 publice
876 3972 1121 4050 restitueretur,
1164 3971 1339 4037 adiuvaret
1376 3973 1612 4061 Vespasianus.

380 4113 423 4125 -
448 4076 505 4154 Ν,
534 4101 581 4142 ιο.
614 4077 792 4141 Proximus
824 4080 989 4163 (senatus)
1012 4078 1084 4143 dies
1117 4102 1236 4143 causae
1257 4080 1312 4165 (P.
1343 4079 1484 4164 Celeris)
1515 4079 1617 4143 desti-

382 4191 491 4248 natur.
510 4183 579 4248 Nec
599 4192 667 4248 tam
683 4185 860 4249 Musonius
876 4193 934 4250 aut
956 4184 1098 4249 Publius
1113 4208 1215 4274 quam
1237 4186 1372 4251 Priscus
1387 4195 1420 4251 et
1436 4185 1617 4251 Marcellus

381 4290 561 4379 ceterique,
584 4292 684 4355 motis
700 4291 741 4355 ad
760 4291 925 4357 ultionem
950 4293 1083 4375 animis,
1104 4292 1398 4380 exspectabantur.
1415 4333 1459 4343 —
1484 4293 1540 4374 Ν,
1560 4297 1613 4370 43.

381 4396 487 4462 Tanto
508 4421 584 4462 cum
609 4397 755 4462 adsensu
777 4406 915 4463 senatus
935 4400 1071 4465 auditus
1095 4408 1147 4465 est
1170 4400 1335 4488 (Curtius)
1357 4400 1553 4474 Montanae,
1579 4408 1616 4465 ut

382 4526 475 4591 spem
500 4512 634 4591 caperet
659 4504 837 4570 llelvidius
865 4529 965 4594 posse
991 4508 1091 4572 etiam
1112 4507 1279 4595 (Eprium)
1301 4506 1499 4574 Marcellum
1515 4532 1615 4596 pros-

382 4610 508 4677 terni...
527 4610 625 4689 Quod
642 4611 698 4676 ubi
711 4613 818 4677 sensit
838 4613 1032 4691 Marcellus,
1049 4614 1144 4680 velut
1158 4615 1325 4681 excedens
1341 4616 1451 4682 curia:
1475 4643 1491 4676 «
1510 4616 1613 4696 lmus,

381 4717 502 4807 inquit,
520 4719 645 4795 Prisce,
663 4726 696 4784 et
711 4719 934 4811 relinquimus
954 4721 1015 4787 tibi
1042 4731 1198 4788 senatum
1219 4730 1356 4789 tuum...
1377 4751 1392 4783 »
1414 4759 1456 4771 -
1483 4722 1541 4802 Ν,
1558 4722 1613 4788 53.

381 4824 557 4890 llelvidius
578 4826 713 4892 Priscus
737 4835 882 4914 praetor,
909 4838 1091 4916 praeeunte
1119 4829 1251 4895 Plautio
1272 4829 1414 4895 Aeliano
1440 4829 1612 4917 pontifice,

380 4931 522 4998 lustrata
551 4934 838 5000 suovetaurilibus
865 4959 941 5001 area
975 4936 1198 5020 (restituendo
1238 4937 1406 5025 Capitolio
1438 4936 1561 5026 dicata)
1582 4943 1616 5001 et
