3709 6234
802 886 939 940 acuata-
1487 880 1505 934 9

269 1010 376 1084 ronia.
389 1010 629 1098 imprudentia,
644 1010 725 1076 dum
742 1034 777 1075 se
797 1010 1023 1099 Agrippinam
1039 1034 1112 1076 esse
1143 1019 1245 1098 utque
1268 1008 1506 1076 subveniretur

268 1118 368 1182 matri
396 1116 559 1206 principis
590 1117 754 1200 clamitat,
772 1118 883 1185 contis
906 1127 941 1185 ct
953 1120 1055 1184 remis
1070 1126 1116 1200 et,
1133 1142 1219 1207 quae
1234 1118 1304 1183 sors
1322 1115 1503 1197 obtulerat,

268 1224 448 1291 navalibus
469 1226 547 1291 telis
561 1227 749 1294 conficitur.
771 1264 815 1277 -
836 1229 885 1306 rt,
908 1224 941 1293 6.
960 1226 1178 1315 (Agrippina)
1201 1224 1387 1290 observans
1405 1225 1505 1290 etiam

269 1332 474 1398 Acerroniae
495 1356 625 1411 necem,
639 1334 739 1400 simul
753 1358 853 1400 suum
869 1334 995 1399 vulnus
1007 1333 1239 1422 adspiciens...
1251 1333 1505 1397 Testamentum

270 1440 475 1506 Acerroniae
496 1443 623 1530 requiri
643 1442 799 1531 bonaque
820 1442 995 1530 obsignari
1012 1441 1147 1507 iubet...

224 1546 297 1613 CN.
329 1546 663 1616 ACEllllONlVS¹.
694 1590 737 1599 -
769 1550 859 1629 (ilai.
894 1549 1051 1637 Supremi
1078 1549 1211 1615 Tiberio
1245 1549 1402 1615 consules
1441 1547 1505 1614 Cn.

271 1656 491 1736 Acerronius
514 1657 553 1723 C.
572 1657 726 1724 Pontius.

226 1762 441 1844 ·acnsrn‚
459 1787 492 1829 v.
513 1764 696 1830 arnsra.

225 1869 416 1938 ACHAEl.
429 1871 573 1951 -6‚r8.
586 1872 827 1958 Argolicum...
842 1874 1011 1939 Laconem
1025 1897 1042 1938 e
1057 1873 1263 1962 primoribus
1279 1873 1505 1939 Achaeorum.

226 1977 558 2047 ACllAEMliNllS.
584 2018 628 2031 -
647 2003 697 2058 ra,
733 1980 783 2046 18.
803 1981 983 2071 (Loquitur
1003 1981 1219 2047 Mithridates
1250 1980 1479 2070 Bosporanus)
1500 2001 1506 2048 ἱ

275 2115 289 2144 α
312 2086 440 2174 Sponte
453 2087 587 2155 adsum.
606 2088 708 2153 Vtere
723 2100 761 2154 ut
776 2088 870 2154 voles
885 2089 979 2177 prole
997 2090 1110 2176 magni
1125 2089 1362 2155 Achaemenis.
1382 2117 1397 2149 a

229 2191 422 2261 ACllAlA.
448 2232 480 2244 -
508 2195 606 2284 1‚76.
624 2196 788 2261 Achaiam
820 2221 859 2262 ac
893 2196 1129 2263 Macedoniam
1163 2221 1264 2263 onera
1289 2198 1511 2288 deprecantes

275 2301 379 2367 levari
394 2304 427 2367 in
441 2326 602 2391 praesens
616 2303 848 2392 proconsulari
881 2306 1023 2393 imperio
1043 2305 1197 2394 tradique
1214 2305 1351 2370 Caesari
1370 2306 1509 2393 placuit.

274 2446 319 2460 -
343 2434 370 2488 ι,
389 2414 443 2491 ao,
471 2411 677 2498 Prorogatur
705 2412 861 2500 Poppaeo
882 2411 1009 2478 Sabino
1025 2413 1199 2501 provincia
1228 2414 1370 2493 Moesia,
1388 2412 1513 2478 additis

275 2518 404 2583 Achaia
419 2542 457 2583 ac
470 2519 682 2585 Macedonia.
700 2556 742 2567 -
760 2544 791 2598 a,
810 2518 865 2585 53.
882 2519 1122 2607 (Germanicus
1142 2522 1264 2586 iterum
1279 2521 1412 2608 consul)
1435 2543 1512 2585 eum

275 2626 479 2693 honorem...
496 2627 572 2692 iniit
599 2627 689 2715 apud
709 2627 826 2692 urbem
853 2628 1214 2717 Achaiae'Nicopolim.
1232 2667 1276 2679 -
1292 2629 1323 2708 3,
1335 2654 1367 2717 7.
1386 2627 1513 2693 Crebro

276 2743 411 2824 questu.
430 2733 521 2825 quod
536 2735 603 2822 (Cn
620 2734 699 2799 Pis‘o
715 2743 793 2823 post
808 2743 950 2800 mortem
967 2735 1174 2823 Germanici)
1188 2759 1295 2824 vagus
1309 2736 1444 2801 interim
1455 2758 1514 2823 per

278 2865 419 2908 amoena
433 2842 537 2907 Asiae
552 2851 653 2931 atque
669 2843 860 2909 Achaiae...
871 2882 913 2891 -
926 2845 956 2920 t.
976 2843 1025 2909 13.
1044 2844 1181 2909 Civitati
1199 2842 1412 2931 Cibyraticae
1425 2843 1513 2931 apud

278 2951 410 3032 Asiam,
429 2949 591 3035 Aegiensi
605 2949 696 3037 apud
711 2949 888 3028 Achaiam,
908 2958 1003 3015 motu
1027 2956 1135 3015 terrae
1163 2949 1338 3016 labefactis
1353 2950 1514 3039 (subven-

280 3068 350 3125 tum
365 3059 433 3143 cst)
447 3057 645 3122 remissione
660 3056 780 3123 tributi
794 3058 827 3121 in
843 3058 1039 3123 triennium.
1057 3096 1100 3107 -
1116 3058 1208 3138 Md.
1225 3058 1386 3123 'Atidium
1401 3057 1515 3123 Gemi-

279 3189 360 3231 num
388 3172 577 3253 praetorem
611 3165 770 3232 Achaiae.
793 3202 834 3217 -
852 3165 883 3238 5.
907 3189 956 3231 ro.
982 3165 1047 3230 Per
1061 3166 1150 3230 idem
1163 3173 1299 3258 tempus
1315 3167 1398 3230 Asia
1414 3173 1515 3255 atque

281 3273 407 3340 Achaia
422 3271 602 3338 exterritae
614 3280 694 3338 sunt
704 3273 772 3338 acri
782 3274 892 3360 magis
910 3296 1012 3362 quam
1028 3273 1188 3338 diuturno
1204 3296 1351 3352 rumore,
1367 3274 1515 3337 Drusum

280 3380 473 3447 Germanici
485 3379 592 3445 tilium
603 3380 693 3468 apud
705 3380 874 3466 Cycladas
888 3380 1028 3460 insulas,
1039 3404 1117 3445 mox
1129 3382 1164 3445 in
1175 3381 1362 3446 continenti
1374 3381 1512 3446 visum..

282 3488 447 3555 Auditum
459 3488 491 3551 id
505 3488 662 3577 Poppaeo
681 3487 821 3554 Sabino.
833 3488 864 3553 ls
875 3487 1094 3553 Macedoniae
1107 3497 1177 3554 turn
1188 3489 1339 3554 intentus
1352 3488 1515 3553 Achaiam

282 3619 416 3685 quoque
447 3594 598 3660 curabat.
625 3634 666 3646 -
694 3598 743 3673 rt,
778 3619 832 3661 ar.
863 3595 1022 3661 Pluribus
1055 3597 1127 3685 ipsa
1151 3596 1288 3661 licentia
1317 3595 1513 3684 placebat...

282 3704 428 3769 llaiores
454 3725 589 3791 quoque
619 3725 687 3767 non
715 3702 932 3768 abhorruisse
958 3702 1228 3792 spectaculorum
1257 3702 1518 3768 oblectamentis

283 3836 342 3900 pro
367 3811 513 3886 fortuna,
530 3833 616 3899 quae
643 3818 715 3876 tum
744 3817 857 3877 erat...
885 3811 1046 3877 l'ossessa
1085 3812 1216 3876 Achaia
1250 3813 1400 3901 Asiaque
1417 3811 1518 3876 ludos

283 3920 433 3985 curatius
447 3918 706 3996 editos...-15‚
718 3917 771 3983 33.
789 3918 1101 4007 Nero...Neapolim
1115 3920 1213 4007 quasi
1223 3921 1387 3985 Graecam
1399 3918 1518 3983 urbem

284 4026 470 4116 delegitlin
496 4048 563 4114 qua
593 4025 802 4114 promiscuas
835 4049 976 4091 scaenas
991 4026 1205 4115 frequentare
1221 4027 1398 4115 inciperet)
1416 4048 1423 4106 ;
1442 4026 1519 4090 inde

287 4136 420 4201 initium
434 4133 518 4211 sore,
533 4141 572 4198 ut
581 4140 814 4220 transgressus
828 4134 861 4198 in
877 4134 1042 4198 Achaiam
1052 4133 1267 4222 insignesque
1283 4143 1317 4199 et
1331 4134 1519 4222 antiquitus

286 4265 399 4307 sacras
426 4263 567 4306 coronas
596 4239 739 4328 adeptus
766 4241 892 4305 maiore
907 4240 996 4305 lama
1017 4240 1129 4305 studia
1159 4241 1284 4306 civium
1306 4241 1453 4309 eliceret.
1478 4278 1520 4291 -

293 4352 341 4431 15,
351 4347 405 4413 36.
415 4348 484 4413 Nec
496 4347 602 4414 multo
614 4356 692 4437 post
702 4348 828 4412 omissa
839 4348 874 4413 in
885 4371 1046 4436 praesens
1057 4348 1199 4428 Achaia,
1208 4372 1330 4414 causae
1346 4350 1379 4414 in
1392 4350 1520 4416 incerto

288 4456 390 4526 luere.
401 4454 518 4519 urbem
530 4455 657 4520 revisit.
667 4493 709 4504 -
720 4458 771 4534 15,
781 4456 835 4531 45.
846 4454 944 4543 (Post
954 4454 1099 4520 Neronis
1114 4455 1322 4543 incendium)
1332 4479 1391 4543 per
1402 4458 1519 4522 Asiam

289 4573 388 4653 atque
399 4561 563 4627 Achaiam
573 4584 641 4627 non
651 4562 740 4627 dona
752 4570 898 4644 tantum,
911 4562 971 4627 sed
986 4563 1166 4628 simulacra
1182 4564 1360 4629 numinum
1376 4563 1520 4651 abripie-

289 4668 1518 4757 hantur‚missisineasprovinciasAcratoacSeeundoCarrinate.-l,23.

291 4776 437 4842 Labores
453 4777 653 4842 itinerum...
676 4777 823 4842 atrocius
838 4776 1104 4865 accipiebantur,
1117 4800 1193 4842 cum
1210 4777 1414 4864 Campaniae
1428 4777 1522 4845 lacus

278 5019 286 5053 ¹
300 5017 348 5066 Cn.
360 5018 525 5067 Acerronius
542 5018 684 5071 Proculus.
699 5019 825 5078 Pnosoe.,
836 5034 876 5083 27·
