3709 6234
288 847 340 905 1⁰0
859 849 891 901 n.
913 849 1036 904 Aslnlvs

331 990 489 1057 Proximo
506 999 644 1058 senatus
659 991 713 1057 die
724 992 831 1057 multa
847 993 880 1056 in
897 992 1015 1057 luxum
1027 992 1175 1058 civitatis
1190 992 1323 1058 dicta...
1344 992 1471 1057 Contra
1488 991 1568 1056 Gal-

327 1100 382 1165 lus
398 1099 538 1165 Asinius
554 1099 755 1166 disseruit...
779 1100 926 1164 Facilem
954 1100 1134 1165 adsensum
1165 1099 1265 1164 Gallo
1280 1097 1344 1165 sub
1372 1099 1568 1164 nominibus

329 1208 480 1273 honestis
495 1207 662 1274 confessio
678 1207 880 1273 vitiorum...
898 1207 1004 1272 dedit.
1022 1245 1064 1256 -
1095 1233 1125 1288 2,
1150 1207 1204 1272 35.
1222 1207 1290 1273 lles
1318 1231 1356 1273 eo
1382 1231 1472 1271 anno
1493 1230 1570 1295 pro·

329 1315 416 1381 latas
430 1315 522 1381 haud
536 1316 707 1398 referrem,
724 1316 759 1380 ni
773 1316 918 1404 pretium
941 1315 1026 1381 soret
1042 1316 1105 1381 Cn.
1124 1313 1258 1380 Pisonis
1285 1322 1318 1380 et
1345 1315 1456 1379 Asinii
1477 1314 1567 1379 Galli

329 1449 487 1513 supereo
508 1425 644 1513 negotio
664 1424 818 1489 diversas
835 1424 1021 1489 sententias
1039 1447 1219 1489 noscere...
1237 1423 1370 1504 Gallus,
1393 1424 1473 1512 quia
1494 1446 1569 1511 spe·

330 1534 415 1598 ciem
431 1533 598 1598 libertatis
613 1532 691 1598 Piso
707 1539 935 1620 praeceperat,
954 1532 1037 1596 nihil
1057 1532 1182 1597 satis...
1206 1555 1247 1597 ex
1268 1530 1433 1618 dignitate
1453 1531 1569 1619 populi

331 1641 475 1706 llomani
491 1640 555 1705 nisi
570 1664 683 1706 coram
706 1646 740 1705 et
764 1640 827 1704 sub
851 1638 960 1706 oculis
985 1639 1186 1706 Caesaris...
1220 1636 1366 1703 dicebat.
1396 1677 1438 1687 ·—
1456 1664 1488 1716 2,
1511 1638 1564 1705 36.

330 1749 374 1814 Et
392 1755 563 1815 certarnen
590 1747 690 1813 Gallo
706 1748 869 1813 adversus
889 1749 1070 1814 Caesarem
1091 1755 1247 1814 exortum
1262 1755 1315 1813 est
1338 1769 1345 1829 ;
1381 1770 1459 1812 nam
1489 1771 1566 1814 cen-

330 1856 547 1937 suit...-3,
581 1881 628 1921 rr.
649 1857 720 1920 lleo
740 1854 818 1942 (Cn.
853 1856 983 1944 Pisoni)
1000 1856 1037 1921 L.
1074 1855 1290 1935 Arruntium,
1309 1855 1347 1921 P.
1379 1853 1563 1938 Vinicium,

330 1963 488 2028 Asinium
533 1963 683 2045 Gallum,
717 1964 947 2029 Aeserninum
986 1962 1200 2044 Marcellum,
1239 1963 1319 2029 Sex.
1367 1961 1565 2052 Pompeium

329 2079 490 2159 patronos
520 2072 648 2160 petenti
675 2072 782 2158 iisque
812 2071 946 2136 diversa
971 2071 1316 2138 excusantibus..-
1336 2072 1369 2148 4,
1388 2093 1440 2136 20.
1472 2069 1566 2135 Sosia

330 2179 478 2264 (uxorC.
497 2179 587 2265 Silii)
600 2179 634 2243 in
653 2177 790 2243 exilium
807 2178 1061 2266 pelliturAsinii
1076 2178 1167 2244 Galli
1182 2178 1390 2244 sententia...
1408 2215 1454 2228 -
1471 2178 1564 2256 tto.

329 2287 449 2352 Gallus
480 2287 622 2351 Asinius
654 2310 729 2351 cum
759 2289 872 2374 Gyaro
906 2296 964 2352 aut
990 2287 1128 2351 Donusa
1153 2285 1377 2351 claudendum
1412 2291 1568 2351 censeret

328 2394 481 2482 (Vibium
502 2396 664 2462 Serenum
682 2395 839 2483 patrem),
859 2394 891 2457 id
908 2417 1043 2482 quoque
1066 2401 1277 2482 aspermatus
1294 2400 1346 2458 est
1365 2392 1564 2481 (Tiberius),

331 2526 473 2589 egenam
491 2526 597 2591 aquae
612 2509 791 2590 utramque
807 2502 953 2567 insulam
979 2501 1168 2568 referens...
1190 2541 1234 2550 -
1249 2503 1282 2583 l,
1297 2525 1349 2590 7¹·
1371 2500 1457 2566 Tum
1479 2523 1564 2565 cen—

330 2610 398 2674 suit
423 2610 564 2674 Asinius
579 2609 712 2689 Gallus,
733 2610 829 2674 cuius
852 2608 1036 2674 liberorum
1052 2609 1243 2698 Agrippina
1273 2616 1452 2675 matertera
1482 2615 1564 2686 erat,

329 2718 514 2804 petendum
545 2742 564 2783 a
594 2718 755 2805 principe,
789 2725 826 2782 ut
847 2724 958 2782 metus
983 2741 1063 2782 suos
1082 2718 1214 2783 senatui
1234 2716 1436 2783 fateretur...
1456 2715 1566 2805 (Tibe-

331 2825 434 2908 rium)
468 2825 636 2912 mitigavit
667 2826 823 2906 Seianus,
851 2848 918 2889 non
953 2824 1043 2890 Galli
1066 2848 1234 2902 amore,...
1257 2861 1299 2875 -
1320 2825 1352 2903 o,
1380 2823 1433 2889 23.
1454 2823 1565 2889 lsdem

330 2932 528 2997 consulibus
548 2932 659 2996 Asinii
671 2932 761 2996 Galli
773 2956 864 2997 mors
880 2932 1320 3022 vulgatur,quemegestate
1331 2931 1396 2997 cibi
1413 2955 1564 3020 peremp-

332 3048 402 3104 tum
424 3039 514 3104 haud
545 3040 699 3118 dubium,
731 3048 850 3127 sponte
875 3063 918 3105 an
942 3041 1143 3106 necessitate
1163 3041 1329 3107 incertum
1362 3038 1561 3105 habebatur.

330 3147 583 3236 Consultusque
611 3148 736 3212 Caesar
754 3171 796 3212 an
823 3147 957 3235 sepeliri
976 3149 1114 3226 sineret,
1133 3171 1200 3213 non
1216 3146 1351 3213 erubuit
1371 3147 1566 3236 permittere

331 3255 486 3344 ultroque
507 3257 659 3319 incusare
680 3278 790 3336 casus,
813 3255 870 3343 qni
887 3278 980 3318 reum
1007 3254 1272 3321 abstulissent...
1295 3254 1434 3321 Scilicet
1457 3253 1565 3319 medio

329 3363 473 3427 triennio
485 3363 636 3427 defuerat
650 3371 783 3449 ternpus
793 3361 959 3427 subeundi
973 3362 1133 3427 iudicium
1146 3362 1315 3428 consulari
1325 3362 1411 3435 seni.
1424 3369 1476 3429 tot
1486 3385 1566 3427 con·

330 3469 490 3534 sularium
507 3470 648 3557 parenti.
668 3509 708 3518 -
722 3469 754 3542 o,
768 3468 820 3535 αὖ,
839 3470 1033 3536 Tiberius..
1051 3493 1236 3557 arguens...
1252 3470 1411 3535 Asinium
1427 3468 1564 3535 Gallum

330 3576 1562 3669 adulterum(Agrippinwleiusquemorteadtaediumvitaecompulsam.

309 3684 320 3746 l
344 3685 535 3752 ASlNll'S.
553 3684 731 3750 ASlNll'S
746 3684 1037 3768 MARCELLVS,
1047 3682 1323 3750 MARCELLVS
1336 3684 1359 3750 ¹.
1379 3722 1419 3733 —
1441 3709 1492 3766 ια,
1510 3684 1563 3761 tit.

331 3791 378 3855 Μ.
399 3792 540 3855 Asiniol
562 3792 620 3857 Μ’.
638 3792 749 3856 Acilio
766 3791 973 3856 consulibus.
987 3832 1030 3842 -
1049 3796 1099 3870 ¹l·
1114 3795 1169 3870 Ao.
1183 3791 1338 3857 Valerius
1353 3790 1564 3858 Fabianus..

332 3899 481 3963 subdidit
509 3907 750 3964 testamentum
780 3900 984 3988 (propinquo
1015 3924 1076 3965 suo
1107 3900 1255 3965 llomitio
1281 3899 1403 3988 Balbo)
1427 3900 1566 3966 adscitis

331 4006 461 4070 l'inicio
477 4006 600 4069 llulino
616 4014 649 4071 et
665 4007 819 4071 'l'erentio
837 4007 979 4072 Lentino
997 4007 1169 4097 equitibus
1189 4008 1363 4073 Romanis.
1384 4007 1436 4072 llli
1455 4008 1565 4073 Anto·

331 4112 424 4176 nium
459 4112 610 4176 Primum
631 4121 665 4177 et
694 4113 852 4176 Asinium
881 4114 1081 4180 Marcellum
1110 4115 1363 4181 sociaverant...
1382 4114 1566 4181 Marcellus

332 4220 452 4284 Asinio
469 4219 622 4285 l'ollionc
637 4243 762 4308 proavo
782 4221 893 4285 clarus
909 4246 1019 4310 neque
1040 4246 1171 4287 morum
1188 4223 1399 4311 spernendus
1419 4222 1566 4289 habeba·

333 4336 397 4409 tur,
438 4327 502 4391 nisi
529 4328 619 4415 quod
658 4336 889 4416 paupertatem
919 4331 1140 4418 praecipuum
1169 4330 1335 4396 malorum
1359 4330 1563 4398 credebat...

332 4435 528 4499 llarccllum
550 4437 709 4500 memoria
730 4436 893 4501 maiorum
909 4445 943 4501 et
963 4461 1080 4525 preces
1107 4438 1262 4504 Caesaris
1290 4461 1419 4528 poenae
1456 4439 1566 4528 magis

332 4567 432 4630 quam
453 4541 610 4608 inlmniue
626 4568 793 4610 exemere.

321 4817 325 4850 ¹
348 4815 469 4865 l‘misnr..
488 4833 555 4880 ¹⁰¹9·
574 4817 665 4880 Nepos
683 4818 830 4865 rideturC.
844 4817 931 4865 Asinii
944 4817 1023 4866 Galli.

318 4897 387 4947 ²M:
404 4898 550 4947 rnasilinio.
566 4899 640 4950 Gerr.
665 4899 834 4947 bertramus.
857 4899 896 4945 Cs.
915 4900 1001 4959 Suet,
1019 4896 1125 4957 (Sterni,
1146 4895 1193 4957 45:
1214 4898 1313 4949 Asinio
1327 4897 1458 4948 Marcello
1474 4892 1565 4949 Acilio

291 4978 384 5027 triola
400 4979 566 5028 currentibus.
582 5005 612 5015 -
624 4980 769 5028 ltcroaldus
780 4995 840 5028 cum
855 4980 923 5027 dett.
937 4995 943 5028 ι
955 4980 993 5029 Μ.
1009 4979 1130 5031 Asitium
