3709 6234
836 881 1022 934 uvernerus
1518 876 1571 934 267

331 1042 409 1086 reus
435 1029 661 1108 cognomento
680 1022 863 1102 Eucaerus,
888 1022 1024 1087 natione
1043 1019 1310 1106 Alexandrinus,
1332 1044 1452 1087 canere
1478 1019 1571 1087 tibiis

331 1127 482 1196 doctus¹.

289 1234 535 1303 EVDEMVS⁹.
558 1275 601 1289 -
625 1239 657 1316 4,
678 1236 709 1302 3.
728 1236 931 1304 Adsumitur
947 1237 979 1325 (a
1004 1236 1127 1301 Seiano
1154 1243 1187 1300 et
1210 1235 1318 1320 Livia)
1344 1235 1378 1299 in
1395 1235 1571 1301 conscien-

333 1343 414 1408 tiam
430 1342 614 1418 Eudemus
637 1345 765 1410 amicus
785 1367 823 1410 ac
842 1343 994 1409 medicus
1016 1343 1131 1408 Liviae
1150 1342 1281 1430 (uxoris
1307 1342 1435 1430 Drusi),
1461 1344 1571 1431 specie

330 1449 412 1515 artis
426 1450 585 1539 frequens
609 1453 759 1517 secretis.
776 1491 819 1502 -
839 1454 872 1529 4,
895 1476 944 1516 ιι.
978 1450 1068 1516 Ordo
1095 1449 1220 1538 alioqui
1242 1450 1378 1515 sceleris
1408 1473 1468 1538 per
1487 1449 1571 1538 Api-

331 1565 442 1624 catam
469 1558 581 1623 Seiani
610 1559 776 1647 proditus,
805 1559 983 1624 tormentis
1012 1556 1154 1624 Eudemi
1183 1580 1221 1622 ac
1250 1556 1358 1645 Lygdi
1383 1556 1572 1646 patefactus

334 1679 398 1731 est.

291 1770 507 1842 EVDOSES.
544 1813 583 1824 -
626 1776 664 1839 G.
701 1777 753 1853 to.
785 1774 893 1859 (lnter
922 1772 1113 1838 Sueborum
1151 1781 1270 1859 gentes
1295 1771 1575 1861 adnumerantur)

337 1881 502 1950 Eudoses.
1284 1958 1287 1962 ¹

292 1988 607 2057 EVMOLPlDAE.
622 1989 725 2062 -lV,
737 1990 791 2055 83.
808 1989 1022 2054 Timotheum
1037 1988 1278 2054 Atheniensem
1293 2011 1310 2053 e
1325 1996 1426 2075 gente
1442 1988 1575 2054 Eumol·

336 2096 505 2185 pidarum,
518 2119 618 2184 quem
636 2096 867 2176 (Ptolemaeus
879 2095 1139 2184 Alexandriam)
1155 2103 1193 2161 ut
1213 2096 1401 2161 antistitem
1415 2097 1575 2163 caerimo-

339 2204 471 2269 niarum
487 2204 645 2273 Eleusine
665 2206 848 2270 exciverat.

294 2310 516 2381 EVNONES.
539 2351 574 2363 -
607 2336 657 2390 12,
681 2311 729 2378 15.
749 2312 856 2380 Vbi...
880 2311 1130 2399 (Mithridates)
1150 2310 1216 2375 iam
1236 2312 1370 2399 iamque
1387 2312 1575 2399 Bosporum

339 2419 521 2484 invasurus
546 2419 742 2499 habebatur,
768 2420 870 2484 dilsrsi
896 2419 1040 2507 propriis
1059 2417 1189 2484 viribus
1209 2418 1334 2506 ⁴hquila
1356 2426 1390 2484 et
1412 2417 1573 2506 Cotys...

340 2534 497 2592 externas
517 2534 550 2592 et
571 2528 635 2614 ipsi
659 2529 785 2615 gratias
805 2527 1014 2615 quaesivere,
1045 2526 1159 2591 missis
1183 2525 1305 2613 legatis
1330 2525 1373 2591 ad
1395 2524 1574 2604 Eunonen,

340 2635 398 2723 qui
424 2635 609 2701 Aorsorum
636 2636 730 2721 genti
750 2634 1004 2722 praesidebat...
1026 2634 1187 2722 Pepigere
1211 2634 1425 2722 equestribus
1439 2635 1577 2724 proeliis

343 2742 500 2807 Eunones
515 2749 671 2820 certaret,
688 2741 818 2806 obsidia
833 2742 969 2806 urbium
986 2741 1128 2806 llomani
1142 2747 1369 2829 capesserent.
1384 2781 1425 2792 -
1452 2767 1501 2816 ιι,
1524 2745 1574 2810 ι8.

299 2827 302 2836 ¹
342 2848 557 2915 Mithridates
592 2849 685 2913 nullo
717 2850 752 2914 in
789 2850 892 2913 armis
923 2848 1116 2915 subsidio...
1149 2848 1190 2913 ad
1216 2848 1380 2913 Eunonen
1397 2852 1576 2929 convertit,

341 2957 486 3044 propriis
510 2957 596 3022 odiis
624 2980 688 3021 non
710 2956 878 3023 infensum
899 2965 933 3022 et
956 2978 1072 3021 recens
1093 2957 1273 3021 coniuncta
1296 2955 1472 3022 nobiscum
1496 2959 1578 3024 ami-

341 3063 421 3128 citia
436 3063 597 3129 validum.
618 3104 662 3113 —
688 3089 736 3143 12,
761 3089 809 3151 ¹9·
828 3066 874 3129 at
890 3064 1049 3129 Eunones
1069 3063 1272 3129 claritudine
1290 3064 1366 3140 viri,
1390 3066 1578 3132 mutatione

343 3193 452 3236 rerum
473 3180 506 3236 et
521 3195 618 3259 prece
635 3170 725 3237 haud
747 3171 904 3258 degeneri
928 3178 1114 3260 permotus,
1133 3170 1268 3235 adlevat
1285 3170 1513 3258 supplicem...
1536 3212 1579 3225 -

350 3301 398 3350 ra,
421 3301 472 3343 ao.
504 3277 709 3345 Claudius...
731 3280 866 3366 scripsit
891 3279 1025 3343 Eunoni
1044 3279 1200 3344 meritum
1231 3276 1367 3365 quidem
1394 3280 1579 3345 novissima

346 3384 500 3473 exempla
517 3384 751 3452 Mithridaten.
774 3389 802 3451 .³⁵

297 3491 509 3559 Eveuivsr.
528 3530 573 3544 -
601 3518 609 3557 ι
624 3518 650 3563 ι,
667 3493 720 3583 37.
744 3493 939 3577 (Militibus.
965 3493 1086 3582 quibus
1102 3493 1280 3558 Narcissus
1300 3492 1437 3558 caedem
1453 3494 1581 3560 Messa·

345 3600 432 3665 linae
444 3601 614 3688 iusserat),
633 3610 748 3667 custos
761 3609 793 3666 et
814 3610 952 3666 exactor
971 3625 988 3665 e
1007 3600 1136 3665 libertis
1152 3600 1291 3666 Euodus
1306 3600 1417 3667 datur.

298 3707 668 3782 El'l'llllh'l'ES.-2,
686 3711 737 3774 58.
755 3708 956 3795 (Nuntiabat
973 3732 1031 3773 rex
1056 3708 1256 3773 Parthorum
1272 3707 1467 3774 Artabanus
1481 3709 1580 3776 datu-

343 3838 459 3881 rum...
477 3815 595 3879 honori
611 3817 814 3887 Germanici,
834 3824 869 3881 ut
885 3818 992 3904 ripam
1024 3816 1206 3904 Euphratis
1225 3815 1410 3883 accederet.
1428 3856 1472 3867 —
1496 3819 1529 3895 ά,
1548 3821 1581 3885 5.

346 3921 507 3988 Cetera...
521 3923 617 3986 initio
628 3921 669 3987 ab
681 3924 797 3989 Suriae
817 3947 923 4012 usque
940 3923 979 3990 ad
997 3925 1123 3990 flumen
1134 3923 1342 4012 Euphraten,
1355 3932 1521 4015 quantum
1534 3927 1583 3991 in·

344 4029 438 4116 genti
450 4038 613 4094 terrarum
625 4031 701 4095 sinu
713 4031 871 4102 ambitur.
887 4038 1047 4120 quattuor
1057 4030 1248 4118 legionibus
1258 4033 1462 4100 coercita.—
1479 4035 1511 4117 6,
1527 4035 1581 4105 31.

346 4135 1584 4229 (NobilesParthi)Phraatenregisl’hraatisliliumllomaposcebant:no·

345 4244 434 4309 mine
448 4251 580 4309 tantum
591 4253 624 4310 et
635 4253 770 4311 auctore
786 4271 883 4334 opus,
899 4255 935 4311 ut
948 4247 1215 4333 genusArsacis,
1229 4256 1267 4313 ut
1279 4256 1399 4337 sponte
1412 4249 1580 4332 Caesaris,

346 4351 453 4438 ripam
470 4351 559 4439 apud
575 4353 758 4441 Euphratis
772 4362 976 4420 cerneretur.
994 4392 1039 4405 -
1054 4355 1086 4433 6,
1106 4355 1159 4444 37.
1178 4355 1245 4444 (L.)
1262 4355 1461 4424 Vitellius...
1480 4357 1585 4426 robur

347 4458 518 4543 legionum
541 4462 777 4549 sociorumque
802 4463 910 4549 ripam
931 4461 973 4527 ad
1004 4463 1186 4551 Euphratis
1215 4463 1348 4530 ducit...
1378 4463 1584 4533 Nuntiavere

348 4564 480 4630 accolae
503 4567 696 4654 Euphraten
717 4569 809 4634 nulla
831 4570 988 4635 imbrium
1003 4572 1035 4634 vi
1051 4579 1171 4659 sponte
1192 4579 1225 4636 et
1240 4571 1443 4637 immensum
1460 4572 1582 4658 attolli,

336 4776 344 4809 ¹
366 4775 397 4824 V.
415 4776 498 4824 etiam
521 4778 607 4833 rhua.

334 4854 488 4913 triow»,
506 4857 546 4907 80.

334 4933 346 4968 ¹
364 4936 396 4986 V.
411 4938 493 4985 etiam
510 4954 546 4997 ra,
563 4941 597 4987 is».

336 5014 348 5048 ⁴
366 5015 489 5078 Puosor„
502 5019 542 5067 85.
