3709 6234
742 869 904 922 nuntiavit
1409 863 1462 924 593

226 1008 385 1073 comitate
415 1008 517 1073 nimia
545 1008 748 1075 coluisset...
779 1046 821 1057 -
851 1013 882 1090 d,
920 1014 974 1087 at.
1006 1012 1055 1076 At
1086 1008 1304 1075 Dolabella...
1335 1015 1462 1073 terrore

227 1116 374 1180 nominis
401 1115 586 1182 Romani...
613 1116 721 1204 primo
747 1117 798 1181 sui
823 1117 957 1182 incessu
978 1117 1079 1183 solvit
1102 1116 1313 1182 obsidium...
1336 1154 1377 1164 -
1398 1114 1460 1195 lll,

227 1221 282 1299 45.
301 1222 454 1286 Britanni
474 1221 642 1287 sustulere
658 1222 789 1306 animos
807 1231 943 1288 auctore
959 1224 1115 1299 Venuti0,
1135 1223 1191 1312 qui
1207 1246 1308 1311 super
1326 1222 1462 1286 insitam

228 1328 386 1394 ferociam
405 1337 438 1394 et
455 1329 599 1393 Romani
622 1330 768 1394 nominis
785 1329 940 1396 odium...
962 1369 1006 1381 -·
1027 1331 1083 1410 lV,
1111 1332 1160 1396 18.
1189 1329 1330 1395 Pulsum
1355 1327 1462 1393 Rata·

227 1459 347 1501 vorum
366 1436 477 1501 insula
497 1437 688 1501 llomanum
704 1460 827 1501 nomen
847 1438 970 1524 trepidi
987 1438 1096 1503 nuntii
1115 1437 1325 1502 adferebant.
1343 1475 1385 1486 -
1403 1436 1460 1516 lv,

233 1543 284 1607 28.
306 1543 412 1630 (Vbii)
429 1567 513 1630 gens
526 1544 746 1609 Germanicae
762 1544 945 1631 originis..
965 1546 1117 1609 llomano
1134 1544 1287 1609 nomine¹
1304 1544 1465 1631 Agrippi-

232 1673 354 1715 nenses
374 1650 623 1736 (vocabantur).
644 1691 686 1702 -
707 1651 747 1729 V,
770 1651 820 1715 16.
839 1651 981 1716 Cerialis
996 1661 1143 1717 veterem
1160 1651 1304 1717 llomani
1319 1651 1464 1716 nominis

231 1756 385 1844 gloriam.
395 1808 415 1823 ..
431 1757 678 1845 (memorabat).
693 1797 734 1805 -
746 1760 791 1836 A,
808 1760 860 1828 23.
877 1760 913 1825 Si
930 1759 1037 1823 virtus
1051 1758 1257 1824 exercituum
1272 1768 1306 1824 ct
1321 1758 1466 1823 Romani

232 1864 378 1927 nominis
397 1863 503 1950 gloria
522 1872 733 1952 pateretur...

194 1969 244 2058 12)
271 1973 369 2035 rinna
405 1992 547 2037 10111111.
569 2010 610 2020 -
641 1996 671 2051 2,
700 1971 753 2049 46.
787 1973 1001 2060 Responsum
1031 1980 1082 2037 est
1109 1976 1140 2060 (a
1171 1971 1303 2037 Tiberio
1346 1970 1467 2060 legatis

233 2077 448 2164 Marobodui)
482 2102 549 2142 non
577 2079 647 2144 iure
674 2102 750 2144 eum
779 2080 941 2144 adversus
968 2079 1157 2145 Cheruscos
1191 2102 1283 2144 arma
1315 2081 1467 2144 llomana

234 2187 432 2251 invocare...
462 2225 505 2233 -
532 2185 564 2259 6,
596 2187 649 2273 37.
682 2178 840 2251 Vitellius
869 2194 1057 2252 ostentasse
1086 2187 1239 2251 Romana
1264 2210 1356 2251 arma
1385 2187 1468 2251 satis

235 2301 368 2358 ratus...
393 2331 431 2340 —
451 2317 500 2373 ra,
519 2296 571 2369 (o.
596 2294 774 2371 Venutius,
796 2317 813 2358 e
837 2294 1036 2378 Brigantum
1055 2294 1247 2374 civitate...,
1265 2295 1393 2360 lidus..
1411 2294 1468 2358 diu

236 2409 269 2466 ct
285 2400 448 2464 Romanis
464 2401 566 2464 armis
586 2399 786 2466 defensus...
809 2440 851 2448 —
877 2401 927 2481 15,
947 2402 977 2465 5.
999 2400 1179 2487 Vologaesi
1195 2409 1291 2466 retus
1315 2409 1350 2466 et
1368 2402 1467 2488 peni-

235 2517 290 2573 tus
311 2508 453 2572 infixum
475 2515 548 2571 erat
564 2531 656 2572 arma
673 2507 823 2572 llomana
840 2508 980 2573 vitandi.
1003 2547 1044 2559 -
1065 2508 1107 2584 ll,
1130 2505 1184 2573 61.
1208 2507 1375 2572 Mariccus
1395 2509 1464 2596 qui·

236 2614 355 2681 dam...
379 2638 561 2701 provocare
581 2638 672 2679 arma
689 2615 840 2680 llomana
861 2614 1076 2680 simulatione
1091 2616 1266 2679 numinum
1287 2638 1390 2679 ausus
1404 2624 1467 2681 est.

235 2759 280 2771 -
300 2724 339 2787 G.
359 2724 410 2785 33.
437 2721 512 2784 Non
533 2722 635 2785 armis
659 2722 802 2810 telisque
823 2722 1028 2787 Romanis...
1056 2722 1260 2788 ceciderunt.
1282 2760 1324 2771 -
1345 2723 1389 2787 A.
1414 2726 1467 2799 24.

237 2829 271 2893 si
292 2829 444 2893 llomana
464 2828 589 2917 ubique
612 2853 715 2909 arma,
733 2838 767 2894 et
785 2828 879 2895 velut
898 2853 915 2894 e
931 2836 1114 2916 conspectu
1128 2828 1266 2895 libertas
1281 2828 1467 2896 tolleretur.

198 2937 249 3024 13)
265 2936 407 3001 lionam
434 2957 566 3012 casana,
598 2958 774 3002 rriausmm.
801 2976 840 2988 -
869 2962 896 3017 r,
920 2938 973 3026 39.
1006 2938 1153 3023 Legatus
1175 2937 1289 3025 populi
1325 2937 1470 3001 Romani

176 3048 181 3061 “
237 3044 399 3108 llomanis
431 3044 464 3108 in
501 3045 621 3108 castris
659 3044 823 3131 sanguine
858 3067 919 3107 suo
954 3043 1073 3109 altaria
1109 3044 1208 3108 deum
1243 3044 1470 3109 commacula-

236 3152 463 3224 visset.-2‚
491 3176 539 3217 ιο.
579 3151 786 3236 (Arminius)
818 3151 981 3216 llomanis
1001 3152 1034 3215 in
1055 3151 1175 3216 castris
1207 3151 1326 3216 ductor
1364 3175 1470 3240 popu-

237 3259 358 3324 larium
392 3259 779 3345 (rrieruerat).÷2,tl7.
798 3259 981 3324 Flaccus...
1010 3258 1281 3345 (llhescuporim)
1310 3258 1468 3345 perpulit,

239 3375 276 3432 ut
300 3366 465 3453 praesidia
491 3367 643 3430 Romana
664 3366 814 3430 intraret.
841 3402 882 3413 -
908 3367 939 3441 ,6,
969 3364 1022 3441 48.
1052 3366 1216 3430 llostes..
1246 3364 1312 3428 duo
1337 3366 1471 3452 agmina

239 3480 371 3562 parant,
396 3497 580 3561 quorum...
608 3471 664 3537 alii
689 3479 799 3536 castra
825 3472 977 3535 llomana
1004 3471 1250 3558 adpugnarent.
1274 3511 1317 3520 -
1345 3472 1394 3551 15,
1419 3497 1468 3536 12.

239 3580 402 3667 (Corbulo
437 3580 562 3644 milites
588 3578 799 3664 adhortatur)
851 3606 866 3637 «
895 3577 968 3641 Non
995 3578 1088 3642 vicos
1116 3585 1175 3643 aut
1201 3578 1325 3666 oppida
1353 3580 1473 3643 Arme·

240 3688 384 3766 nicrum,
400 3687 459 3752 sed
472 3695 582 3752 castra
597 3687 747 3751 llomana
760 3686 910 3773 duasque
926 3686 960 3751 in
976 3685 1017 3749 iis
1031 3684 1181 3773 legiones
1193 3685 1337 3772 pretium
1348 3685 1473 3750 laboris

240 3796 320 3883 peti.
341 3823 356 3854 »
375 3835 415 3847 -
433 3793 492 3870 lv,
513 3793 565 3859 32.
588 3793 748 3860 Civilis...
766 3815 897 3858 orsusa
918 3800 1039 3881 questu
1054 3790 1292 3880 periculisque,
1309 3815 1394 3880 quae
1415 3817 1473 3881 per

240 3903 388 3990 quinque
404 3909 437 3966 et
453 3901 573 3987 viginti
589 3923 696 3965 annos
712 3900 879 3966 incastris
895 3899 1057 3964 Romanis
1073 3898 1294 3964 exhausisset.

200 4011 252 4096 id)
278 4009 445 4074 llouaxvn
467 4012 556 4094 (cum
590 4007 665 4072 aliis
697 4006 917 4093 nominibus).
942 4045 983 4053 —
1014 4030 1041 4086 1,
1071 4006 1124 4094 59.
1160 4006 1330 4091 (Testatur
1359 4006 1473 4069 Armi-

238 4118 329 4200 nius)
363 4118 454 4182 cerni
489 4117 598 4181 adhuc
631 4116 878 4181 Germanorum
912 4115 945 4178 in
983 4113 1067 4178 lucis
1101 4113 1196 4200 signa
1233 4113 1396 4178 llomana.
1430 4123 1488 4162 -“

241 4249 272 4304 a,
309 4249 358 4312 ¹7·
385 4224 529 4302 Quidam
556 4223 777 4310 (Arminium)
808 4222 982 4307 adgnitum
1012 4245 1030 4285 a
1060 4219 1206 4286 Chaucis
1234 4220 1320 4285 inter
1349 4220 1474 4285 aiuxilia

240 4330 392 4395 llomana
412 4330 590 4418 agentibus
606 4331 837 4417 emissumque
853 4327 1077 4393 tradiderunt.
1094 4366 1137 4375 —
1154 4352 1185 4406 a,
1212 4351 1261 4416 ¹9·
1286 4328 1473 4412 (Germani)

241 4461 361 4524 agmen
381 4438 571 4502 llomanum
593 4447 729 4526 repente
751 4438 937 4516 incursant,
961 4434 1109 4501 turbant.
1128 4473 1170 4482 —
1187 4433 1217 4511 3,
1241 4433 1295 4499 33.
1320 4462 1335 4494 «
1363 4433 1475 4499 Inesse

239 4545 418 4610 mulierum
438 4546 625 4627 comitatui,
644 4568 729 4633 quae
749 4544 997 4610 ....llomanum
1017 4563 1138 4629 agmen
1161 4541 1204 4606 ad
1219 4541 1474 4607 similitudinem

238 4651 370 4717 barbari
395 4653 546 4717 incessus
572 4660 783 4717 convertant.
808 4676 824 4715 »
845 4688 890 4700 -
910 4647 942 4726 6,
976 4648 1030 4715 36.
1062 4648 1131 4712 Nec
1159 4647 1236 4714 ideo
1273 4646 1477 4713 abscedebat

240 4758 479 4847 (Artabanus),
507 4760 540 4823 ni
569 4759 810 4824 ...Vitellius...
838 4765 966 4823 metum
991 4756 1135 4820 Romani
1160 4753 1240 4819 belli
1263 4754 1409 4821 lecisset.
1434 4793 1477 4803 —

231 4990 238 5025 ¹
259 4991 304 5043 Με
322 5006 496 5041 romanorum
513 4993 572 5038 1101ῑ1
588 4988 708 5046 (nomine
724 4987 811 5050 dett),
825 5012 853 5023 -
872 4985 955 5034 Vncis
971 4984 1080 5032 inclusit
1098 4984 1204 5042 Gruter,
1224 5007 1250 5017 -
1271 4981 1345 5032 Corr.
1360 4983 1476 5045 Lipsius.

262 5100 341 5151 Uarr.
359 5114 393 5148 1111
411 5099 539 5150 [1101.-
557 5097 640 5144 Fama
1369 5091 1400 5139 38

461 5369 832 5521 fl
