3709 6234
775 837 937 890 caulinis
1444 835 1496 890 1u7

260 979 394 1045 disertis
419 985 623 1068 anteponere
652 977 811 1046 soletis...
830 978 1028 1044 Ciceronem
1054 984 1087 1043 et
1102 977 1281 1043 Caesarem
1294 984 1327 1043 et
1343 976 1496 1044 Caelium

260 1095 292 1154 et
311 1086 455 1155 Calvum
470 1095 504 1154 et
520 1089 662 1155 Brutum
679 1096 713 1155 et
731 1088 889 1154 Asinium
905 1096 939 1153 et
954 1085 1179 1153 Messalam...
1200 1114 1215 1146 υ
1242 1125 1287 1137 -
1313 1089 1363 1155 ι8.
1391 1112 1407 1151 a
1426 1088 1498 1154 Vti-

259 1219 336 1262 nam
361 1195 456 1262 nulla
482 1204 578 1283 parte
609 1197 761 1262 imitatus
789 1205 881 1262 esset
898 1196 1065 1284 (oratores
1082 1217 1158 1259 vere
1179 1194 1351 1283 antiquos)
1371 1193 1498 1261 Calvus

260 1311 370 1370 vester
385 1312 443 1368 aut
469 1301 605 1369 Caelius
637 1312 696 1369 aut
714 1305 786 1391 ipse
807 1303 967 1371 Cicero...
992 1303 1138 1390 Legistis
1168 1302 1284 1391 utique
1304 1310 1338 1369 et
1354 1301 1451 1367 Calvi
1465 1311 1499 1368 et

260 1413 351 1478 Bruti
365 1412 408 1477 ad
422 1412 618 1477 Ciceronem
635 1413 757 1478 missas
784 1412 961 1500 epistulae,
990 1435 1032 1477 ex
1059 1410 1183 1501 quibus
1203 1409 1302 1476 facile
1314 1420 1366 1476 est
1381 1411 1499 1500 depre-

260 1520 404 1586 hendere
422 1517 566 1584 Calvum
581 1520 718 1609 quidem
733 1519 888 1585 Ciceroni
901 1520 1012 1584 risam
1031 1541 1239 1607 exsanguem
1253 1526 1287 1583 et
1301 1518 1475 1586 aridum...
1488 1540 1495 1598 ;

259 1650 442 1716 rursusque
475 1625 829 1692 CiceronemaCalvo
863 1626 1002 1716 quidem
1029 1625 1117 1691 male
1144 1625 1291 1691 audiisse
1325 1634 1497 1715 tamquam

260 1735 407 1801 solutum
427 1741 461 1800 et
480 1758 680 1801 enervem...
706 1763 721 1794 η
753 1772 796 1784 -
829 1759 916 1801 anu
941 1735 1017 1821 lpse
1037 1733 1119 1798 mihi
1135 1732 1275 1811 Calvus,
1294 1756 1372 1799 cum
1392 1756 1497 1798 unum

258 1851 288 1907 et
307 1842 442 1930 viginti,
459 1850 604 1931 utputo,
623 1841 729 1907 libros
752 1841 935 1932 reliquerit,
954 1842 1012 1906 vix
1031 1842 1064 1905 in
1082 1864 1147 1906 una
1167 1849 1201 1906 et
1220 1840 1325 1906 altera
1349 1842 1497 1907 oratiun-

259 1949 329 2016 cula
350 1949 435 2015 satis
460 1949 550 2017 facit.
579 1949 648 2015 Nec
668 1949 849 2015 dissentire
873 1947 1058 2016 ceterosab
1074 1948 1137 2013 hoc
1153 1947 1363 2013 meoiudicio
1384 1948 1495 2015 video.

259 2057 387 2137 Quotus
413 2057 504 2122 enini
531 2057 674 2146 quisque
704 2056 801 2123 Calvi
815 2058 849 2121 in
865 2057 1016 2123 Asitium
1033 2063 1091 2121 aut
1105 2056 1139 2120 in
1157 2057 1306 2120 Drusum
1331 2055 1436 2143 legit?
1450 2057 1498 2122 At

260 2165 368 2231 hercle
384 2166 418 2230 in
434 2165 584 2229 omnium
601 2164 830 2230 studiosorum
859 2163 1016 2229 manibus
1044 2171 1223 2229 versantur
1251 2164 1493 2243 accusationes,

260 2295 340 2361 quae
353 2273 388 2337 in
401 2272 574 2338 Vatinium
587 2272 818 2338 inscribuntur
838 2323 875 2350 ..,
892 2280 932 2338 ut
946 2272 1033 2337 scias
1059 2272 1172 2360 ipsum
1194 2293 1327 2360 quoque
1351 2268 1496 2336 Calvum

260 2380 467 2447 intellexisse
482 2379 564 2469 quid
591 2379 712 2445 melius
738 2390 840 2462 esset,
869 2403 931 2445 nec
966 2378 1178 2445 voluntatem
1208 2380 1294 2459 ei...,
1317 2379 1375 2445 sed
1401 2381 1494 2469 inge-

261 2489 348 2553 nium
379 2511 417 2553 ac
448 2489 538 2553 vires
566 2487 726 2555 defuisse.
746 2513 762 2554 r
778 2526 817 2538 -
837 2487 890 2555 23.
910 2487 1052 2552 «Vobis
1072 2488 1188 2578 utique
1212 2495 1390 2553 versantur
1416 2496 1494 2555 ante

260 2594 450 2674 oculosilli,
467 2595 567 2684 qui...
603 2593 774 2660 rhetorum
801 2601 994 2660 nostrorum
1015 2595 1276 2660 commentarios
1301 2594 1490 2677 fastidiunt,

261 2700 371 2767 Calvi¹
389 2703 566 2768 mirantur.
584 2729 599 2761 υ
617 2740 660 2751 -
683 2704 736 2766 25.
751 2702 932 2789 (Loquitur
943 2701 1118 2790 Messalla)
1148 2702 1282 2792 «Apud
1301 2726 1363 2767 nos
1376 2702 1493 2768 Cicero

261 2809 394 2897 quidem
407 2818 537 2876 ceteros
558 2809 753 2874 eorumdem
774 2816 964 2898 temporum
988 2809 1134 2875 disertos
1149 2810 1344 2889 antecessit,
1367 2808 1494 2875 Calvus

260 2923 369 2982 autern
389 2924 423 2982 et
442 2917 584 2981 Asinius
603 2925 637 2982 et
651 2915 776 2981 Caesar
791 2925 824 2982 et
840 2916 976 2983 Caelius
991 2925 1025 2982 et
1041 2918 1167 2982 Brutus
1191 2917 1261 2981 iure
1276 2924 1310 2982 et
1324 2917 1493 3006 prioribus

258 3032 290 3089 et
315 3022 536 3113 sequentibus
569 3031 860 3112 anteponuntur...
893 3023 1100 3090 Adstrictior
1114 3024 1282 3090 Calvus...
1301 3024 1443 3090 Calvum
1459 3034 1491 3092 ct

257 3131 412 3196 Asinium
431 3140 465 3197 et
479 3132 590 3218 ipsum
612 3130 809 3196 Ciceronem
830 3131 930 3196 credo
964 3132 1123 3197 solitos...
1151 3139 1185 3197 et
1206 3131 1310 3196 livere
1323 3141 1357 3197 et
1371 3133 1492 3198 ceteris

256 3236 419 3303 humanae
447 3238 656 3305 infirmitatis
686 3239 780 3304 vitiis
818 3239 928 3305 adfici.
950 3263 1027 3302 o-
1054 3238 1107 3303 26.
1128 3237 1420 3326 «Exspectabam,
1453 3248 1492 3305 ut

255 3344 370 3434 (Aper)
385 3346 539 3411 incusato
559 3347 682 3411 Asinio
697 3354 731 3412 et
746 3345 862 3411 Caelio
879 3354 912 3411 et
928 3345 1034 3411 Calvo
1048 3345 1141 3411 aliud
1158 3345 1255 3411 nobis
1275 3368 1397 3432 agmen
1410 3370 1490 3433 pro-

255 3451 389 3519 duceret
408 3503 446 3532 ..,
476 3476 519 3518 ex
550 3452 671 3542 quibus
697 3453 800 3519 alium
831 3454 998 3531 Ciceroni,
1027 3452 1131 3518 alium
1165 3453 1314 3529 Caesari,
1346 3454 1490 3539 singulis

254 3559 373 3626 deinde
386 3559 540 3647 singulos
553 3583 811 3649 opponeremus.
831 3588 846 3620 »ι
869 3601 904 3612 -
921 3561 975 3638 34.
995 3589 1011 3620 «
1034 3561 1168 3627 Aetatis
1182 3583 1313 3628 anno...
1337 3560 1443 3626 altero
1456 3569 1490 3626 et
1550 3604 1553 3609 -

255 3668 438 3733 vicensimo
455 3667 596 3733 Asinius
612 3667 721 3733 Pollio
738 3667 776 3733 C.
800 3668 980 3747 Catonem,
997 3691 1066 3732 non
1101 3667 1246 3733 multum
1263 3675 1372 3733 aetate
1387 3675 1488 3733 ante-

253 3775 374 3840 cedens
404 3773 531 3839 Calvus
550 3775 726 3840 Vatinium
755 3776 796 3841 iis
818 3775 1030 3840 orationibus
1045 3775 1192 3841 insecuti
1213 3782 1306 3856 sunt,
1323 3798 1408 3864 quas
1427 3776 1488 3840 ho-

252 3882 305 3947 die
319 3904 453 3970 quoque
472 3904 549 3946 curn
571 3880 793 3948 admiratione
813 3882 970 3970 legimus.
996 3907 1012 3946 »
1031 3920 1068 3931 -
1084 3883 1137 3949 38.
1153 3883 1334 3971 (Loquitur
1355 3882 1489 3948 Mater-

251 3981 330 4065 nus)
361 4005 377 4045 «
414 3979 532 4068 Nequc
561 3978 735 4046 Ciceronis
769 4004 879 4071 neque
912 3982 1068 4046 Caesaris
1106 4003 1216 4071 neque
1253 3981 1349 4047 Bruti
1378 4005 1488 4071 neque

253 4087 357 4153 Caelii
372 4109 483 4175 neque
496 4086 606 4164 Calvi,
625 4112 692 4153 non
712 4087 858 4178 denique
878 4088 983 4154 ullius
1005 4088 1119 4175 magni
1137 4087 1279 4154 oratoris
1299 4087 1385 4154 liber
1398 4089 1487 4177 apud

250 4195 480 4260 centumviros
495 4194 608 4260 dictus
629 4194 795 4284 (legitur),
807 4248 828 4262 ..
850 4224 865 4255 υ

210 4300 465 4369 CAMERIVM.
505 4340 548 4350 -
583 4327 632 4382 rr,
670 4305 723 4379 ad.
755 4303 937 4393 (Loquitur
972 4302 1150 4392 Claudius)
1188 4332 1203 4363 «
1243 4302 1360 4392 Neque
1396 4305 1487 4369 enini

250 4410 410 4495 ignoro...
426 4408 658 4474 Coruncanios
674 4410 869 4476 Camerio...
887 4411 1025 4477 accitos.
1046 4437 1061 4469 »
1273 4475 1276 4482 ,

209 4515 560 4596 CAbllLLVS.—2,
580 4519 633 4582 52.
658 4517 740 4584 Post
771 4516 869 4582 illum
899 4520 1159 4606 reciperatorem
1182 4517 1487 4610 urbislfiliumque

250 4623 321 4688 eius
337 4622 544 4688 Camillum³
558 4646 663 4712 penes
679 4623 763 4688 alias
785 4624 932 4691 familias
948 4625 1165 4712 imperatoria
1179 4624 1255 4690 laus
1273 4625 1394 4692 suerat.

238 4764 246 4797 ¹
264 4763 439 4827 Nipperdey:
453 4766 485 4814 L.
501 4765 585 4814 Aelii.
605 4766 806 4829 Intellegendus
823 4771 865 4816 est
883 4768 910 4816 L.
928 4768 1022 4817 Aelius
1034 4767 1112 4816 Stilo.

237 4842 248 4877 ²
264 4843 300 4893 ii.
312 4844 409 4893 Furius
422 4844 561 4895 Camillus.

239 4922 250 4958 ³
266 4924 293 4973 L.
311 4925 408 4973 Furius
420 4923 559 4977 Camillus.
