3709 6234
722 885 858 938 SERVIVS
878 886 987 938 GALBA
1440 881 1493 935 293

258 1024 441 1090 maioribus
468 1026 627 1090 remediis
655 1025 854 1091 servabatur
873 1080 894 1096 ..
923 1027 1101 1114 (Loquitur
1126 1025 1217 1113 l'iso)
1235 1053 1250 1086 a
1272 1027 1493 1092 ...Provisum

256 1131 436 1221 adoptione
471 1132 649 1199 videbatur
681 1140 717 1198 ut
744 1156 785 1199 ne
811 1141 889 1222 post
914 1133 1057 1197 Galbam
1104 1133 1240 1221 quidem
1275 1133 1364 1198 bello
1398 1135 1493 1199 loeus

256 1248 344 1306 esset
364 1269 393 1306 ιι.
412 1279 456 1291 -
477 1240 503 1321 Ι,
523 1241 574 1306 30.
602 1269 617 1300 ιι
634 1241 778 1305 Galbam
799 1264 986 1306 consensus
999 1241 1132 1325 generis
1147 1241 1298 1314 humani,
1316 1264 1369 1305 me
1385 1241 1492 1306 Galba

255 1348 547 1414 consentientibus
562 1347 660 1412 vobis
677 1348 857 1414 Caesarem
881 1348 979 1416 dixit.
1010 1373 1025 1410 r
1050 1387 1088 1399 -
1110 1347 1135 1426 l,
1152 1350 1205 1414 δι.
1222 1347 1361 1436 legioni
1377 1349 1492 1414 elassi-

254 1477 312 1520 cae
332 1454 561 1526 dillidebatur,
584 1455 726 1521 infestae
749 1454 791 1518 ob
816 1454 951 1520 caedem
979 1455 1261 1535 commilitonum,
1284 1478 1369 1543 quos
1385 1456 1492 1542 primo

255 1563 371 1628 statim
409 1563 549 1629 introitu
586 1563 813 1628 trucidaverat
846 1562 995 1629 Galba..
1042 1563 1241 1648 (Tribunum
1279 1562 1493 1651 Pompeium)

257 1671 447 1758 Longinum
491 1671 645 1758 (milites)
677 1670 833 1735 manibus
861 1677 1018 1735 coercent
1045 1677 1301 1758 exarmantque,
1318 1670 1396 1756 quia
1425 1693 1491 1734 non

254 1777 372 1843 ordine
397 1777 549 1849 militiae,
571 1777 630 1842 sed
651 1801 668 1842 e
688 1776 816 1842 Galbae
842 1778 970 1854 amicis,
991 1777 1078 1841 lidus
1099 1776 1241 1864 principi
1259 1800 1361 1842 suo...
1378 1784 1490 1844 erat...

254 1884 456 1950 Germanica
471 1883 595 1950 vexilla
618 1883 676 1949 diu
701 1893 919 1955 nutavere...,
945 1883 1086 1972 placatis
1116 1884 1250 1961 animis,
1282 1883 1371 1973 quod
1398 1907 1455 1949 eos
1475 1908 1495 1948 a

254 1991 388 2057 Nerone
414 1991 657 2056 Alexandriam
671 1992 874 2079 praemissos
893 1998 993 2079 atque
1008 1991 1085 2056 inde
1101 2014 1218 2055 rursus
1238 1990 1339 2077 longa
1354 1991 1494 2077 naviga-

255 2100 347 2164 tione
370 2085 490 2186 aegros
517 2099 719 2187 impensiore
735 2122 813 2163 cura
828 2098 935 2163 Galba
952 2098 1138 2164 refovebat.
1171 2137 1215 2147 —
1237 2097 1261 2176 l,
1282 2099 1335 2162 32.
1355 2096 1492 2162 Interim

254 2204 400 2271 Galbam
426 2205 512 2270 duae
542 2207 729 2271 sententiae
763 2205 1014 2272 distinebant...
1045 2244 1086 2257 -
1114 2205 1139 2286 l,
1167 2205 1222 2270 33.
1249 2205 1492 2270 Festinandum

254 2314 376 2379 ceteris
387 2311 603 2379 videbatur...
620 2313 696 2378 Non
708 2313 974 2402 exspectandum
989 2322 1027 2379 ut
1037 2313 1234 2401 compositis
1249 2312 1368 2377 eastris
1382 2311 1491 2376 forum

254 2419 395 2486 invadat
410 2419 528 2505 (Otho)
542 2428 574 2485 et
587 2428 824 2507 prospectante
839 2419 948 2484 Galba
964 2420 1170 2508 Capitolium
1183 2419 1322 2485 adeat...
1344 2459 1377 2470 —
1399 2418 1424 2488 l.
1436 2418 1490 2495 34.

255 2527 324 2593 Nec
339 2526 468 2592 diutius
488 2525 596 2591 Galba
625 2535 804 2592 cunctatus
835 2527 1038 2615 speciosiora
1066 2526 1285 2591 suadentibus
1308 2526 1490 2591 accessit...

255 2633 414 2699 Occisum
429 2634 461 2698 in
483 2634 603 2699 castris
620 2635 789 2699 Othonem
811 2658 920 2721 vagus
940 2635 1086 2721 primum
1111 2642 1145 2699 et
1165 2634 1315 2700 incertus
1335 2656 1490 2699 rumor...

256 2740 355 2806 llulti
371 2740 623 2806 arbitrabantur
639 2741 865 2828 compositum
880 2749 1083 2830 auctumque
1098 2764 1266 2806 rumorem
1286 2741 1402 2805 mixtis
1426 2741 1492 2804 ianr

255 2849 469 2924 Othonianis,
488 2849 545 2938 qui
561 2849 603 2914 ad
617 2848 826 2914 evocandum
852 2847 996 2913 Galbam
1016 2848 1103 2913 laeta
1120 2847 1205 2912 falso
1220 2847 1493 2935 vulgaverint.-

257 2957 281 3034 Ι,
301 2955 356 3022 35.
373 2955 532 3043 Equitum
548 2956 700 3044 plerique
720 2979 758 3020 ac
781 2963 1015 3022 senatorum...
1037 2979 1133 3020 ruere
1148 2956 1240 3020 intus
1255 2977 1293 3019 ac
1314 2977 1349 3019 se
1364 2952 1492 3018 Galbae

254 3069 465 3129 ostentare...
483 3064 596 3128 Donec
612 3064 724 3150 inopia
737 3063 806 3128 reri
818 3071 852 3129 et
862 3085 1031 3127 consensu
1039 3064 1224 3127 errantium
1235 3062 1345 3127 victus
1356 3069 1492 3148 sumpto

253 3170 391 3235 thorace
407 3169 516 3235 Galba
549 3170 698 3235 inruenti
723 3170 841 3235 turbae
870 3193 979 3258 neque
1010 3177 1119 3235 aetate
1158 3191 1267 3256 neque
1280 3191 1418 3255 corpore
1433 3191 1490 3233 re-

254 3277 379 3343 sistens
413 3275 494 3341 sella
530 3278 741 3343 levaretur...
783 3275 887 3342 lulius
914 3277 1052 3342 Atticus
1081 3276 1284 3364 speculator,
1314 3283 1490 3340 cruentum

253 3382 404 3469 gladium
422 3391 610 3457 ostentans,
626 3384 774 3448 occisum
789 3407 805 3446 a
821 3407 856 3448 se
873 3383 1043 3449 Othonem
1064 3382 1283 3460 exclamavit,
1301 3392 1335 3447 ct
1350 3380 1457 3445 Galba
1482 3402 1488 3445 :

256 3519 270 3550 ιι
291 3490 499 3562 tlommilito.
516 3491 638 3579 inquit.
657 3491 732 3578 quis
747 3490 869 3556 iussit?
889 3523 902 3549 ιι
919 3530 963 3539 -
980 3491 1005 3568 Ι,
1025 3489 1078 3554 36.
1098 3489 1252 3578 (Milites)
1265 3491 1296 3553 in
1313 3494 1488 3574 suggestu,

255 3597 289 3662 in
309 3620 376 3685 quo
393 3597 492 3684 paulo
508 3604 585 3662 ante
601 3621 700 3662 aurea
718 3597 845 3662 Galbae
861 3605 973 3662 statua
984 3596 1103 3666 luerat.
1121 3595 1268 3660 medium
1293 3597 1380 3660 inter
1395 3596 1490 3678 signa

256 3703 424 3768 Othonem
454 3704 588 3769 vexillis
616 3704 867 3791 (circumdant).
884 3744 927 3753 —
949 3704 973 3781 l,
993 3703 1046 3791 37.
1083 3703 1263 3790 (Loquitur
1288 3702 1377 3766 Otho
1402 3701 1490 3788 apud

256 3810 394 3898 milites)
425 3839 440 3872 ιι
460 3810 573 3875 Poena
594 3834 667 3876 mea
695 3819 728 3876 et
752 3812 955 3898 supplicium
989 3819 1139 3875 vestrum
1161 3809 1261 3874 simul
1295 3807 1490 3897 (postulan-

255 3921 364 4003 tur)...
380 3941 387 3996 ;
409 3926 442 3983 et
458 3919 553 3983 cuius
570 3917 721 3984 lenitatis
737 3926 788 3983 est
812 3917 934 3996 Galba,
952 3919 1018 3982 iam
1037 3917 1181 3983 sortasse
1197 3917 1363 4004 promisit.
1381 3916 1488 4002 utqui

256 4023 349 4089 nullo
365 4033 570 4113 exposcente
597 4033 646 4090 tot
675 4024 768 4089 milia
791 4025 1144 4090 innocentissimorum
1171 4025 1315 4089 militum
1344 4022 1491 4088 trucida-

254 4132 354 4198 verit.
373 4132 500 4196 Horror
514 4133 664 4197 animum
681 4131 784 4208 subit,
817 4133 974 4220 quotiens
990 4131 1146 4197 recordor
1161 4131 1298 4196 feralem
1315 4130 1490 4195 introitum

256 4247 289 4304 et
309 4239 394 4304 hanc
409 4239 516 4304 solam
530 4239 658 4303 Galbae
675 4240 891 4305 victoriam...
914 4269 928 4298 »ι
944 4279 986 4287 -
1004 4239 1029 4308 l,
1044 4241 1097 4304 38.
1116 4268 1131 4296 ιι
1155 4240 1206 4304 Λα
1227 4263 1349 4327 nequa
1369 4237 1489 4303 saltem

255 4347 289 4412 in
306 4370 499 4412 successore
515 4346 642 4411 Galbae.
658 4370 735 4434 spes
759 4355 859 4416 esset.
878 4347 1019 4411 accersit
1038 4346 1079 4410 ab
1104 4346 1217 4424 exilio,
1241 4369 1341 4435 quem
1354 4345 1489 4411 tristitia

256 4462 290 4519 et
318 4453 457 4519 avaritia
484 4454 535 4517 sui
569 4453 779 4517 simillimum
806 4453 1017 4518 iudicabat...
1053 4453 1122 4518 Nec
1150 4476 1214 4517 una
1242 4453 1361 4518 cohors
1377 4461 1490 4537 togata

255 4559 406 4626 defendit
422 4584 510 4625 nunc
526 4560 682 4628 Galbam.
695 4561 753 4625 sed
769 4560 937 4627 detinet...
965 4585 979 4622 r
997 4600 1038 4609 -
1055 4558 1081 4638 l,
1100 4559 1153 4648 39.
1176 4560 1294 4626 l'ise...
1317 4584 1490 4647 egressum

254 4668 386 4732 interim
398 4667 541 4733 Galbam
552 4668 662 4733 etloro
674 4667 1190 4756 adpropinquantemadsccutus
1209 4675 1320 4734 erat...
1332 4668 1491 4754 Agitasse

256 4774 343 4840 Laco
370 4776 487 4860 ignaro
516 4775 624 4840 Galba
654 4775 694 4839 de
725 4775 908 4840 occidendo
927 4775 1001 4840 Tito
1022 4775 1122 4838 Vinio
1143 4775 1305 4839 dieitur...
1324 4773 1410 4854 -Ι,
1435 4778 1488 4851 (o.

258 4881 432 4964 Agebatur
461 4884 524 4946 hue
551 4883 630 4947 illuc
651 4883 759 4947 Galba
776 4883 868 4948 vario
890 4883 1006 4948 turbae
1045 4882 1240 4947 fluctuantis
1261 4881 1421 4969 impulsu.
1448 4919 1492 4930 -

257 4987 283 5056 Ι.
301 4990 356 5065 (r.
375 4988 579 5055 l'exillarius
607 4992 786 5055 comitatae
802 4989 947 5054 Gallam
964 4989 1153 5055 cohortis...
1175 4989 1347 5075 dereptam
1363 4988 1492 5052 Galbae
