3709 6234
793 872 823 923 l).
841 872 948 925 tvnlvs
1454 861 1511 918 395

273 1038 428 1082 exercere
443 1023 542 1079 vetus
557 1038 611 1078 ars
627 1013 690 1079 luit
706 1034 712 1093 ;
731 1036 811 1077 mox
827 1014 940 1079 Seiani
952 1010 1101 1101 potentia
1114 1005 1248 1074 senator
1258 1008 1399 1073 obscura
1416 1008 1511 1073 initia

270 1122 528 1212 impudentibus
547 1122 640 1186 ausis
671 1120 894 1209 provolvebat
907 1122 928 1187 ¹.

226 1231 378 1297 IVNIVS
394 1228 529 1308 OTHO,
546 1228 699 1298 OTllO'l.
718 1268 761 1278 —
777 1228 809 1307 6,
825 1231 879 1317 47.
909 1227 1044 1293 Laelius
1061 1225 1187 1292 Balbus
1216 1228 1415 1290 Acutiam...
1439 1248 1507 1289 ma-

274 1339 405 1404 iestatis
429 1336 671 1426 postulaverat,
690 1359 755 1424 qua
790 1335 948 1400 damnata
983 1358 1059 1400 cum
1099 1333 1286 1423 praemium
1324 1332 1509 1398 accusatori

271 1446 518 1520 decerneretur,
537 1444 653 1509 lunius
674 1443 763 1509 Otho
786 1443 943 1508 tribunus
958 1441 1067 1530 plebei
1091 1441 1292 1521 intercessit,
1323 1439 1411 1505 unde
1439 1439 1507 1504 illis

270 1554 359 1633 odia,
377 1576 457 1617 mox
473 1552 600 1618 Othoni
616 1552 770 1617 exitium.

227 1660 380 1727 IVNIVS
399 1659 629 1725 HVSTICVS.
646 1698 689 1708 —
710 1661 741 1735 5,
759 1662 791 1737 4.
807 1658 884 1723 Fuit
904 1658 937 1722 in
955 1665 1074 1723 senatu
1097 1656 1213 1722 lunius
1227 1655 1400 1736 Rusticus,
1418 1679 1508 1721 com-

270 1768 435 1857 ponendis
463 1775 597 1856 patrum
623 1767 706 1832 actis
731 1766 882 1831 delectus
907 1790 925 1831 a
960 1765 1142 1832 Caesare...
1178 1765 1210 1828 Is
1239 1764 1332 1829 fatali
1361 1763 1507 1853 quodam

270 1884 377 1955 motu,
399 1899 507 1964 neque
523 1876 613 1940 enim
629 1882 707 1939 ante
728 1874 899 1961 specimen
913 1874 1124 1938 constantiae
1144 1872 1293 1951 dederat,
1325 1895 1383 1937 seu
1405 1894 1507 1959 prava

267 1983 458 2049 sollertia...
475 1983 499 2050 ³.

225 2089 377 2157 IVNIVS
398 2090 590 2157 SILANVS
605 2093 678 2174 (A),
704 2088 869 2155 APPIVS
885 2088 1092 2170 SILANVS,
1110 2088 1314 2154 APP1vs⁴.
1336 2126 1376 2137 -
1400 2090 1432 2165 l,
1449 2086 1504 2154 68.

271 2197 366 2263 lunio
380 2198 496 2263 Silano
522 2205 556 2262 et
576 2197 659 2262 Silio
675 2200 784 2264 Nerva
801 2195 1011 2261 consulibus.
1034 2235 1067 2245 —
1089 2195 1120 2275 6,
1134 2221 1166 2284 9.
1186 2195 1380 2261 rlccrvatim
1398 2219 1438 2260 ex
1469 2219 1507 2261 eo

269 2306 402 2371 Annius
428 2305 548 2385 Pollio,
569 2306 701 2393 Appius
717 2304 853 2369 Silanus
869 2304 996 2369 Scauro
1012 2304 1182 2369 Mamerco
1199 2304 1299 2368 simul
1317 2327 1354 2367 ac
1380 2302 1506 2369 Sabino

273 2413 421 2479 Calvisio
435 2413 621 2478 maiestatis
637 2411 894 2500 postulantur...
917 2411 999 2477 clari
1011 2433 1118 2498 genus
1133 2419 1234 2498 atque
1250 2411 1338 2476 idem
1366 2412 1507 2476 summis

268 2520 464 2585 honoribus.
525 2520 876 2607 Contremucrantque
920 2527 1091 2607 patres...,
1135 2519 1168 2583 ni
1208 2519 1328 2584 Celsus
1359 2518 1507 2584 urbanae

267 2628 415 2694 cohortis
436 2627 603 2705 tribunus,
619 2634 690 2692 tum
712 2628 800 2693 inter
816 2627 955 2707 indices,
975 2627 1124 2714 Appium
1136 2634 1169 2691 et
1189 2626 1376 2692 Calvisium
1388 2626 1507 2691 discri-

275 2735 358 2800 mini
384 2735 591 2800 exemisset..

226 2842 378 2908 IVNIVS
394 2841 587 2909 SILANVS
605 2844 679 2927 (B),
701 2842 893 2907 SILANVS
906 2842 930 2907 ⁵.
949 2882 991 2891 —
1017 2842 1065 2924 13,
1088 2866 1116 2908 ι.
1134 2842 1245 2908 Prima
1276 2866 1364 2907 novo
1385 2842 1507 2931 princi·

269 2958 349 3039 patu
380 2973 471 3014 mors
493 2948 579 3014 lunii
606 2949 712 3014 Silani
739 2948 952 3037 proconsulis
985 2950 1100 3030 Asiae,
1132 2950 1251 3037 ignaro
1275 2949 1408 3014 Nerone
1448 2973 1506 3038 per

269 3056 384 3122 dolum
405 3056 613 3144 Agrippinae
628 3064 776 3143 paratur,
805 3080 872 3120 non
896 3058 976 3146 quia
1006 3056 1134 3143 ingenii
1167 3057 1328 3122 violentia
1362 3057 1503 3123 exitium

268 3165 477 3238 inritaverat,
495 3165 610 3250 segnis
629 3172 662 3228 et
676 3163 964 3229 dominationibus
984 3163 1058 3229 aliis
1082 3165 1263 3248 fastiditus,
1295 3165 1378 3229 adeo
1394 3173 1431 3229 ut
1464 3164 1505 3229 C.

269 3272 393 3337 Caesar
407 3270 570 3358 pecudem
586 3294 720 3335 auream
737 3294 815 3336 eum
831 3271 1001 3359 appellare
1022 3271 1144 3337 solitus
1159 3273 1223 3352 sit;
1243 3296 1359 3336 vorum
1383 3273 1506 3360 Agrip·

268 3380 347 3467 pina
367 3378 460 3444 lratri
476 3378 547 3442 eius
564 3377 600 3442 L.
620 3378 736 3443 Silano
753 3401 869 3443 necem
886 3379 1002 3444 molita
1025 3379 1170 3444 ultorem
1193 3378 1374 3452 metuebat,
1389 3379 1505 3444 crebra

268 3485 362 3573 vulgi
377 3485 464 3549 larua
480 3485 754 3572 anteponendum
772 3509 888 3552 esse...
907 3485 1074 3551 Neroni...
1105 3488 1214 3551 virum
1238 3495 1347 3552 aetate
1372 3509 1506 3574 compo·

267 3594 343 3674 sita,
360 3594 540 3671 insontem,
568 3591 772 3665 nobilemct,
791 3592 882 3680 quod
904 3600 983 3658 tunc
1011 3602 1232 3681 spectaretur,
1270 3618 1287 3658 e
1322 3595 1506 3658 Caesarum

268 3700 411 3789 posteris
427 3720 434 3777 ;
453 3700 577 3787 quippe
588 3707 622 3764 ct
637 3699 774 3765 Silanus
792 3701 869 3763 Divi
885 3701 1032 3786 Augusti
1049 3701 1198 3788 abnepos
1209 3710 1320 3768 erat...
1336 3741 1377 3750 —
1395 3701 1504 3773 1333.

270 3805 368 3871 Celer
382 3806 572 3884 interfecte,
594 3814 632 3871 ut
658 3807 855 3884 memorari,
874 3807 991 3872 Silano
1011 3832 1071 3895 pro
1108 3808 1246 3873 consule
1275 3808 1507 3893 magnitudine

268 3912 404 3978 sceleris
420 3921 529 3977 cetera
547 3914 674 3999 llagitia
690 3912 882 4000 obtegebat.

228 4024 268 4087 D.
292 4020 475 4108 (IVNIVS)
496 4020 690 4085 SllnlNl'S
704 4020 727 4090 ⁴⁵.
750 4045 782 4086 v.
803 4019 844 4085 D.
868 4021 1076 4087 SILANVS.

227 4130 266 4193 l).
287 4126 454 4204 IVNIVS,
482 4125 753 4203 Tt'lthVnTt'S
774 4126 940 4192 SILANV
944 4130 979 4207 S,
996 4128 1299 4207 TORQVATVSQ
1318 4169 1355 4180 -—
1382 4155 1431 4207 ια,
1449 4133 1503 4199 58.

271 4236 311 4299 l).
335 4234 431 4298 lunio
451 4232 491 4311 Q.
527 4233 663 4298 llatcrio
686 4233 894 4299 consulibus.
922 4274 966 4285 —·
1002 4234 1123 4312 15,35.
1154 4237 1344 4325 Torquatus
1370 4239 1506 4304 Silanus

256 4451 263 4484 ¹
284 4450 315 4501 l'.
333 4450 506 4512 ctia1113,67.

255 4530 267 4566 ²
286 4530 378 4586 Filius,
395 4535 425 4579 ut
444 4531 561 4586 videtur,
580 4531 638 4578 cius
652 4532 697 4592 qni
715 4532 865 4592 praecedit.

256 4610 268 4646 ³
288 4611 319 4658 Υ.
334 4612 416 4658 ctiam
435 4612 458 4662 5.
471 4612 494 4658 5.

255 4691 307 4743 ⁴C,
320 4693 374 4753 Ap.
390 4691 483 4738 lunius
499 4691 614 4738 Silanus.
633 4691 756 4748 l'nosor,
772 4693 828 4749 541.
850 4692 957 4755 llupliei
972 4694 1149 4756 praenomine
1167 4696 1318 4757 praedItus.
1334 4697 1431 4746 Filium
1444 4713 1506 4745 cum

224 4771 254 4821 C.
269 4771 360 4831 (lunii)
373 4771 455 4818 Silani
468 4786 528 4818 esse
544 4772 661 4818 conlcclt
674 4771 813 4832 Borghesi,
825 4774 897 4835 quod
916 4789 969 4822 non
986 4774 1115 4837 probant
1127 4775 1248 4824 lilcbsio.

255 4850 318 4898 8Μ.
337 4851 428 4898 lunius
446 4851 562 4902 Silanus.
582 4851 704 4910 Prason,
724 4852 778 4903 553.
797 4852 880 4901 Filius
894 4855 920 4902 hl
949 4855 1043 4915 (luniil
1062 4855 1143 4903 Silani
1154 4856 1209 4910 (Β).

255 4930 266 4964 ὕ
284 4931 378 4978 Frater
389 4930 424 4979 ll.
441 4931 533 4991 (lunii)
549 4930 631 4977 Silani
646 4932 700 4992 (ll).

255 5010 264 5044 '¹
284 5011 407 5065 Proser„
423 5012 478 5061 558.
497 5011 579 5058 Filitrs
595 5010 630 5057 hl.
651 5011 743 5073 ,lunii)
761 5012 843 5062 Silani
858 5013 912 5075 (Β).

299 5225 1001 5521 Α...
