3709 6234
335 866 390 921 ars
931 843 1025 924 rins

341 1009 483 1086 PAPIA
508 1009 741 1076 ΡΟΡΡΑΕΑ1
766 1011 866 1077 LEX.
890 1050 932 1061 —
949 1011 980 1089 3,
1001 1012 1054 1078 25.
1082 1013 1240 1078 Relatum
1260 1013 1338 1078 dein
1358 1012 1400 1077 de
1416 1011 1622 1077 moderanda

385 1117 488 1205 Papia
514 1116 682 1205 Poppaea,
718 1141 819 1206 quam
849 1119 962 1183 senior
987 1122 1165 1208 Augustus
1193 1128 1270 1208 post
1293 1119 1396 1184 Iulias
1429 1120 1625 1207 rogationes

382 1224 565 1289 incitandis
580 1224 747 1290 caelibum
762 1226 880 1313 poenis
896 1234 930 1292 et
944 1227 1100 1314 augendo
1121 1227 1248 1292 aerario
1268 1235 1438 1293 sanxerat.
1456 1266 1498 1276 —
1515 1225 1547 1298 3,
1567 1227 1621 1292 28.

385 1331 574 1398 Acrioraex
594 1355 633 1398 eo
642 1330 771 1413 uincla,
789 1333 887 1398 inditi
907 1335 1064 1400 custodes
1085 1344 1118 1400 et
1138 1335 1212 1423 Iege
1229 1335 1331 1423 Papia
1347 1334 1502 1422 Poppaea
1517 1357 1620 1421 prae-

385 1439 461 1503 miis
476 1439 616 1518 inducti,
636 1447 682 1516 ut,
702 1441 730 1504 si
745 1440 959 1529 eprivilegiis
975 1450 1154 1530 parentum
1168 1449 1367 1521 cessaretur,
1387 1440 1480 1507 velut
1498 1463 1624 1528 parens

384 1545 535 1611 omnium
549 1547 694 1635 populus
713 1549 868 1613 vacantia
881 1556 1021 1615 teneret.

340 1653 438 1720 SEX.
462 1653 706 1720 PAPIvast
732 1695 771 1707 -
791 1654 824 1734 6,
846 1658 901 1732 40.
923 1657 964 1735 Q.
992 1656 1145 1723 Plautius
1169 1658 1248 1723 Sex.
1282 1655 1444 1744 Papinius
1464 1654 1623 1721 consules

387 1769 585 1849 sequuntur.

341 1868 439 1934 SEX.
467 1868 713 1935 PAPINII'S³.
727 1869 808 1950 -6,
823 1874 875 1956 49.
899 1872 977 1936 Sex.
998 1870 1159 1959 Papinius
1174 1869 1342 1936 consulari
1363 1869 1488 1935 familia
1505 1894 1623 1958 repen-

386 1976 493 2040 tiaum
518 1984 550 2041 et
580 1975 758 2042 intormem
789 1977 917 2043 exitum
939 1976 1078 2064 delegit,
1100 1978 1186 2043 iacto
1216 1967 1260 2042 in'
1279 2000 1438 2065 praeceps
1467 2001 1621 2065 corpore.

387 2083 496 2148 Causa
512 2083 553 2147 ad
570 2090 710 2148 matrem
728 2083 945 2165 referebatur,
968 2108 1095 2173 quae...
1114 2084 1318 2174 perpulisset
1341 2085 1496 2150 iuvenem
1512 2084 1554 2149 ad
1569 2108 1622 2162 ea,

387 2213 530 2278 quorum
550 2190 711 2277 ellugium
733 2192 876 2256 nonnisi
892 2200 1000 2257 morte
1018 2191 1197 2257 inveniret.

344 2296 569 2362 PAPIRIVS.
588 2335 628 2345 —
652 2297 708 2369 lv,
738 2301 793 2387 49.
826 2298 990 2363 Claudius
1019 2299 1192 2386 Sagitta...
1219 2321 1378 2386 prospera
1408 2299 1626 2384 navigatione

387 2405 562 2492 praevenit
580 2405 749 2492 Papirium
770 2407 1001 2471 centurionem
1023 2430 1039 2469 a
1059 2407 1216 2471 Muciano
1238 2407 1379 2470 missum
1397 2406 1624 2470 adseveravit-

391 2536 454 2600 que
483 2511 642 2576 mandata
665 2513 886 2578 interficiendi
918 2513 1051 2577 Pisonis
1071 2513 1287 2601 (proconsule
1316 2512 1468 2596 Africae)
1503 2522 1627 2579 centu-

387 2619 472 2683 rioni
492 2619 612 2688 data...
632 2619 793 2684 Centurio
814 2619 1006 2685 aMuciano
1026 2621 1152 2685 missus
1182 2627 1220 2685 ut
1247 2628 1381 2708 portum
1407 2620 1624 2708 Carthaginis

389 2727 543 2813 attigit...

345 2833 563 2898 PAPIRIVS
591 2833 757 2906 CARBII.
788 2835 977 2900 CARBIlt.
1016 2872 1057 2883 —
1095 2839 1133 2902 G.
1175 2836 1228 2923 37.
1263 2835 1556 2900 Sexcentcsimum
1593 2842 1627 2899 et

389 2941 685 3029 quadragesimum
709 2965 834 3006 annum
853 2941 934 3006 urbs
957 2950 1073 3007 nostra
1097 2942 1230 3029 agebat,
1262 2966 1338 3007 cunr
1363 2943 1507 3030 primum
1533 2942 1625 3007 Cirn-

390 3046 526 3112 brorum
559 3048 673 3113 audita
698 3055 777 3113 sunt
805 3072 909 3127 arma,
928 3049 1075 3114 Caecilio
1093 3049 1230 3114 Metello
1255 3056 1289 3114 et
1314 3049 1448 3135 Papirio
1471 3048 1625 3116 Carbone
1734 3119 1740 3132 ,

391 3155 629 3222 consulibus..
652 3157 813 3221 Germani
837 3155 992 3221 Carbone
1017 3167 1049 3221 ct
1083 3156 1200 3222 Cassio
1225 3165 1259 3222 et
1274 3158 1399 3223 Scauro
1428 3157 1567 3222 Aurelio
1593 3166 1627 3223 et

392 3263 535 3329 Servilio
550 3264 730 3352 Caepione,
751 3265 812 3330 Cn.
830 3288 964 3353 quoque
985 3264 1112 3329 Manlio
1132 3264 1216 3329 susis
1232 3263 1284 3328 vel
1300 3264 1448 3351 captis...

348 3371 387 3437 C.
407 3372 649 3456 (PAPIRIVS)
665 3371 830 3438 CARRI).
849 3396 878 3433 v.
901 3373 938 3435 (ἶ.
963 3370 1128 3436 CARRO.

349 3479 512 3544 PAPII'S
536 3478 764 3546 Mt'Tll.VS⁵.
791 3504 881 3548 -2,
915 3480 967 3544 32.
996 3480 1090 3543 Ilona
1125 3479 1211 3565 (deis
1242 3478 1284 3542 ob
1315 3485 1456 3542 mortem
1486 3478 1626 3543 Libonis

394 3587 550 3670 Ilrusi)...
574 3587 609 3651 L.
630 3587 707 3650 Piso
728 3595 762 3650 et
776 3585 894 3650 Gallus
916 3587 1056 3650 Asinius
1072 3587 1238 3673 etPapius
1255 3585 1395 3650 Mutilus
1411 3594 1444 3649 ct
1460 3586 1498 3650 1..
1516 3588 1626 3673 Apro-

393 3692 469 3755 nius
484 3693 672 3757 decrevere.

351 3800 520 3863 I'AIIIS'''.
542 3800 654 3874 -13,
685 3824 733 3888 ¹9·
767 3800 967 3886 (Atimetus)
987 3799 1140 3863 Paridem
1162 3800 1371 3872 histrionem,
1403 3798 1561 3864 libertum
1595 3808 1629 3865 et

395 3909 504 3995 ipsum
529 3908 706 3985 Domitiae,
724 3908 857 3995 impuIIt
877 3908 922 3971 ire
948 3931 1087 3993 propere
1104 3907 1299 3993 crimenque
1322 3908 1479 3971 atrociter
1498 3907 1628 3972 deferre

395 4016 440 4094 tin
463 4015 709 4102 Agrippinam).
724 4052 765 4061 —
782 4015 829 4080 ι3.
849 4039 900 4079 20.
917 4014 1079 4079 Provecta
1096 4037 1160 4077 nox
1179 4023 1249 4077 erat
1269 4022 1302 4077 et
1317 4014 1441 4078 Neroni
1458 4039 1517 4103 per
1532 4017 1629 4080 vino-

395 4122 533 4187 lentiam
567 4122 771 4190 trahebatur.
800 4146 876 4186 cum
900 4121 1089 4206 ingreditur
1119 4123 1225 4192 Paris,
1258 4121 1379 4186 solitus
1411 4122 1560 4210 alioquin
1597 4124 1630 4186 id

396 4230 556 4318 temporis
588 4230 688 4293 luxus
724 4230 885 4315 principis
920 4229 1105 4300 intendere.
1143 4230 1202 4293 sed
1233 4238 1312 4293 tunc
1346 4231 1553 4316 compositus
1587 4232 1629 4295 ad

384 4525 391 4548 ¹
411 4514 585 4575 {intellegendi
610 4519 671 4560 sunl.
691 4514 727 4559 Ill.
750 4513 848 4573 PapIns
869 4513 982 4559 Mutilus
1002 4515 1029 4558 et
1048 4514 1078 4566 Q.
1101 4512 1242 4573 Poppaeus
1270 4512 1422 4569 Secundus,
1438 4528 1506 4560 cess.
1525 4512 1632 4561 suffecti

351 4616 375 4648 a.
393 4615 416 4660 9.

382 4681 393 4715 ²
409 4681 469 4727 Sex.
488 4677 614 4738 Papinius
631 4673 953 4735 .lllenius.Pn‹·s01›.‚70.

383 4774 394 4806 a
412 4761 533 4813 I'nosoi·.,
551 4765 588 4819 7⁴·
609 4758 698 4804 Pilius.
712 4760 741 4802 ut
760 4755 877 4812 ridetur,
889 4756 947 4802 clus
962 4756 1006 4815 qui
1023 4755 1169 4815 praeeedss.

383 4844 393 4877 ⁴
409 4844 457 4889 Cn.
469 4840 592 4901 Papirius
610 4838 706 4885 Carbo.
725 4852 781 4882 cos.
798 4853 821 4882 a.
837 4837 879 4889 aa
894 4854 923 4877 z
939 4836 988 4881 113.

383 4924 446 4970 bat.
464 4919 695 4981 Papinsblntilus.
713 4918 833 4965 Pnosor..
852 4932 892 4976 92.

382 5009 393 5038 ’ἱ
413 5000 690 5053 abominabaris.
710 4998 834 5055 Pnosor„
852 4996 883 5044 I).
907 4996 959 5046 135.
1531 5059 1767 5509 Ὗ
