3709 6234
801 871 956 924 HISPANIA
1463 860 1516 915 3⁴9

278 1009 376 1088 tium,
398 1033 439 1074 ne
472 1011 507 1075 in
530 1010 726 1098 Hispaniam
743 1019 909 1099 pergeret,
937 1010 1104 1075 decimum
1124 1008 1189 1072 iam
1212 1030 1336 1072 annum
1365 1005 1512 1072 attineri.

282 1156 324 1169 -
344 1141 392 1196 ιι,
412 1120 465 1194 at.
486 1119 667 1205 (Loquitur
683 1118 846 1184 Claudius
862 1117 1000 1205 Caesar)
1018 1142 1034 1180 «
1053 1115 1143 1180 Num
1158 1116 1308 1204 paenitet
1328 1112 1453 1178 Balbos
1472 1136 1515 1178 ex

281 1223 470 1312 Hispania..
502 1224 677 1313 (llomam)
694 1226 913 1290 transivisse?
927 1253 943 1284 »
959 1264 1001 1273 -
1022 1227 1140 1302 1441.
1162 1221 1337 1310 (Pompeio
1358 1221 1515 1308 Aeliano)

279 1329 374 1396 ltalia
401 1341 435 1397 et
459 1332 634 1419 Hispania,
670 1333 704 1397 in
729 1355 793 1421 qua
822 1342 917 1398 ortus
945 1340 1028 1414 erat,
1056 1330 1274 1396 interdictum
1286 1336 1404 1394 est.-
1421 1328 1446 1407 Ι,
1482 1326 1514 1393 8.

278 1438 304 1502 E
321 1440 506 1525 provinciis
538 1440 722 1529 Hispaniae
745 1447 896 1528 praeerat
915 1439 1058 1505 Cluvius
1078 1439 1227 1505 llulus...
1254 1476 1298 1487 —
1314 1437 1340 1512 l,
1360 1461 1412 1502 aa.
1439 1437 1517 1500 Pto·

278 1544 856 1635 lemaeus(matbematiculethoni
867 1548 901 1612 in
913 1547 1076 1635 Hispania
1092 1545 1365 1634 comes.-l‚37.
1380 1544 1517 1632 (Loqui-
1555 1558 1558 1564 '

281 1661 334 1717 tur
359 1652 462 1740 Otho)
494 1682 508 1714 a
528 1654 637 1732 Quam
665 1654 808 1742 gloriam
833 1654 875 1719 ad
895 1655 1124 1743 principatum
1145 1653 1269 1720 adtulit
1291 1652 1423 1741 (Galba,
1451 1650 1518 1716 nisi

280 1760 381 1824 occisi
398 1760 592 1827 Obultronii
604 1761 761 1828 Sabiniet
771 1759 920 1827 Cornelii
938 1760 1090 1827 Marcelli
1107 1763 1141 1826 in
1152 1760 1381 1850 Hispania..)
1394 1783 1410 1822 n
1433 1757 1515 1838 -Ι,

279 1870 333 1954 49.
344 1868 482 1934 Servius
490 1868 638 1933 Galba...
649 1869 715 1933 iam
723 1869 1029 1934 seniorciteriorem
1038 1868 1247 1957 Hispaniam.
1256 1919 1261 1931 .
1271 1920 1278 1934 .
1287 1865 1465 1932 continuit.
1478 1902 1518 1915 -—

282 1974 308 2054 Ι,
331 1972 386 2040 62.
404 1974 533 2040 Instare
546 1975 644 2040 miles
660 1974 1003 2062 (Vitellianus),arma
1016 1976 1252 2064 poscere,dum
1269 1974 1399 2040 Galliae
1414 1973 1518 2059 trepi-

280 2080 464 2159 dent,dum
480 2082 662 2170 Hispaniae
678 2081 1004 2153 cunctentur...—l.
1015 2082 1068 2170 76.
1083 2083 1217 2148 Primus
1228 2081 1517 2148 Othonifiduciam

284 2187 415 2253 addidit
431 2212 473 2253 ex
490 2188 626 2275 Illyrico
646 2190 798 2267 nuntius,
821 2191 950 2254 iurasse
976 2190 1011 2254 in
1041 2214 1159 2256 eum...
1183 2189 1345 2276 legiones.
1365 2187 1456 2253 ldem
1477 2209 1519 2250 ex

279 2294 443 2382 Hispania
463 2295 613 2361 adlatum
633 2295 857 2385 laudatusque
878 2319 938 2384 per
957 2296 1104 2361 edictum
1137 2295 1278 2361 Cluvius
1304 2293 1411 2360 llulus
1433 2314 1440 2376 ;
1459 2292 1517 2358 sed

280 2402 394 2466 statim
424 2403 596 2490 cognitum
634 2412 685 2468 est
719 2427 917 2469 conversam
951 2405 993 2470 ad
1023 2402 1195 2469 Vitellium
1230 2402 1440 2490 Hispaniam.
1474 2439 1519 2452 -

282 2507 325 2583 ll,
348 2508 401 2573 32.
431 2508 525 2574 'lunc
549 2510 733 2575 Suetonius
768 2510 972 2583 Paulinus...
994 2511 1153 2576 disseruit
1178 2510 1364 2576 exercitum
1390 2506 1518 2573 Vitellii

285 2616 482 2679 universum
505 2615 685 2681 advenisse
711 2639 772 2682 neo
807 2618 953 2684 multum
978 2618 1139 2682 viriuma
1165 2625 1301 2703 tergo...
1337 2615 1519 2703 Hispanias

285 2723 387 2786 armis
407 2723 532 2787 nonita
549 2722 832 2789 redumdarc...-
847 2724 890 2804 ΙΙ,
912 2726 965 2790 58.
991 2724 1152 2791 Lucceius
1165 2724 1312 2789 Albinus
1329 2723 1519 2812 (utriusque

282 2830 511 2895 Mauretaniae
532 2835 785 2917 procurator)...
801 2855 898 2896 caeso
914 2831 1022 2895 Galba
1052 2832 1087 2896 in
1101 2830 1268 2896 Othonem
1304 2852 1429 2917 pronus
1458 2851 1518 2892 nec

281 2936 396 3000 Africa
416 2945 596 3003 contentus
619 2939 801 3025 Hispaniae
816 2947 960 3025 angusto
989 2937 1073 3003 freto
1092 2937 1278 3026 diremptae
1306 2936 1516 3001 imminebat.

282 3042 381 3122 -ΙΙ,
405 3042 459 3107 65.
480 3044 677 3129 Digressum
699 3068 718 3109 a
740 3044 931 3132 Luguduno
947 3043 1119 3110 Vitellium
1140 3044 1281 3111 Cluvius
1297 3044 1405 3108 Bulus
1421 3043 1518 3108 adse-

282 3151 396 3237 quitur
423 3153 548 3216 omissa
580 3151 784 3239 Hispania...
823 3151 972 3216 Hilarius
992 3152 1145 3217 Caesaris
1173 3151 1313 3216 libertus
1347 3150 1516 3215 delulerat

283 3260 401 3342 (eum),
430 3264 604 3347 tamquam
629 3258 743 3322 audito
760 3258 888 3323 Vitellii
908 3267 942 3324 et
969 3259 1113 3325 Othonis
1128 3259 1319 3348 principatu
1345 3257 1515 3346 propriam

282 3363 353 3450 ipse
369 3366 555 3451 potentiam
575 3373 608 3429 et
632 3366 882 3451 possessionem
911 3366 1151 3453 Hispaniarum
1180 3373 1420 3453 temptasset...
1438 3364 1517 3430 Clu-

282 3470 357 3534 vius
375 3472 549 3537 comitatui
569 3472 732 3560 principis
754 3473 915 3546 adiectus,
938 3495 1006 3537 non
1035 3473 1191 3561 adempta
1219 3473 1392 3560 Hispania.
1417 3494 1517 3559 quam

282 3578 369 3642 rexit
387 3578 550 3644 absona...
567 3618 611 3628 —
628 3578 671 3659 ΙΙ,
692 3579 747 3666 67.
768 3579 878 3644 Prima
900 3579 1118 3646 classicorum
1147 3580 1234 3668 legio
1254 3581 1289 3644 in
1319 3578 1518 3666 Hispaniam

286 3684 386 3747 missa
406 3688 438 3766 (a
456 3684 619 3772 Vitellio).
636 3724 678 3736 -
695 3686 739 3764 ll,
768 3686 822 3751 86.
863 3687 1016 3775 Scriptae
1036 3689 1070 3773 (a
1102 3686 1246 3752 ducibus
1272 3686 1457 3771 Flavianis)
1484 3686 1518 3749 in

285 3790 493 3855 Britanniam
506 3791 548 3860 ad
559 3793 885 3880 quartadecimanos,
899 3794 935 3858 in
952 3794 1152 3883 Hispaniam
1177 3794 1219 3860 ad
1242 3795 1414 3882 primanos
1430 3792 1517 3880 epis·

285 3896 384 3980 tulae,
409 3898 500 3986 quod
520 3906 661 3987 utraque
682 3900 769 3986 legio
783 3924 843 3988 pro
859 3900 1005 3973 Othone.
1031 3901 1171 3967 adversa
1189 3900 1327 3966 Vitellio
1343 3900 1463 3966 luerat.
1476 3938 1521 3951 -

285 4004 327 4080 ll,
349 4030 404 4093 97.
421 4006 559 4070 Auxilia
581 4013 693 4072 tamen
704 4007 891 4097 (Vitellius)
907 4032 925 4073 e
941 4009 1120 4074 Germania
1142 4009 1382 4097 Britanniaque
1395 4015 1429 4073 et
1444 4007 1520 4072 His·

284 4114 392 4199 paniis
406 4114 542 4194 excivit,
565 4115 714 4202 segniter
735 4124 769 4181 ct
789 4116 1025 4182 necessitatem
1045 4116 1305 4182 dissimulans...
1327 4115 1444 4204 Neque
1476 4138 1518 4179 ex

285 4220 457 4307 Hispaniis
472 4221 727 4309 properabatur,
744 4222 839 4286 nullo
855 4231 927 4289 tum
948 4222 993 4287 ibi
1014 4224 1182 4288 consulari
1197 4244 1204 4304 ;
1223 4224 1324 4288 trium
1347 4224 1517 4309 legionum

285 4325 386 4412 legati
397 4352 495 4415 pares
516 4329 628 4394 iure...
646 4366 687 4378 -
712 4329 771 4402 ΙΙΙ.
801 4354 831 4397 2.
867 4331 1039 4396 Antonius
1068 4331 1244 4397 Primus...
1268 4330 1518 4396 festinationem

284 4433 366 4520 ipsis
382 4434 581 4522 (Flavianis)
603 4436 733 4513 utilem,
756 4436 894 4502 vitellio
907 4438 1086 4504 exitiosam
1102 4439 1302 4504 disseruit...
1317 4437 1386 4503 Nec
1401 4436 1519 4525 procul

284 4542 513 4617 Germaniam,
531 4543 618 4608 unde
635 4543 735 4622 vires,
768 4544 979 4610 britanniam
1010 4545 1096 4611 lreto
1124 4545 1249 4623 dirimi,
1275 4546 1370 4609 iuxta
1390 4542 1520 4609 Gallias

287 4647 563 4734 llispaniasquc;
590 4651 759 4738 utrimque
797 4651 900 4729 viroS,
936 4675 1053 4741 equos,
1112 4653 1280 4719 tributa...
1302 4691 1345 4701 —
1372 4650 1432 4729 ΙΙΙ,
1468 4651 1517 4716 13.

286 4754 428 4817 Caecina
450 4755 554 4842 (apud
568 4757 732 4843 primores
754 4759 988 4823 centurionum
1013 4769 1047 4825 et
1073 4783 1199 4848 paucos
1219 4760 1422 4842 militum)...
1439 4758 1519 4824 Ves.

286 4861 415 4948 pasiani
435 4861 594 4927 virtutem
623 4864 779 4953 viresque
800 4866 946 4952 partium
973 4865 1163 4947 extollit...,
1179 4867 1338 4933 adversas
1351 4863 1520 4953 (Vitellio)

286 4966 415 5031 Gallias
430 4969 721 5057 Hispaniasque...
740 5010 784 5020 -
800 4972 862 5053 ΙΙΙ,
894 4972 943 5040 ι5.
957 4974 1131 5039 Britannia
1146 4973 1324 5064 Galliaque
1350 4981 1383 5038 et
1398 4972 1519 5060 Hispa·
