3709 6234
352 863 405 918 312
931 866 1075 918 GERMANI

403 1009 454 1072 vis
464 1031 525 1097 per
541 1009 695 1074 Raetiam
717 1006 897 1074 timebatur
914 1009 946 1096 (a
967 1007 1163 1092 Flavianis).
1189 1044 1227 1058 —
1258 1006 1318 1084 ΙΙΙ,
1350 1005 1405 1084 46.
1428 1005 1479 1072 Ne
1503 1015 1641 1074 externa

404 1114 510 1181 moles
540 1116 709 1204 utrimque
732 1116 915 1203 ingrueret,
938 1117 965 1180 si
992 1116 1103 1181 Dacus
1131 1115 1389 1202 Germanusque
1409 1114 1534 1180 diversi
1549 1115 1640 1181 inru-

403 1224 533 1313 pissent
554 1276 574 1288 ..
592 1264 630 1274 -
646 1223 707 1304 ΙΙΙ,
723 1223 776 1289 53.
790 1224 963 1289 Antonius
979 1222 1155 1311 (Primus).
1166 1273 1188 1288 ..
1201 1222 1332 1287 litteras
1342 1221 1383 1285 ad
1395 1221 1639 1310 Vespasianum

400 1332 647 1419 composuit...,
665 1354 723 1395 sua
752 1331 985 1397 constantia...
1015 1330 1219 1417 intersaepta
1243 1329 1488 1393 Germanorum
1510 1330 1639 1396 llaeto-

403 1460 543 1525 rumque
561 1436 731 1502 auxilia...
747 1474 789 1485 -
803 1436 862 1517 ΙΙ,
885 1442 935 1514 il,
953 1439 962 1508 l
968 1436 1072 1501 lulius
1088 1436 1207 1502 Civilis
1221 1433 1311 1524 apud
1327 1435 1474 1501 Batavos
1488 1436 1639 1525 disserit)

400 1544 465 1610 sibi
509 1545 610 1608 robur
650 1543 800 1631 peditum
847 1545 1081 1632 equitumque,
1129 1543 1399 1629 consanguineos
1435 1543 1638 1622 Germanos,

401 1651 531 1717 Gallias
553 1652 642 1716 idem
659 1652 874 1740 cupientes...
893 1691 934 1700 —
958 1651 1016 1729 ΙΙ,
1038 1651 1088 1718 15.
1111 1650 1247 1715 Viribus
1271 1649 1459 1716 cohortium
1483 1649 1640 1717 abductis

401 1758 560 1823 Vitellius
580 1782 597 1822 e
618 1759 781 1846 proximis
810 1759 1012 1824 Nerviorum
1043 1759 1357 1845 Germanorumque
1381 1758 1478 1846 pagis
1500 1781 1640 1846 segnem

401 1889 577 1931 numerum
601 1866 705 1930 armis
734 1875 943 1931 oneraverat.
973 1906 1012 1918 -
1039 1866 1096 1944 ΙΙ,
1126 1865 1174 1930 ι6.
1196 1864 1461 1953 Erumpentibus
1476 1865 1639 1953 paulatim

400 1973 612 2061 (delectionis
638 1972 714 2038 lulii
730 1972 849 2042 Civilis
870 1973 1029 2061 indiciis),
1050 1996 1134 2061 quac
1150 1972 1324 2052 Germani,
1335 1972 1421 2037 laeta
1437 1971 1528 2037 bello
1540 1995 1637 2059 gens,

400 2104 468 2145 non
496 2080 555 2145 diu
579 2079 843 2146 occultaverant.
873 2120 910 2131 -
940 2081 997 2163 ΙΙ,
1031 2080 1082 2145 ι8.
1112 2079 1196 2145 llluc
1215 2078 1398 2145 incubuere
1417 2079 1591 2160 Germani,
1608 2089 1642 2146 et

403 2189 466 2254 luit
480 2189 615 2253 interim
644 2188 804 2274 alfagium
822 2187 1055 2275 legionibus..
1074 2227 1118 2236 —
1134 2187 1191 2253 ΙΙ.
1210 2211 1264 2253 22.
1284 2186 1444 2253 Civilis...
1461 2193 1641 2276 utramque

403 2295 512 2360 llheni
542 2297 661 2383 ripam,
685 2318 751 2384 quo
781 2295 1004 2361 truculentior
1024 2296 1099 2359 visu
1120 2294 1215 2371 leret,
1235 2295 1480 2359 Germanorum
1495 2295 1642 2360 catervis

400 2402 557 2490 complet.
572 2437 605 2446 -
629 2403 685 2480 ΙΙ,
706 2406 755 2479 αά.
773 2402 917 2490 (Milites
934 2402 1091 2490 Romani)
1109 2401 1297 2468 fremebant
1311 2402 1452 2467 enrissas
1465 2425 1484 2467 a
1498 2402 1643 2490 Mogon-

401 2512 488 2577 tiaco
509 2512 715 2575 Batavorum
739 2509 907 2587 cohortes,
930 2509 1163 2575 dissimulatos
1188 2509 1308 2576 Civilis
1337 2518 1491 2589 conatus,
1517 2509 1639 2575 adsciri

402 2620 435 2682 in
452 2618 648 2682 societatem
660 2619 889 2682 Germanos...
904 2656 948 2668 -
965 2618 1022 2696 ΙΙ,
1037 2619 1089 2682 25.
1104 2618 1185 2682 Mox
1200 2616 1451 2682 valescentibus
1463 2617 1641 2682 Germanis

405 2724 583 2813 pleraeque
598 2723 802 2810 (Gallorum)
818 2725 973 2790 civitates
989 2724 1169 2789 adversum
1186 2748 1247 2790 nos
1267 2747 1359 2789 arma
1371 2747 1585 2810 sumpsere...
1598 2763 1641 2774 —

404 2833 461 2899 ΙΙ.
483 2832 536 2898 26.
562 2833 754 2919 Dispositae
770 2855 978 2919 peromnem
1004 2833 1111 2920 ripam
1136 2834 1311 2908 stationes,
1339 2855 1424 2920 quae
1453 2832 1642 2897 Germanos

401 2940 488 3004 rado
510 2947 674 3004 arcerent.
697 2977 741 2989 -
767 2938 810 3002 ΙΙ
817 2993 823 3008 ,
848 2965 900 3029 ²7·
936 2940 1064 3005 Navem
1093 2940 1182 3004 haud
1205 2939 1322 3028 procul
1337 2939 1457 3005 castris
1473 2939 1641 3005 frumento

402 3070 553 3132 gravem,
588 3069 664 3110 cunr
692 3069 752 3133 per
789 3046 874 3110 vada
916 3046 1093 3123 haesisset,
1129 3047 1288 3111 Germani
1326 3046 1360 3109 in
1401 3068 1495 3110 suam
1533 3046 1640 3133 ripam

403 3152 594 3218 trahebant.
636 3153 709 3216 Non
749 3152 823 3218 tulit
869 3153 1089 3238 (llerenniusl
1129 3152 1250 3217 Gallus
1290 3153 1448 3239 misitque
1490 3150 1641 3218 subsidio

401 3261 585 3325 cohortem.
613 3263 742 3325 Auctus
775 3268 808 3324 et
837 3262 1082 3325 Germanorum
1110 3283 1313 3326 numerus...
1344 3260 1504 3325 Germani
1534 3260 1641 3325 multa

402 3392 478 3431 cum
513 3376 626 3453 strage
657 3378 849 3433 nostrorum
884 3391 1004 3431 navem
1036 3367 1248 3455 abripiunt...
1274 3406 1319 3418 -
1346 3367 1401 3443 ΙΙ,
1440 3391 1493 3455 29.
1538 3366 1642 3455 Apud

403 3478 591 3540 Germanos
617 3474 808 3539 inconsulta
839 3475 904 3548 ira;
926 3475 1099 3539 ltomanus
1114 3473 1210 3539 miles
1230 3474 1454 3562 periculorum
1469 3497 1638 3561 gnarus...

402 3621 444 3631 —
475 3584 530 3656 ΙΙ,
563 3583 616 3648 33.
650 3581 810 3647 Civilis...
843 3590 1020 3646 veteranas
1053 3582 1208 3646 cohortes
1236 3592 1269 3647 ct
1302 3581 1393 3671 quod
1418 3605 1435 3646 e
1462 3581 1642 3647 Germanis

402 3692 548 3755 maxime
566 3699 758 3778 promptum
775 3689 938 3753 adversus
958 3688 1117 3752 l'oculam
1135 3690 1385 3777 exercitumque
1401 3690 1473 3754 eius
1492 3689 1639 3756 mittit...

402 3800 585 3862 (laesorum
619 3820 657 3861 eo
677 3798 731 3861 dic
752 3799 785 3860 in
802 3795 955 3882 partibus
971 3797 1095 3860 nostris
1108 3797 1215 3860 maior
1235 3819 1396 3861 numerus
1412 3804 1445 3861 et
1460 3795 1639 3870 imbellior,

402 3929 419 3967 e
445 3904 623 3967 Germanis
658 3905 731 3992 ipsu
764 3903 895 3968 robora.
928 3942 968 3951 -
1016 3902 1072 3976 ΙΙ,
1101 3904 1153 3979 34,
1179 3903 1349 3969 tlstentuti
1379 3905 1480 3968 etiam
1508 3901 1641 3990 (obses-

402 4012 448 4073 sis
483 4010 657 4092 ltomanisj
702 4011 837 4099 captivi.
881 4011 932 4075 Ex
974 4009 1097 4098 quibus
1134 4033 1262 4076 mura...
1299 4011 1388 4076 clara
1423 4034 1504 4076 voce
1544 4020 1640 4096 gesta

316 4159 320 4169 ·
402 4117 570 4206 patefecit,
616 4118 793 4181 confossus
830 4118 906 4182 ilico
948 4142 965 4181 a
1005 4118 1195 4182 Germanis.
1235 4158 1279 4167 -
1309 4118 1366 4190 ΙΙ,
1404 4118 1457 4206 37.
1488 4118 1641 4184 Loricam

403 4224 598 4311 vallumque
626 4247 684 4310 per
711 4227 794 4288 lines
818 4246 898 4292 suos
918 4224 1053 4288 Treveri
1077 4232 1241 4302 struxere,
1270 4225 1469 4313 magnisque
1482 4225 1517 4289 in
1532 4226 1640 4290 vicem

402 4330 557 4396 cladibus
571 4355 648 4394 curn
664 4332 842 4396 Germanis
866 4331 1082 4397 certabant...
1100 4332 1217 4411 -ΙΙ,
1242 4335 1294 4419 57.
1314 4332 1445 4419 (lulius)
1470 4331 1641 4397 Classicus

403 4464 440 4505 ac
469 4438 604 4526 (lulius)
619 4439 723 4505 'l'utor
743 4464 801 4527 per
819 4441 965 4527 speciem
985 4438 1183 4526 explorandi
1198 4440 1387 4526 praegressi
1403 4462 1478 4503 cum
1499 4438 1642 4504 ducibus

407 4551 652 4612 Germanorum
684 4555 779 4636 pacta
817 4549 1005 4611 lirmavcre.
1035 4584 1078 4595 —
1108 4545 1162 4622 ΙΙ,
1201 4545 1253 4610 58.
1286 4546 1524 4632 (tlontionatur
1552 4547 1643 4635 apud

408 4653 532 4718 milites
578 4654 717 4742 l'ocula)
766 4683 780 4714 a
805 4657 871 4731 rln,
896 4654 922 4718 si
950 4653 992 4717 ad
1016 4654 1147 4717 moenia
1173 4653 1267 4717 urbis
1297 4654 1455 4718 Germani
1485 4653 1642 4743 Gallique

405 4762 575 4830 duxerint.
606 4787 698 4826 arma
732 4763 859 4849 patriae
889 4761 1107 4826 irrleretis'?...
1140 4759 1183 4824 Et
1213 4763 1459 4825 Germanorum
1489 4767 1643 4825 catervas

403 4868 665 4955 supplclritis‘3n
690 4869 811 4946 -ΙΙ,
853 4871 906 4933 lio.
945 4869 998 4932 ,td
1028 4868 1182 4955 quintum
1220 4867 1322 4931 lerme
1355 4867 1502 4954 lapidem
1536 4868 1643 4932 coorti

405 4975 564 5040 Germani
594 4977 765 5044 incautum
792 4999 913 5063 agmen
939 4973 1223 5063 adgrediuntur...
1244 4974 1354 5039 Ceteri
1371 4982 1460 5039 retro
1477 4975 1511 5038 in
1531 4983 1642 5040 castra
