3709 6234
249 890 256 903 .
345 849 401 906 582
930 855 1057 909 nouam

391 995 553 1061 Mollibus
572 997 680 1061 adhuc
701 996 844 1062 initiis...
868 997 956 1062 inter
973 996 1116 1061 Parthos
1132 998 1371 1086 Romanosque
1391 998 1432 1063 de
1447 997 1630 1063 obtinenda

389 1104 551 1167 Armenia
576 1103 703 1168 bellum
728 1102 848 1168 acriter
873 1104 1029 1168 sumitur.
1045 1138 1090 1154 -
1118 1105 1167 1184 13,
1187 1104 1241 1193 37.
1266 1103 1410 1181 Moschi,
1433 1128 1517 1192 gens
1550 1112 1630 1171 ante

390 1210 474 1275 eilias
489 1211 579 1276 socia
591 1210 819 1277 Romanis-
837 1210 944 1292 1356.
960 1211 1163 1300 (Respondit
1177 1212 1320 1298 Durius)
1334 1213 1460 1277 Avitus
1470 1212 1629 1300 patienda

387 1316 564 1383 meliorum
585 1318 724 1405 imperia
739 1339 746 1396 ;
762 1317 796 1382 id
810 1317 874 1397 dis,
896 1340 982 1405 quos
995 1318 1227 1406 implorarent.
1245 1319 1421 1405 placitum,
1458 1328 1495 1385 ut
1534 1317 1625 1383 arbi-

388 1426 490 1489 trium
505 1449 608 1512 penes
623 1426 795 1490 Romanos
806 1432 958 1490 maneret
977 1464 1047 1490 ..-
1063 1428 1112 1505 rh,
1126 1425 1179 1491 26.
1193 1425 1348 1514 Plerique
1358 1428 1628 1516 (Armeniorum)

387 1532 578 1620 superbiam
595 1532 798 1597 Parthorum
822 1533 932 1620 perosi
948 1531 1098 1599 datuma
1120 1533 1281 1597 llomanis
1297 1557 1412 1620 regem
1441 1535 1644 1602 malebant·

387 1676 431 1688 -
456 1643 504 1717 14,
524 1639 583 1721 35„
601 1639 725 1726 (Verba
741 1638 820 1704 facit
838 1638 1004 1704 Boudicca
1021 1639 1110 1726 apud
1135 1640 1330 1728 Britannos)
1368 1669 1383 1700 a
1417 1641 1466 1706 Eo
1486 1666 1628 1731 prorec-

389 1757 440 1811 tas
461 1746 692 1810 llomanorum
706 1746 895 1834 cupidines,
913 1756 1032 1810 utnon
1050 1769 1202 1833 corpora,
1230 1770 1272 1811 ne
1287 1757 1460 1813 senectam
1491 1750 1628 1837 quidem

387 1854 685 1937 autvirginitatem
702 1852 915 1940 impollutam
931 1853 1136 1941 relinquant.
1160 1879 1176 1917 a
1194 1892 1236 1902 -
1256 1856 1305 1934 15,
1328 1879 1353 1919 1.
1380 1881 1395 1918 a
1413 1855 1536 1920 Levius
1559 1880 1629 1921 ser-

388 1961 507 2026 vitium
527 1959 617 2047 apud
635 1960 807 2024 llomanos
820 1959 945 2025 deditis
965 1983 1066 2049 quam
1083 1961 1191 2048 captis
1207 1984 1292 2026 esse.
1314 1989 1328 2020 a
1351 2001 1393 2010 —
1412 1963 1628 2038 15‚2.t'0lo-

386 2091 544 2155 gacses..
582 2068 628 2132 ita
657 2066 816 2132 orditur:
846 2097 907 2132 a...
935 2067 1123 2132 Videbar...
1152 2066 1298 2132 familiae
1325 2077 1462 2134 nostrae
1487 2080 1628 2157 penates

387 2176 449 2240 rite
464 2175 706 2262 composuisse.
728 2173 912 2239 Prohibent
925 2174 1069 2238 llomani
1090 2182 1123 2240 ct
1153 2198 1312 2262 pacem...
1350 2175 1570 2265 abrumpunt.
1585 2217 1630 2227 -

393 2284 443 2358 15,
470 2281 518 2347 13.
539 2313 553 2338 a
591 2282 753 2345 llomunis
779 2280 895 2346 orbem
915 2288 1080 2346 terrarum
1110 2280 1291 2370 reliquum,
1305 2306 1372 2370 quo
1389 2283 1516 2348 bellum
1532 2286 1628 2349 iura-

387 2398 511 2455 rent.»
543 2427 581 2436 —
609 2390 730 2475 15‚a7.
772 2388 947 2470 (Mandata
984 2387 1189 2453 Corbulonis
1218 2389 1261 2452 ad
1297 2389 1521 2479 Vologaesen)
1563 2421 1624 2458 a...

388 2495 496 2561 Multa
514 2495 678 2559 llomanis
694 2494 853 2572 secunda,
872 2494 1039 2583 quaedam
1057 2494 1192 2560 Parthis
1212 2497 1377 2562 evenisse.
1400 2525 1414 2556 υ
1432 2538 1475 2548 -
1510 2498 1571 2571 ΙΙΙ,
1593 2500 1626 2565 5.

388 2605 469 2669 Sido
482 2613 582 2693 atquc
598 2603 736 2669 Italicus
753 2627 850 2691 reges
863 2603 1064 2683 Sueborum,
1088 2605 1165 2692 quis
1194 2612 1293 2670 vetus
1318 2605 1519 2694 obsequium
1548 2631 1627 2692 erga

389 2713 572 2776 llomanos.
590 2709 773 2788 -111.45.
795 2710 878 2775 Tum
905 2712 1043 2799 petitaa
1071 2711 1231 2775 llomanis
1247 2712 1425 2799 praesidia.
1443 2752 1486 2762 —
1502 2715 1559 2786 ΙΙ,
1574 2718 1625 2792 rt.

390 2846 404 2874 α
433 2818 482 2882 Ne
505 2817 668 2882 ltomanis
683 2817 820 2906 quidem
836 2819 1007 2904 ingratum
1020 2817 1205 2883 idbellum.
1220 2846 1234 2876 u
1255 2860 1286 2868 -
1312 2819 1368 2895 IV,
1394 2844 1441 2907 17·
1460 2850 1474 2882 u
1494 2821 1627 2909 Siquid

389 2925 543 2990 militaris
560 2924 760 3013 disciplinae
779 2926 813 2989 in
830 2925 950 2989 castris
967 2925 1197 2989 Romanorum
1214 2926 1371 3011 vignerit.
1397 2955 1412 2985 a
1435 2965 1478 2978 —
1494 2927 1550 3011 lv,
1571 2954 1624 2995 ao.

390 3033 550 3098 llatari...
567 3032 783 3119 praemisere,
795 3032 851 3120 qui
865 3032 1036 3096 llerennio
1045 3030 1145 3097 Gallo
1157 3032 1314 3098 mandata
1326 3033 1514 3098 cohortium
1525 3057 1628 3122 expo·

388 3148 494 3217 neret,
518 3139 651 3209 nullum
668 3138 732 3203 sibi
746 3138 873 3204 bellum
889 3138 1051 3204 adversus
1069 3139 1253 3219 Romanos
1271 3164 1332 3228 pro
1362 3140 1487 3228 quibus
1503 3143 1627 3206 totiens

388 3246 614 3311 bellassent...
630 3285 670 3294 -
689 3245 744 3319 ll',
762 3244 817 3308 61.
835 3245 994 3311 Civilis...
1015 3254 1092 3333 post
1119 3254 1237 3333 coepta
1261 3247 1423 3311 adversus
1456 3248 1626 3312 llomanos

388 3377 521 3419 armai...
539 3393 581 3402 —
599 3352 725 3428 lt'‚62.
763 3353 897 3424 Cuncti,
926 3354 982 3441 qui
1009 3353 1109 3440 paulo
1138 3360 1215 3416 ante
1245 3352 1474 3418 ltomanorum
1504 3379 1625 3418 nornen

389 3460 580 3525 horrebant.
602 3499 646 3512 ·-
671 3460 726 3536 lt',
757 3460 810 3535 ol.
844 3460 967 3545 (l'erba
995 3459 1121 3523 faciunt
1159 3460 1312 3524 Tencteri
1353 3462 1442 3548 apud
1468 3463 1626 3549 Agrippi-

389 3569 524 3653 nenses)
569 3566 858 3631 «hrlhunccbeaa
890 3567 1027 3630 llumina
1053 3590 1090 3630 ae
1123 3575 1228 3630 terras
1256 3576 1288 3631 et
1315 3568 1444 3632 caelum
1480 3569 1625 3656 quodam

390 3676 489 3738 modo
506 3676 614 3762 ipsum
654 3674 846 3737 clauserant
876 3674 1032 3739 llomani.
1067 3674 1226 3738 Instituta
1249 3675 1445 3762 cultumque
1480 3680 1626 3763 patrium

389 3783 561 3862 resumite.
577 3781 731 3868 abruptis
757 3780 1002 3867 voluptatibus.
1037 3780 1160 3868 qnibus
1191 3781 1334 3845 llomani
1363 3781 1439 3867 plus
1462 3782 1625 3848 adversus

389 3890 557 3953 subiectos
573 3912 673 3974 quam
691 3888 792 3951 armis
809 3887 934 3951 veilent.
953 3926 995 3935 —
1014 3887 1070 3966 IV,
1088 3887 1142 3951 65.
1161 3913 1176 3950 «
1196 3889 1535 3974 Congregantibusse
1548 3914 1623 3954 cum

388 3998 532 4059 maxime
550 3996 778 4074 llomauorum
800 3994 1045 4059 exercitibus.»
1067 4033 1109 4043 -
1127 3994 1184 4073 lv,
1205 3997 1257 4082 74.
1283 4027 1296 4050 α
1317 3995 1441 4066 Pulsis,
1472 3997 1561 4083 quod
1591 3998 1624 4061 di

388 4102 598 4191 prohibeant.
620 4102 792 4172 llomanis,
809 4102 889 4189 quid
906 4100 997 4165 aliud
1014 4125 1114 4188 quam
1131 4100 1219 4165 bella
1231 4102 1379 4165 omnium
1391 4104 1477 4166 inter
1491 4127 1526 4167 se
1541 4128 1624 4188 gen-

389 4212 470 4275 tium
487 4210 650 4274 exsistent
665 4211 680 4273 ‘3
698 4234 713 4269 u
731 4248 773 4256 -
789 4207 844 4275 ll'.
862 4208 915 4297 76.
938 4208 1076 4294 (lulius)
1089 4208 1233 4272 Tutor...
1253 4208 1493 4275 adfirmabat...
1526 4232 1623 4297 prcu-

388 4319 517 4382 niam...
536 4339 574 4378 ac
593 4315 693 4383 rhina.
712 4314 877 4403 quissolis
893 4323 1152 4402 corrumpantur
1169 4317 1372 4401 (Germani),
1391 4317 1516 4381 maiora
1533 4318 1624 4404 apud

389 4426 599 4489 ltmnanos..
615 4462 656 4470 —
679 4422 735 4490 ll',
756 4448 807 4509 79,
832 4422 1031 4486 Nerviorum
1050 4421 1303 4487 multitudinem
1329 4432 1448 4509 sponte
1474 4448 1621 4487 commo-

388 4529 912 4616 tam.utproltomanisbellum
938 4538 1138 4616 capesseret.
1171 4567 1213 4577 -
1244 4529 1282 4606 Y,
1320 4531 1350 4594 8.
1378 4530 1462 4593 'l'um
1495 4531 1620 4609 ludaei,

389 4636 630 4703 blacerlunibus
644 4636 812 4710 invalidis,
834 4636 969 4700 Parthis
985 4636 1135 4700 nondum
1152 4636 1290 4706 adultis,
1310 4645 1342 4700 et
1372 4637 1514 4700 llomani
1544 4662 1623 4724 pro-

386 4746 439 4810 cul
453 4753 559 4814 eram.
583 4743 722 4829 sibiipsi
744 4767 839 4826 reges
851 4744 1052 4830 imposuere.
1074 4780 1112 4790 -—
1127 4744 1167 4822 V,
1182 4768 1213 4829 9.
1238 4743 1467 4807 Romanorum
1492 4745 1622 4829 primus

387 4856 449 4918 (ln.
470 4851 649 4936 l'ompcius
664 4850 804 4914 ludaeos
819 4850 961 4914 domuit.
976 4887 1017 4900 -
1033 4850 1072 4920 l',
1101 4874 1154 4913 αι.
1179 4850 1315 4936 (lulius)
1346 4850 1619 4933 llriganticus..‚,

388 4982 487 5051 quem
509 4953 612 5021 lidum
635 4957 796 5022 ltomanis
811 4966 844 5022 ct
858 4956 957 5021 Civili
987 4955 1155 5021 avunculo
1190 4956 1360 5021 insensum
1387 4957 1548 5022 diximus.
1577 4996 1622 5009 —
