3709 6234
797 842 930 896 Ammts
949 840 1094 895 CltitthlS

346 985 521 1071 ingenium
542 983 706 1050 Anicetus
726 984 882 1062 libertus,
904 982 1006 1049 classi
1021 981 1112 1071 apud
1128 980 1298 1047 Misenum
1326 983 1519 1072 praefectus
1549 992 1587 1049 et

345 1093 509 1181 pucritiae
529 1091 673 1157 Neronis
688 1092 849 1159 educator
872 1114 911 1156 ac
930 1091 1059 1157 mutuis
1078 1089 1164 1155 odiis
1193 1088 1405 1179 Agrippinae
1435 1090 1583 1157 invisus.

346 1200 437 1287 Ergo
464 1223 584 1266 navem
609 1222 709 1289 posse
728 1199 885 1288 componi
905 1199 1045 1266 docet...
1069 1237 1112 1248 -
1147 1199 1198 1279 rt,
1217 1222 1248 1285 7.
1272 1198 1428 1286 (Burrus)
1449 1205 1586 1287 praeto-

345 1309 499 1375 rianos...
522 1308 607 1372 nihil
627 1307 790 1374 adversus
811 1306 1066 1398 (Agrippinam)
1087 1313 1185 1372 atrox
1218 1329 1361 1371 ausuros
1393 1306 1585 1395 respondit,

345 1424 554 1504 perpetraret
569 1416 734 1482 Anicetus
753 1417 932 1505 promissa.
954 1416 1020 1495 Qui
1039 1414 1124 1481 nihil
1150 1422 1330 1481 cunctatus
1351 1415 1462 1502 poscit
1493 1437 1588 1480 sum-

346 1526 774 1605 mamsceleris...—1l,
809 1529 841 1591 8.
876 1526 1042 1591 Anicetus
1068 1523 1185 1588 villam
1221 1523 1366 1590 statione
1396 1521 1588 1590 circumdat

347 1631 557 1723 refractaque
567 1633 667 1699 ianua
682 1632 800 1698 obvios
816 1657 992 1698 servorum
1006 1630 1142 1719 abripit,
1152 1630 1260 1698 donec
1275 1631 1318 1696 ad
1333 1629 1423 1698 iores
1435 1629 1587 1696 cubiculi

344 1740 585 1829 (Agrippinae)
604 1742 777 1806 veniret...
805 1739 1026 1828 (Agrippina)
1045 1740 1181 1828 respicit
1215 1738 1410 1822 Anicetum,
1440 1739 1586 1806 trierar-

346 1848 408 1914 cho
434 1849 612 1915 Herculeio
640 1856 674 1915 et
701 1849 840 1915 Obarito
867 1849 1063 1914 centurione
1089 1847 1263 1913 classiario
1296 1848 1507 1914 comitatum.
1540 1883 1589 1898 -

350 1959 398 2039 r),
429 1956 484 2023 62.
514 1956 669 2044 (Neroni)
706 1955 956 2022 consessionem
990 1957 1039 2038 (in
1073 1954 1266 2041 Octaviam)
1293 1954 1437 2021 alicuius
1463 1957 1585 2044 quaeri

344 2064 468 2151 placet,
485 2066 538 2129 cui
553 2087 663 2129 rerum
678 2087 813 2153 quoque
839 2087 1004 2129 novarum
1021 2064 1149 2129 crimen
1169 2061 1409 2151 adfingeretur.
1430 2063 1474 2129 Et
1486 2063 1587 2128 visus

345 2171 487 2237 idoneus
507 2179 678 2237 maternae
694 2172 787 2237 necis
799 2179 951 2259 patrator
970 2172 1148 2250 Anicetus,
1166 2169 1267 2236 classi
1287 2171 1377 2260 apud
1396 2171 1584 2244 Misenum,

346 2288 383 2344 ut
393 2281 591 2361 memoravi,
609 2280 812 2370 praelectus,
837 2279 904 2345 levi
917 2287 994 2367 post
1010 2279 1197 2345 admissum
1218 2280 1331 2346 scelus
1359 2280 1480 2368 gratia,
1503 2276 1586 2345 dein

344 2388 499 2473 graviore
520 2387 639 2454 odio...
653 2388 738 2452 Tum
753 2388 786 2451 in
803 2387 997 2452 Sardiniam
1010 2386 1160 2476 pellitur,
1175 2388 1233 2453 ubi
1246 2410 1314 2452 non
1327 2387 1427 2476 inops
1441 2385 1585 2453 exilium

346 2493 503 2562 toleravit
519 2502 552 2561 et
573 2495 642 2561 fato
658 2494 753 2561 obiit.

300 2601 538 2668 ANlCll'l'VS.
557 2643 599 2653 —
616 2603 676 2682 lll,
693 2605 747 2692 (7.
775 2603 894 2669 Subita
921 2626 981 2691 per
1002 2603 1147 2671 Pontum
1176 2627 1269 2669 arma
1284 2602 1463 2670 barbarum
1485 2626 1586 2668 ruan-

345 2710 482 2797 cipium,
519 2713 629 2800 regiae
658 2709 830 2799 (quondam
862 2710 982 2776 classis
1015 2711 1221 2799 praelectus,
1251 2719 1415 2780 moverat.
1448 2710 1481 2774 ls
1520 2710 1588 2778 fuit

344 2818 522 2899 Anicetus,
562 2819 756 2884 Polemonis
795 2818 949 2901 libertus,
983 2827 1185 2908 praepotens
1218 2818 1344 2887 olim...
1365 2856 1409 2871 -
1444 2819 1568 2900 111,άὸ

344 2924 508 3010 (l'iridius
528 2927 707 3014 Geminus)
728 2926 925 3015 adsequitur
941 2926 1123 2992 Anicetum
1139 2926 1172 2991 in
1190 2927 1278 2993 ostio
1292 2927 1444 2993 fluminis
1456 2926 1582 3006 Chobi,

342 3040 454 3098 tutum
474 3035 539 3101 sub
559 3035 827 3101 Sedochezorum
851 3036 941 3124 regis
957 3035 1095 3114 auxilie,
1117 3058 1218 3123 quem
1246 3035 1388 3123 pecunia
1413 3034 1584 3124 donisque

341 3139 383 3204 ud
421 3143 617 3209 societatem
649 3142 883 3232 perpulerat...
921 3144 1215 3224 ilex...iluxa,ut
1243 3150 1296 3209 est
1314 3142 1481 3220 barbaris,
1513 3143 1582 3210 lide

342 3257 461 3334 pactus
482 3250 616 3315 Aniceti
630 3250 772 3316 exitium
786 3251 947 3339 perfugas
963 3249 1113 3315 tradidit.

299 3353 483 3421 ANlCll'S
518 3357 742 3433 ClllllALIS,
784 3357 996 3422 Chltlalls
1038 3354 1234 3434 ANlClVS‚
1263 3357 1501 3424 CERLALIS'.
1535 3396 1578 3408 -

348 3462 398 3540 15,
418 3466 471 3551 71).
497 3464 641 3552 lleperio
655 3465 688 3528 in
709 3465 961 3530 commentariis
985 3471 1122 3529 senatus
1139 3464 1304 3530 Cerialem
1321 3464 1481 3532 Anicium
1498 3490 1575 3532 eon·

343 3570 451 3634 sulem
468 3570 681 3658 designatum
697 3596 757 3660 pro
773 3572 941 3638 sententia
957 3572 1383 3660 dixisse(post0ppressam
1394 3575 1433 3640 C.
1444 3573 1573 3640 Pisonis

343 3678 636 3768 coniurationem),
647 3689 684 3746 ut
698 3680 861 3769 templum
873 3681 961 3744 Divo
977 3679 1102 3744 Neroni
1117 3703 1217 3768 quam
1232 3681 1428 3747 maturrime
1442 3681 1571 3769 publiea

343 3788 485 3871 pecunia
519 3796 711 3876 poneretur.
745 3827 788 3836 -
814 3789 862 3857 iti,
899 3813 948 3876 17.
973 3787 1100 3852 Eodem
1128 3789 1262 3875 agmine
1283 3791 1446 3857 Annaeus
1473 3790 1565 3856 Mela

343 3894 486 3958 Cerialis
514 3897 668 3971 Anicius
699 3894 836 3959 ltulrius
870 3895 1059 3983 Crispinus,
1088 3894 1126 3960 T.
1173 3895 1352 3964 Petronius
1383 3898 1560 3965 cecidere..

342 4001 491 4067 Additur
519 4002 685 4068 codicillis
701 4002 848 4090 (Annaei
868 4003 1006 4091 hlelae),
1039 4010 1214 4090 tamquam
1237 4003 1279 4069 de
1292 4004 1471 4094 iniquitate
1484 4006 1565 4072 exiti

341 4132 487 4196 querens
516 4109 561 4173 ita
592 4110 795 4197 scripsisset,
830 4134 866 4175 se
893 4111 1031 4199 quidem
1060 4110 1145 4174 mori
1160 4110 1263 4176 nullis
1279 4111 1437 4200 supplicii
1451 4114 1562 4179 causis

344 4215 499 4281 ltufrium
516 4223 629 4282 autem
647 4217 842 4304 Crispinum
855 4227 889 4283 et
905 4218 1063 4283 Anicium
1080 4216 1247 4283 Cerialem
1263 4219 1331 4284 vita
1347 4219 1411 4285 hui
1426 4219 1560 4308 insenso

341 4326 497 4413 principi.
516 4324 608 4403 Quae
637 4327 822 4413 composita
843 4326 1106 4391 credebantur...
1139 4325 1180 4390 de
1197 4326 1339 4402 Ceriale,
1353 4334 1391 4393 ut
1410 4327 1558 4395 interiice

343 4440 443 4497 retur.
461 4431 577 4520 Neque
591 4433 678 4497 enim
696 4433 802 4499 multo
816 4442 894 4523 (rost
910 4434 980 4499 rim
997 4433 1060 4499 sibi
1075 4432 1200 4512 attulit,
1218 4434 1459 4524 minorequam
1475 4443 1556 4503 ceter

342 4539 569 4617 miseratione,
601 4540 677 4628 quia
706 4541 875 4628 proditam
900 4541 985 4607 Gaio
1013 4540 1148 4605 Caesari
1163 4539 1428 4606 coniurationem
1462 4542 1505 4607 ab
1538 4568 1554 4610 e

322 4651 326 4656 ’
342 4646 575 4712 meminerant.

328 4947 334 4980 ¹
355 4947 384 4996 C.
401 4948 513 4996 Anicius
528 4950 648 5003 Cerialis,
667 4950 815 5009 Priusne..)
835 4954 857 5003 8.
