3709 6234
759 865 947 918 GElllldllldE
1440 862 1494 916 319

259 1003 333 1068 niae
375 1004 610 1087 Treverorum)
652 1033 667 1062 a
698 1005 797 1069 Stare
827 1007 861 1071 in
906 1008 1053 1071 conlinio
1088 1008 1289 1073 Germaniae
1326 1009 1491 1096 integram

257 1110 370 1176 sedem
401 1110 519 1198 spoliis
554 1111 762 1176 exercituum
789 1120 822 1177 et
846 1113 970 1179 ducum
998 1113 1158 1179 caedibus
1196 1124 1397 1181 ovantem...
1417 1142 1493 1181 »-

258 1219 299 1298 V,
321 1221 372 1296 rt.
391 1219 438 1284 At
454 1218 573 1283 Civilis
597 1227 676 1306 post
695 1218 819 1284 malam
843 1221 878 1284 in
902 1221 1057 1286 Treveris
1084 1244 1233 1309 pugnam
1256 1203 1410 1311 reparato
1434 1245 1495 1310 per

258 1325 476 1391 Germaniam
510 1326 701 1391 exercitu...
739 1366 782 1375 -
811 1328 852 1394 l'.
887 1352 936 1416 ¹7·
974 1329 1153 1416 (Hortatur
1191 1329 1311 1394 Civilis
1353 1330 1495 1417 milites)

261 1461 275 1490 a
295 1433 451 1498 Rhenum
465 1441 500 1498 et
514 1433 715 1499 Germaniae
739 1433 821 1499 deos
846 1435 879 1498 in
893 1435 1068 1522 adspectu.
1090 1487 1097 1500 .
1119 1464 1134 1494 ι)
1155 1475 1197 1485 -
1219 1437 1259 1506 l'.
1278 1435 1495 1526 26.(1.0qui-

261 1547 314 1604 tur
337 1540 457 1606 Civilis
491 1540 580 1628 apud
607 1540 787 1628 Cerialem)
819 1573 832 1600 a
855 1543 961 1607 Arma
990 1544 1025 1607 in
1054 1544 1236 1608 Germania
1269 1544 1373 1616 movi,
1410 1567 1495 1633 quac

260 1643 439 1711 Mucianus
466 1647 499 1711 in
516 1647 655 1733 Syria...
679 1677 692 1703 n
711 1685 754 1695 —
768 1650 806 1713 (ι’.
829 1670 856 1714 ι.
875 1649 1056 1713 Germania
1077 1650 1188 1713 omnis
1204 1672 1222 1713 a
1238 1647 1347 1712 Gallis
1362 1649 1497 1715 llaetis-

259 1775 324 1841 que
343 1761 377 1818 et
398 1754 582 1818 Pannoniis
601 1753 719 1818 Rheno
748 1762 782 1818 et
808 1755 963 1820 Danuvio
978 1755 1187 1836 tluminibus,
1203 1781 1222 1820 a
1242 1756 1407 1822 Sarmatis
1428 1757 1496 1821 Da·

260 1860 374 1948 cisque
390 1868 507 1925 mutuo
526 1869 618 1926 metu
641 1869 699 1925 aut
714 1860 887 1926 montibus
915 1870 1111 1949 separatur;
1130 1871 1240 1928 cetera
1256 1862 1413 1928 Oceanus
1427 1886 1496 1928 am·

260 1966 320 2034 bit.
336 2007 379 2016 -
394 1992 425 2032 2.
443 1969 526 2047 Quis
550 1991 691 2056 porro...
715 1969 798 2032 Asia
818 1976 876 2033 aut
897 1968 1013 2034 Africa
1028 1978 1086 2035 aut
1104 1969 1199 2036 ltalia
1220 1969 1337 2035 relicta
1357 1973 1492 2035 Germa·

261 2075 349 2139 niam
361 2083 491 2163 peteret
505 2075 683 2139 intormem
694 2076 806 2155 terris,
823 2098 977 2162 asperam
993 2075 1099 2144 eaelo.
1118 2077 1247 2142 tristem
1275 2077 1371 2142 cultu
1384 2101 1497 2165 aspec-

260 2190 404 2271 tuque...
418 2186 433 2247 ¹?
450 2184 692 2247 ...Germaniae
708 2182 910 2247 vocabulum
926 2191 1092 2248 recenset
1112 2207 1220 2271 nuper
1244 2184 1439 2251 additum...
1468 2224 1497 2238 -·

261 2290 292 2354 3.
316 2290 449 2355 Vlixem
462 2291 599 2380 quidam
612 2290 795 2377 opinantur
808 2289 911 2374 longo
925 2289 983 2354 illo
1001 2299 1034 2356 et
1048 2290 1201 2355 sabuloso
1214 2314 1368 2358 errore...
1386 2291 1497 2355 adisse

261 2397 461 2462 Germaniae
478 2407 641 2474 terras...
659 2405 945 2485 monumentaque
962 2405 996 2463 ct
1017 2397 1166 2463 tumulos
1179 2399 1345 2486 quosdam
1359 2398 1497 2463 Graecis

260 2503 382 2570 litteris
396 2506 576 2592 inscriptos
588 2505 620 2568 in
637 2505 783 2569 conlinio
799 2507 1000 2570 Germaniae
1011 2506 1214 2594 Raetiaeque
1224 2506 1333 2572 adhuc
1349 2515 1493 2572 exstare.

261 2651 304 2660 -
316 2616 349 2689 4.
366 2612 441 2701 lpse
465 2636 580 2678 eorum
596 2612 746 2700 opinioni
762 2613 897 2684 accedo,
910 2614 1177 2700 quiGermaniae
1191 2614 1334 2702 populos
1349 2613 1494 2694 nullis„

261 2718 403 2785 aliarum
416 2721 568 2807 gentium
595 2718 749 2784 conubiis
777 2719 919 2785 inlectos
939 2771 959 2783 ..
978 2720 1150 2785 exstitisse
1164 2720 1382 2786 arbitrantur.
1403 2761 1446 2770 -
1462 2721 1495 2786 5.

261 2825 330 2892 Nee
350 2835 463 2893 tamen
482 2828 730 2892 adlirmavcrim
742 2825 870 2891 nullam
885 2830 897 2888 t
904 2828 1087 2892 'normaniae
1100 2851 1222 2893 venam
1241 2837 1420 2916 argentum
1437 2852 1497 2893 au·

261 2958 377 3001 rumve
395 2936 545 3022 gignere.
581 2972 624 2983 -
651 2959 704 3021 ²7·
742 2935 876 3013 Quae...
900 2934 1087 3000 nationese
1113 2936 1294 3000 Germania
1314 2936 1348 3000 in
1369 2934 1498 3001 Gallias

260 3043 556 3129 commigraverint
567 3043 588 3123 ¹,
607 3041 796 3130 expediam.
815 3078 860 3092 -
875 3045 928 3107 28.
953 3041 1122 3107 Credibile
1143 3051 1195 3107 cst
1210 3043 1312 3107 ctiam
1329 3043 1448 3108 Gallos
1463 3042 1496 3106 in

262 3151 477 3215 Germaniam
501 3157 775 3235 transgressos„
806 3150 925 3213 l'trum
955 3149 1110 3214 Aravisci
1141 3150 1175 3214 iu
1217 3149 1426 3214 Pannoniam
1456 3149 1497 3214 ab

263 3257 379 3322 Osis..
399 3281 442 3321 an
458 3257 517 3321 (lsi
531 3256 573 3320 ab
588 3256 763 3320 Araviscis
777 3256 810 3319 in
827 3256 1045 3321 Germaniam
1070 3257 1380 3342 commigraverint.
1402 3256 1496 3322 ...irr-

262 3371 391 3429 certum
406 3371 469 3429 est.
492 3403 535 3412 -
552 3388 604 3450 ap.
628 3362 703 3427 Non
718 3362 964 3427 numeraverim
987 3363 1075 3428 inter
1090 3364 1292 3429 Germaniae
1308 3362 1496 3451 populos...

263 3493 332 3549 eos,
354 3470 413 3558 qui
427 3469 623 3535 decumates
638 3493 738 3555 agros
753 3477 922 3535 exercent.
938 3506 979 3517 -
991 3470 1043 3535 30.
1062 3469 1186 3534 Chatti.
1197 3520 1218 3536 ..
1237 3492 1303 3533 non
1321 3470 1366 3534 ita
1382 3469 1498 3534 ellusis

263 3600 301 3642 ac
320 3576 530 3664 palustribus
543 3576 638 3654 loeis,
658 3585 695 3642 ut
713 3584 843 3641 ceterae
859 3577 1026 3658 civitates.
1043 3577 1076 3640 in
1094 3599 1178 3665 quas
1193 3577 1374 3641 Germania
1390 3585 1496 3664 pates-

263 3684 319 3750 cit.
338 3723 381 3732 —
407 3686 457 3748 35.
479 3685 652 3750 llactenus
678 3684 713 3747 iu
733 3682 942 3748 occidentem
966 3683 1181 3747 Germaniam
1198 3683 1366 3748 novimus.
1381 3719 1426 3733 -
1442 3682 1496 3769 37.

222 3848 224 3851 .
265 3791 430 3857 llumdem
445 3792 645 3856 Germaniae
661 3792 773 3855 sinum
790 3790 934 3878 proximi
961 3789 1096 3854 lleeano
1110 3789 1239 3854 Cimbri
1256 3797 1412 3855 teuent...
1431 3789 1499 3853 Du-

264 3899 352 3964 centi
370 3899 518 3964 sermect
531 3898 646 3964 decem
664 3898 741 3962 anni
756 3896 964 3983 colliguntur
983 3918 990 3963 :
1006 3904 1076 3962 tam
1096 3896 1154 3961 diu
1183 3898 1364 3962 Germania
1393 3896 1500 3961 vinci-

266 4010 331 4070 tur.
369 4043 410 4054 -
440 4006 482 4069 38
527 4004 655 4091 (Suebi)
672 4005 833 4069 maiorem
853 4054 875 4068 ..
904 4004 1105 4068 Germaniae
1121 4011 1251 4090 partem
1271 4003 1439 4068 obtinent.
1461 4042 1500 4053 -

266 4113 319 4188 dr.
344 4112 387 4176 Et
401 4112 481 4177 haec
498 4112 635 4198 quidem
653 4135 731 4199 pars
742 4110 933 4176 Sueborum
956 4111 989 4174 in
1006 4109 1186 4176 secretiora
1207 4111 1409 4176 Germaniae
1425 4133 1501 4199 por·

266 4219 396 4304 rigitur.
418 4260 455 4270 -
471 4221 526 4295 42.
550 4220 664 4307 anue
680 4219 882 4283 Germaniae
903 4217 998 4283 velut
1017 4217 1186 4296 tronsest‚
1203 4226 1371 4306 quatenus
1389 4219 1500 4282 Danu·

265 4327 320 4391 vio
333 4327 571 4414 praecingitur.
601 4364 642 4377 -
672 4327 716 4391 .·l.
742 4348 788 4390 ro.
810 4325 1023 4393 Britannia...
1052 4324 1161 4412 spatio
1178 4348 1215 4390 ac
1230 4324 1323 4390 eaelo
1339 4325 1373 4388 in
1391 4324 1501 4390 orien-

265 4443 332 4499 tem
347 4434 560 4505 Germaniae.
577 4435 610 4497 in
626 4432 834 4498 occidentem
853 4429 1036 4519 llispaniae
1051 4431 1257 4497 obtenditur.
1275 4470 1317 4480 —
1343 4433 1393 4496 13.
1416 4431 1498 4498 Ni...

265 4541 420 4629 ingentes
445 4541 534 4626 (Gaii
564 4540 733 4625 Caesaris)
762 4539 926 4604 adversus
953 4539 1170 4603 Germaniam
1200 4546 1343 4604 conatus
1377 4537 1500 4604 lrustra

266 4647 420 4713 luissent.
447 4688 478 4695 -
498 4646 545 4712 15.
566 4647 716 4711 Britanni
734 4648 860 4734 agitare
882 4647 969 4711 inter
984 4669 1019 4710 se
1035 4645 1120 4710 mala
1133 4645 1350 4711 servitutis...
1365 4668 1371 4710 :
1387 4671 1402 4708 a
1419 4646 1502 4710 Ger-

254 4903 368 4951 ¹Verba
396 4918 497 4967 quac...
534 4902 777 4966 cornmiprarcriut
807 4901 922 4950 delenda
950 4903 1045 4948 censet
1077 4899 1283 4948 lteitlersclreid.
1314 4900 1354 4950 Cf.
1393 4902 1501 4948 Ortacia·

222 4984 500 5032 Sciruerzen-Sraaran.
