3709 6234
779 861 867 914 orno
1408 858 1462 914 50³

227 999 395 1066 Othonem
415 1001 844 1089 expostulantes....donec
861 1001 951 1067 Otho
972 1010 1088 1067 contra
1108 1001 1210 1067 decus
1229 1003 1362 1091 imperii
1390 1013 1461 1069 toro

225 1108 386 1174 insistens
400 1109 556 1196 precibus
572 1116 605 1174 et
619 1109 768 1175 lacrimis
784 1132 883 1196 aegre
897 1108 1091 1175 cohibuit...
1108 1109 1193 1174 Tum
1217 1109 1305 1176 Otho
1331 1110 1461 1198 ingredi

224 1224 333 1281 castra
357 1240 473 1281 ausus,
496 1256 538 1266 —
553 1218 578 1287 l.
597 1217 651 1282 83.
675 1216 807 1282 Otho...
826 1225 1000 1304 postremo
1015 1216 1066 1282 ita·
1077 1216 1237 1282 disseruit
1250 1216 1355 1304 (apud
1368 1207 1461 1305 prae·

226 1323 400 1408 lorianos).
421 1361 465 1374 -
480 1324 505 1402 Ι,
524 1323 578 1391 85.
603 1325 645 1389 Et
659 1325 792 1411 privato
809 1323 936 1390 Othoni
948 1347 1056 1411 nuper
1079 1331 1180 1412 atque
1197 1324 1315 1389 eadem
1335 1323 1458 1391 dicenti

224 1439 303 1496 nota
338 1430 499 1496 adulatio.
531 1433 612 1502 -Ι,
634 1431 688 1497 86.
718 1432 855 1496 Paranti
884 1431 1133 1518 expeditionem
1162 1431 1288 1496 Othoni
1320 1456 1460 1520 campus

223 1538 366 1603 hlartius
391 1546 424 1603 ct
438 1539 492 1602 via
508 1537 673 1602 Flaminia
692 1539 755 1603 iter
776 1538 857 1603 belli
883 1538 1117 1624 (inundatione
1140 1539 1270 1604 'liberis
1301 1538 1380 1622 fuit)
1400 1539 1459 1605 ob-

222 1652 446 1711 structum-
464 1646 489 1722 Ι,
505 1648 558 1732 87.
578 1645 667 1711 Otho
687 1645 829 1710 lustrata
846 1645 926 1710 urbe
942 1654 975 1711 et
990 1646 1148 1733 expensis
1169 1645 1248 1711 belli
1264 1645 1456 1712 consiliis...

223 1751 478 1817 Narbonensem
526 1735 669 1817 Galliam
720 1752 858 1837 adgredi
902 1753 1063 1818 statuit...
1087 1752 1172 1829 -Ι,
1192 1755 1245 1818 88.
1279 1752 1458 1818 hiultose

221 1859 489 1945 magistratibus,
509 1883 665 1946 magnam
687 1860 915 1924 consularium
932 1869 1063 1947 partem
1084 1860 1173 1924 Otho
1191 1882 1257 1925 non
1277 1860 1457 1948 participes
1474 1847 1478 1852 ⁵

220 1967 464 2031 autministros
484 1967 585 2041 bello,
605 1967 664 2031 sed
687 1968 849 2032 comitum
864 1968 975 2054 speeie
991 1990 1105 2032 secum
1123 1967 1281 2055 expedire
1293 1967 1395 2033 iubet.
1414 2006 1456 2016 —

220 2073 246 2148 Ι,
264 2074 306 2162 89
337 2074 445 2138 Fuere
461 2075 519 2162 qui
537 2074 906 2163 proticisceutiOthoui
927 2097 1039 2139 moras
1074 2074 1339 2163 religionemque
1374 2099 1456 2140 non·

217 2180 297 2244 dum
310 2181 524 2246 conditorum
538 2181 697 2246 ancilium
706 2182 966 2246 adler·rent...—-
984 2181 1010 2256 Ι,
1028 2207 1082 2268 90·
1097 2181 1141 2245 t't
1157 2181 1189 2244 in
1205 2182 1356 2246 consiliis
1366 2183 1456 2247 mili-

217 2286 281 2352 tiae
297 2289 459 2353 Suetonio
476 2289 618 2353 Paulino
632 2298 665 2354 et
680 2289 787 2353 llario
806 2288 920 2364 Celso,
944 2289 989 2353 ita
1010 2289 1043 2352 iu
1060 2287 1161 2353 rebus
1174 2287 1313 2353 urbanis
1330 2290 1452 2354 Galerii

216 2393 370 2458 'l'rachali
381 2395 515 2481 iugenio
532 2395 712 2460 Othonem¹
724 2394 1453 2484 utieredebatur..‚l'rofeetustlthoquietem

217 2504 310 2568 urbis
322 2527 485 2591 curasque
500 2505 629 2590 imperii
640 2503 755 2567 Salvio
772 2502 904 2568 'litiano
920 2502 1014 2567 fratri
1039 2503 1203 2590 permisit.
1221 2502 1322 2580 -ΙΙ,
1341 2529 1367 2569 r.
1388 2531 1403 2566 a
1418 2504 1452 2570 Si

218 2621 371 2698 pergeret
405 2612 438 2674 in
470 2611 587 2676 urbem
622 2612 759 2697 (Titus).
794 2610 922 2674 nullam
958 2611 1060 2674 oflicii
1079 2611 1223 2695 gratiam
1254 2610 1286 2673 in
1312 2612 1451 2677 alterius

215 2717 374 2804 (Galbae)
398 2718 558 2782 honorem
584 2719 743 2806 suscepti.
775 2743 812 2782 ac
835 2741 870 2782 se
895 2717 1033 2783 t'itellio
1056 2717 1127 2782 sive
1152 2718 1277 2784 Othoni
1300 2719 1451 2785 obsideru

215 2825 295 2889 sore.
312 2851 327 2886 u
340 2864 382 2874 -
397 2824 438 2890 ll.
455 2826 485 2888 ti.
503 2827 695 2914 Antequam
707 2826 802 2891 'litus
819 2825 1028 2894 adventaret.
1041 2833 1290 2890 sacramentum
1305 2827 1450 2892 Othonis

214 2942 388 3021 acceperat
405 2941 544 3020 uterque
561 2934 694 3019 (Syriae
710 2940 743 2998 et
765 2932 919 3002 ludaeael
937 2932 1145 2998 exercitus..
1164 2933 1258 2998 hlex.
1283 2941 1319 2998 ut
1342 2934 1449 2999 Otho-

215 3062 290 3103 nem
304 3064 341 3104 ac
354 3040 526 3104 Vitellium
539 3040 690 3105 scelestis
704 3041 806 3105 armis
821 3064 874 3105 res
889 3040 1058 3104 llomanas
1069 3047 1202 3126 raptum
1215 3040 1261 3104 ire
1274 3040 1448 3126 vulgatum

213 3155 276 3222 est,
302 3146 485 3212 ...fremere
502 3147 598 3211 miles
619 3156 652 3212 et
672 3149 762 3212 vires
778 3171 857 3212 suas
877 3147 1147 3233 circumspicere.
1162 3183 1206 3196 -
1221 3146 1264 3220 ll.
1284 3172 1315 3234 7.
1335 3148 1449 3234 (Cogi-

213 3253 329 3318 tabant
348 3254 577 3340 Vespasianus
598 3264 699 3342 atque
720 3256 792 3318 eius
812 3255 968 3325 amicit...
987 3277 1046 3318 nec
1063 3254 1196 3329 referre,
1215 3254 1389 3319 Vitellium
1405 3279 1446 3320 an

212 3361 379 3426 t'lthonem
405 3363 620 3448 superstitem
644 3363 777 3425 fortuna
797 3362 962 3426 faceret...
985 3400 1028 3409 —
1046 3361 1087 3436 ll,
1116 3385 1164 3427 ιι.
1191 3361 1292 3427 Laeta
1314 3362 1447 3426 interim

210 3469 336 3533 Othoni
357 3469 519 3556 principia
536 3467 627 3538 belli.
651 3470 750 3532 motis
771 3468 812 3531 ad
834 3469 1011 3555 imperium
1032 3469 1104 3532 eius
1126 3491 1143 3532 e
1169 3467 1334 3533 Dalmatia
1361 3469 1445 3534 Pan·

210 3577 377 3665 ueniaque
393 3575 637 3642 exercitibus...
656 3577 1066 3663 attuartadecimanorum)
1089 3584 1199 3641 erecta
1220 3576 1252 3640 in
1277 3577 1444 3642 Othonem

209 3685 361 3751 studia...
405 3686 516 3772 Ipsum
557 3686 726 3749 Othonem
765 3683 1014 3749 cantitabantur
1064 3683 1312 3771 speculatorum
1358 3684 1443 3750 lecta

208 3815 345 3879 corpora
375 3817 451 3856 cum
485 3793 605 3856 ceteris
634 3792 810 3878 praetoriis
836 3791 1073 3857 cohortibus...
1101 3828 1144 3839 -
1178 3789 1220 3866 ΙΙ,
1262 3790 1311 3856 ι3.
1362 3791 1444 3856 lori-

210 3907 298 3964 tatus
336 3923 375 3963 eo
414 3900 540 3987 proelio
571 3899 714 3964 Othonis
753 3899 891 3966 miles..
926 3936 971 3948 -
1001 3899 1044 3970 ll.
1077 3900 1125 3974 id.
1160 3897 1339 3963 Imminere
1367 3922 1443 3985 pro·

206 4008 335 4070 vinciae
366 4006 576 4071 Narbonensi
606 4008 638 4070 in
670 4006 771 4070 verba
804 4005 931 4071 Vitellii
951 4006 1088 4070 adactae
1121 4004 1264 4070 classem
1297 4006 1442 4072 Othonis

208 4114 327 4201 trepidi
353 4114 462 4177 nuntii
489 4113 591 4177 Fabio
616 4113 750 4178 l'alenti
780 4113 935 4178 attulere.
966 4153 1009 4162 -
1041 4112 1083 4183 ll.
1124 4112 1173 4176 16.
1204 4111 1376 4179 Corsicam
1402 4140 1440 4181 ae

205 4221 395 4284 Sardiniam
431 4231 626 4308 ceterasque.
668 4221 810 4308 proximi
850 4222 953 4285 maris
995 4219 1124 4284 insulas
1162 4221 1250 4284 lama
1292 4221 1441 4288 victricis

204 4328 322 4393 classis
347 4329 380 4392 in
402 4327 553 4415 partibus
574 4328 718 4392 Othonis
738 4329 887 4394 tenuit...
914 4327 1087 4416 (Pacarius
1108 4326 1267 4391 Decimus
1283 4329 1439 4397 Corsicae

205 4441 412 4520 procurater)
443 4435 586 4498 Othonis
615 4434 691 4497 <ulie
726 4435 841 4498 iuvare
879 4433 1053 4499 l'itellium
1092 4433 1275 4498 Corsorum
1311 4435 1440 4501 viribus

202 4542 361 4606 statuit...
403 4541 545 4625 (Pacarii
580 4542 718 4629 eiusque
761 4541 937 4626 comitum)
977 4542 1087 4627 capita
1123 4549 1160 4606 ut
1193 4541 1341 4606 hostium
1375 4543 1436 4630 ipsi

203 4649 434 4713 interfectores
454 4649 494 4712 ad
521 4650 687 4714 Othonem
717 4649 841 4722 tulere;
869 4672 977 4736 neque
1001 4671 1058 4711 eos
1085 4656 1143 4712 aut
1170 4648 1258 4714 Otho
1287 4651 1436 4736 praemio

201 4755 323 4819 adiecit
346 4764 405 4818 aut
428 4756 536 4841 puniit
560 4756 728 4825 Vitellius,
755 4757 788 4820 iu
810 4755 916 4821 multa
937 4755 1093 4820 conluvie
1117 4779 1229 4820 rerum
1252 4755 1436 4822 maioribus

188 4998 193 5030 ¹
216 4996 272 5045 lloc
292 4998 403 5046 verbum
423 5000 499 5045 uncis
519 5000 584 5050 iuel.
599 5000 746 5048 Acidalius.
