3709 6234
425 879 477 934 378
941 883 1052 936 {vulvs
1071 883 1189 936 eitius

468 1023 511 1088 lis
527 1033 596 1089 arte
621 1023 786 1113 donisque
812 1024 1017 1090 adfectabat.
1031 1063 1073 1074 -
1095 1025 1152 1091 ll'.
1180 1024 1229 1089 18.
1249 1027 1295 1089 At
1326 1024 1468 1090 Flaccus
1492 1025 1713 1094 Hordeonius

469 1133 595 1220 primos
615 1131 732 1198 Civilis
748 1143 889 1198 conatus
905 1157 963 1220 per
978 1132 1286 1198 dissimulationem
1306 1131 1432 1198 aluit...
1452 1131 1574 1198 Civilis
1586 1141 1711 1222 eaptu—

469 1263 542 1304 rum
558 1241 745 1305 cohortium
764 1242 871 1327 signis
897 1240 1167 1305 circumdatus...
1199 1240 1394 1305 Praefectus
1412 1240 1485 1304 alae
1501 1241 1711 1308 Batavorum

469 1346 631 1411 Claudius
648 1347 759 1412 Labeo
777 1348 948 1436 oppidana
974 1349 1159 1413 certamine
1175 1347 1330 1412 aemulus
1355 1346 1555 1413 Civili...-
1574 1348 1634 1424 ll'‚
1657 1373 1709 1439 ¹9·

470 1454 578 1519 isdem
596 1454 714 1520 diebus
739 1456 942 1521 Batavorum
972 1465 1005 1520 et
1031 1455 1306 1520 Canninefatium
1334 1455 1503 1522 cohortes.
1518 1479 1598 1520 cum
1614 1457 1711 1522 iussu

471 1562 596 1628 l'itcllii
615 1565 646 1627 in
668 1563 784 1627 urbem
802 1573 992 1650 pergerent.
1015 1565 1139 1627 missus
1155 1587 1171 1627 a
1187 1563 1295 1627 Civile
1310 1565 1451 1629 nuntius
1464 1563 1709 1651 adsequitur...

469 1673 589 1758 Spreto
617 1677 628 1740 t
636 1670 842 1756 Hordeonio)
867 1670 988 1735 Flacco
1015 1670 1207 1736 interiorem
1234 1671 1450 1736 Germaniam
1479 1673 1647 1759 petivere.
1672 1681 1713 1740 ut

470 1777 568 1844 Civili
600 1780 829 1864 iungerentur.
864 1818 907 1826 -
939 1779 995 1844 lv.
1035 1803 1088 1842 αι.
1137 1779 1257 1844 Civilis
1294 1778 1442 1843 adventu
1471 1789 1711 1846 veteranarum

469 1886 655 1951 cohortium
679 1885 756 1950 iusti
785 1886 850 1950 iam
880 1887 1049 1950 exercitus
1078 1885 1209 1952 ductor.
1241 1886 1300 1951 sed
1328 1885 1458 1950 consilii
1484 1885 1709 1972 ambiguus...

470 2002 622 2062 cunctos.
641 1994 697 2081 qui
714 1992 866 2060 aderant.
885 1995 918 2057 in
935 1993 1036 2058 verba
1050 1994 1245 2081 Vespasiani
1259 1993 1405 2080 adigit...
1422 1993 1517 2073 Quae
1531 1993 1589 2058 uhi
1603 1993 1712 2060 relata

469 2100 581 2175 Civili,
597 2102 754 2166 incensus
771 2102 816 2166 ira
835 2103 1027 2166 universam
1041 2103 1245 2166 llatavorum
1260 2112 1397 2184 gentem
1409 2103 1443 2165 in
1455 2125 1548 2166 arma
1559 2103 1713 2190 rapit.-

471 2210 527 2276 ll'.
549 2235 599 2274 aa.
619 2209 735 2275 Civilis
758 2210 904 2274 medium
926 2233 1046 2294 agmen
1068 2233 1144 2274 cum
1172 2208 1291 2273 robore
1321 2211 1526 2274 llatavorum
1548 2210 1713 2276 obtinens

470 2325 647 2404 utramque
688 2317 794 2380 llheni
826 2317 976 2404 ripam...
1010 2319 1257 2382 Germanorum
1290 2317 1434 2382 catervis
1469 2315 1630 2406 complet.
1665 2357 1714 2370 -

471 2424 527 2500 ll'‚
548 2427 600 2501 24.
620 2423 762 2490 thlilites
779 2429 861 2508 non)
880 2423 1038 2512 ambigue
1055 2424 1284 2490 tremebant...
1300 2423 1532 2488 dissimulatos
1548 2423 1601 2488 ab
1621 2425 1713 2490 llor-

469 2531 590 2597 deonio
607 2531 742 2614 Flacco)
771 2531 890 2595 ‹liv-itis
916 2541 1100 2596 conatus...
1124 2531 1268 2596 Civilem
1298 2539 1388 2596 stare
1417 2539 1547 2600 contra.
1578 2540 1712 2598 struere

470 2640 596 2706 aciem:
627 2639 855 2703 llorcleonium
881 2638 1076 2704 ecubiculo
1107 2646 1139 2703 et
1173 2637 1298 2705 lectulo
1324 2639 1542 2718 iubere..‚-
1561 2639 1619 2710 lt',
1652 2639 1710 2706 25.

470 2747 539 2812 Nec
561 2756 722 2812 terrorem
743 2747 843 2811 unius
878 2746 996 2812 militis
1015 2745 1149 2811 vincula
1183 2746 1395 2814 indiderant:
1430 2747 1511 2834 quin
1532 2745 1621 2810 idem
1651 2745 1713 2812 ille

469 2854 629 2941 arguebat
652 2853 740 2919 ultro
767 2855 1009 2918 conscientiam
1030 2853 1138 2930 ducis,
1160 2861 1333 2941 tamquam
1350 2853 1490 2919 nuntius
1505 2853 1593 2919 inter
1616 2853 1713 2920 Civi-

470 2962 536 3027 lem
554 2961 777 3049 Flaccumque
795 2960 879 3024 salso
898 2961 1039 3026 crimine
1053 2961 1150 3026 testis
1161 2961 1229 3025 veri
1245 2962 1503 3049 opprimeretur.
1523 3000 1562 3008 -
1579 2961 1637 3030 ll'.
1652 2959 1710 3028 26.

472 3071 507 3138 ln
534 3071 706 3157 proximos
727 3070 960 3156 Cugernorum
983 3093 1099 3156 pagos,
1127 3069 1184 3158 qui
1210 3070 1404 3133 societatem
1424 3067 1544 3132 Civilis
1563 3089 1711 3156 accepe-

470 3188 558 3244 rant.
575 3215 620 3228 -
637 3178 693 3250 Il',
715 3176 767 3244 28.
786 3177 832 3241 ,tt
860 3176 1004 3242 Civilem
1024 3177 1199 3240 immensis
1219 3175 1375 3240 auctibus
1390 3176 1546 3240 universa
1566 3175 1713 3240 Germa·

469 3286 523 3350 nia
540 3283 765 3351 extollebat...
785 3283 947 3348 Contusis
966 3283 1061 3347 l'biis
1085 3283 1220 3370 gravior
1243 3290 1276 3347 et
1310 3307 1469 3348 successu
1492 3306 1602 3348 rerum
1624 3282 1712 3348 lero-

469 3395 538 3458 cior
559 3392 677 3458 tlivilis
693 3392 861 3457 obsidium
877 3391 1050 3478 legionum
1066 3390 1249 3476 urgebat...
1266 3429 1309 3438 -
1328 3392 1400 3470 tll'.
1419 3415 1474 3478 ²9·
1493 3389 1711 3455 lntellcctum

469 3502 502 3565 id
525 3501 625 3566 Civili
642 3509 673 3565 et
696 3501 856 3564 restincto
879 3501 957 3585 igne
978 3499 1110 3563 misceri
1131 3508 1249 3562 cuncta
1269 3497 1415 3562 tenebris
1435 3508 1467 3562 et
1483 3498 1585 3562 aroris
1600 3497 1707 3566 iubet.

469 3648 512 3657 -
530 3611 585 3682 lt',
606 3611 658 3673 3ο.
675 3608 794 3670 Civilis
818 3608 942 3671 omissa
960 3605 1177 3692 expugnandi
1202 3629 1260 3692 spe
1282 3629 1399 3670 rursus
1414 3628 1473 3692 per
1488 3606 1595 3669 otium
1619 3605 1711 3669 adsi·

470 3717 582 3784 debat.
603 3716 731 3780 nuntiis
751 3722 783 3779 et
803 3715 980 3802 promissis
996 3713 1095 3778 tidem
1113 3712 1284 3798 legionum
1301 3711 1508 3779 convellens.
1523 3752 1564 3761 —
1582 3713 1638 3780 ll'.
1651 3713 1707 3778 32.

472 3825 591 3888 lectae
612 3822 732 3886 ‹leinde
748 3846 808 3909 pro
831 3822 987 3886 contione
1013 3820 1177 3909 epistulae
1202 3822 1344 3884 Antonii
1368 3820 1410 3884 ad
1430 3818 1572 3885 Civilem
1597 3821 1709 3908 suspi-

470 3932 583 3996 ciones
624 3930 768 3994 militum
799 3929 1014 3994 inritavere...
1052 3929 1179 3993 ‚llissus
1213 3951 1289 3992 cum
1316 3928 1486 3992 mandatis
1517 3927 1709 4014 (Alpinius)

472 4040 654 4103 Montanus
670 4037 712 4100 ad
732 4036 887 4106 Civilem.
912 4045 946 4100 ut
966 4035 1143 4100 absisteret
1160 4034 1249 4099 bello
1271 4059 1355 4099 neve
1375 4042 1511 4099 externa
1530 4036 1632 4099 armis
1646 4034 1709 4098 lal-

471 4147 517 4209 sis
534 4144 701 4209 velaret...
721 4144 776 4206 hd
800 4167 837 4208 ea
868 4145 879 4204 t
886 4142 988 4206 livilis
1008 4143 1117 4230 primo
1135 4142 1276 4213 callide:
1300 4152 1376 4230 post
1398 4142 1454 4207 ubi
1467 4142 1559 4206 videt
1573 4143 1709 4207 llonta·

470 4276 592 4318 num...
607 4260 799 4338 paratum...
816 4251 847 4314 in
876 4274 928 4314 res
940 4274 1058 4320 novas,
1072 4274 1169 4315 orsus
1197 4275 1215 4314 a
1229 4259 1351 4338 questu
1369 4249 1604 4339 periculisque,
1621 4273 1708 4337 quae

470 4385 529 4448 per
556 4359 704 4447 ‹piinque
729 4365 762 4422 ct
777 4358 897 4444 viginti
913 4381 1021 4421 catinos
1043 4358 1076 4422 in
1102 4359 1223 4422 castris
1248 4358 1706 4427 llomanisexhausisset...:

473 4495 487 4531 a
510 4468 558 4531 lin
580 4491 642 4548 ego
666 4465 855 4552 praelectus
877 4466 977 4529 unius
999 4466 1188 4531 cohortis...
1210 4495 1224 4520 o
1250 4505 1292 4514 —
1315 4465 1372 4534 ll',
1396 4467 1448 4531 33.
1467 4464 1587 4529 Civilis
1612 4475 1709 4553 parte

469 4577 640 4662 copiarum
659 4581 785 4638 retenta
804 4580 981 4638 veteranas
1000 4573 1196 4638 cohortes...
1220 4572 1383 4637 adversus
1401 4573 1607 4637 Voculam...
1631 4573 1708 4640 mit-

472 4682 523 4748 tit.
546 4719 589 4730 -
611 4681 667 4751 ll'.
703 4679 905 4757 Stilo-ilis.
943 4681 971 4743 si
1004 4681 1187 4745 maioribus
1206 4681 1313 4767 copiis
1333 4681 1552 4745 instruxisset
1587 4681 1705 4762 aciem,

470 4788 637 4855 circumiri
658 4812 674 4848 a
698 4795 764 4851 tion
788 4788 902 4874 paucis
917 4786 1112 4852 cohortibus
1127 4788 1340 4875 nequisset...
1364 4787 1603 4875 'Temptaverat
1618 4789 1706 4854 inte-

473 4898 534 4961 rim
551 4895 670 4959 tlivilis
694 4895 907 4959 obsessorum
934 4895 1106 4961 animos..
1133 4894 1217 4959 Nam
1233 4894 1351 4959 Civilis
1366 4895 1492 4964 aderat.
1513 4919 1578 4960 non
1595 4895 1707 4961 minus

472 5004 564 5068 vitiis
577 5002 724 5067 hostium
739 5025 839 5091 quarn
858 5002 981 5068 virtute
995 5025 1131 5070 suorum
1150 5002 1295 5070 fretus...
1314 5003 1363 5069 :le
1381 5002 1464 5068 iorte
1480 5002 1598 5068 Civilis
1610 5002 1707 5091 lapsu
