3709 6234
297 830 350 886 2⁴6
841 830 1040 886 multamus

343 974 539 1042 Mucianum
571 983 655 1057 erat,
690 953 756 1038 nisi
775 972 867 1062 quod
904 972 1066 1064 pleraque
1093 970 1309 1037 Domitianus
1338 969 1571 1058 instigantibus

343 1082 460 1148 amieis
480 1090 538 1148 aut
553 1082 686 1169 propria
706 1079 846 1147 libidine
862 1079 1022 1148 audebat.
1046 1078 1162 1162 -lv,
1180 1081 1233 1158 to.
1256 1077 1331 1158 Quo
1350 1075 1407 1146 dic
1427 1084 1572 1144 senatum

344 1189 518 1276 ingressus
534 1197 586 1254 est
599 1188 825 1268 Domitianus,
847 1187 889 1252 de
909 1186 1064 1253 absentia
1079 1185 1185 1275 patris
1200 1183 1380 1278 fratrisque
1394 1207 1435 1252 ac
1448 1185 1576 1252 iuventa

345 1321 405 1362 sua
426 1320 530 1384 pauca
545 1294 724 1362 etmodica
749 1294 921 1376 disseruit,
944 1294 1088 1360 decorus
1113 1292 1244 1377 habitu,
1266 1301 1300 1362 et
1325 1292 1455 1380 ignotis
1475 1291 1576 1358 adbuc

346 1404 497 1470 moribus
513 1402 629 1468 erebra
654 1403 722 1467 oris
748 1402 900 1468 conlusio
917 1425 978 1490 pro
1007 1401 1172 1468 modestia
1205 1399 1444 1488 accipiebatur.
1478 1399 1577 1468 Rele-

345 1520 440 1580 rcntc
454 1511 598 1576 Caesare
619 1510 660 1576 (le
684 1509 905 1576 restituendis
924 1508 1054 1574 Galbae
1077 1507 1302 1575 honoribus...
1324 1507 1431 1596 Signo
1445 1507 1578 1576 ultionis

345 1619 379 1682 in
395 1625 607 1684 accusatores
618 1618 710 1695 dato,
726 1617 844 1704 petita
860 1616 1006 1682 Caesare.
1028 1615 1338 1697 luniusbtauricus,
1359 1623 1399 1682 ut
1412 1637 1579 1681 commen·

347 1725 508 1790 tariorum
521 1725 757 1812 principalium
770 1731 972 1813 potestatem
985 1724 1116 1789 senatui
1126 1722 1340 1790 laceret...-
1352 1721 1475 1802 lara.
1487 1721 1579 1802 Quod

347 1831 404 1896 ubi
420 1832 526 1897 sensit
537 1831 689 1920 (Eprius)
698 1832 894 1912 Marcellus,
906 1831 1176 1898 relutexcedens
1187 1831 1295 1897 curia:
1308 1859 1324 1890 ιι
1337 1829 1444 1912 lmus,
1461 1831 1578 1922 inquit,

348 1939 513 2026 (llelridi)
536 1939 661 2017 Prisce,
689 1947 723 2005 et
738 1938 960 2028 relinquimus
971 1938 1033 2004 tibi
1047 1945 1202 2005 senatum
1227 1945 1343 2018 tuum,
1360 1959 1465 2024 regna
1490 1960 1581 2026 prae-

347 2053 443 2111 sente
460 2048 645 2112 Caesare».
663 2085 703 2096 -
719 2045 777 2127 ll',
798 2049 853 2123 tt.
877 2045 1037 2110 Proximo
1071 2051 1203 2124 senatu,
1232 2043 1411 2110 inchoante
1441 2041 1581 2110 Caesare

345 2152 386 2218 de
402 2153 568 2218 abolendo
584 2153 700 2218 dolore
716 2154 833 2242 iraque
857 2160 891 2219 et
910 2154 1062 2241 priorum
1085 2161 1276 2240 temporum
1306 2150 1578 2220 necessitatibus.

347 2263 478 2327 censuit
493 2261 672 2327 Mucianus
687 2262 817 2350 prolixe
839 2286 898 2350 pro
924 2260 1189 2327 accusatoribus.
1217 2300 1261 2310 -
1287 2259 1346 2342 lv,
1373 2259 1430 2338 46.
1463 2261 1582 2328 Paucis

347 2378 425 2461 post
462 2369 582 2434 diebus
612 2369 853 2458 adloquentem
892 2369 1123 2435 Domitianum
1158 2367 1281 2433 firmati
1322 2367 1391 2433 iam
1422 2389 1582 2458 excepere

346 2476 535 2564 (Vitelliani
556 2476 688 2563 dediti).
708 2476 820 2546 -ll'.
845 2477 897 2563 47.
918 2475 1082 2560 Abrogati
1099 2475 1177 2540 inde
1187 2473 1298 2562 legem
1320 2473 1450 2542 ferente
1470 2475 1582 2542 Domi-

349 2586 439 2652 tiano
455 2583 666 2662 consulatus.
683 2607 770 2672 quos
791 2582 950 2648 Vitellius
969 2582 1119 2651 dederat.
1137 2621 1180 2633 -
1202 2582 1260 2663 ll',
1278 2584 1331 2651 δι.
1355 2582 1583 2671 Vespasianus

349 2692 382 2755 in
401 2689 532 2755 ltaliam
552 2713 672 2778 resque
686 2690 779 2755 urbis
806 2691 956 2756 intentus
971 2688 1148 2756 adversam
1177 2689 1218 2755 de
1242 2687 1434 2756 Domitiano
1460 2689 1582 2756 lamam

349 2799 483 2885 raecipit,
496 2806 671 2888 tamquam
691 2798 854 2864 terminos
877 2799 997 2864 aetatis
1021 2805 1055 2862 ct
1068 2819 1229 2863 concessa
1256 2796 1325 2862 lilio
1352 2797 1580 2884 egrederetur.

349 2942 393 2954 —
411 2907 468 2974 ll'.
487 2909 540 2972 52.
559 2906 786 2992 Vespasianus
806 2904 1016 2994 lraudacque
1047 2905 1241 2971 Domitiano
1272 2905 1450 2992 mitigatus
1483 2929 1582 2996 quarn

348 3012 413 3078 Titi
433 3013 557 3100 pietate
572 3012 767 3099 gaudens...
781 3053 824 3062 --
855 3014 911 3091 ll',
930 3011 984 3078 68.
1004 3011 1189 3078 Domitiani
1222 3011 1407 3078 indomitae
1426 3011 1583 3078 libidines

351 3119 559 3186 timebantur
578 3121 610 3208 (a
625 3120 805 3202 Muciano).
817 3174 837 3187 ..
856 3121 969 3209 l'tque
986 3120 1169 3186 Domitiani
1188 3120 1339 3185 animum
1353 3119 1485 3209 (Arrio)
1496 3121 1584 3188 l'aro

348 3227 437 3294 haud
449 3226 597 3293 alienum
612 3226 788 3305 deleniret,
804 3227 1004 3293 Arrecinum
1019 3226 1243 3304 Clementem,
1256 3226 1370 3292 domui
1386 3227 1584 3318 Vespasiani

349 3359 408 3424 per
424 3334 633 3400 adfinitatem
648 3335 809 3402 innexum
830 3343 863 3400 et
883 3336 1114 3422 gratissimum
1143 3334 1349 3414 Domitiano,
1364 3335 1585 3423 praetorianis

348 3443 583 3531 praeposuit...
597 3439 811 3508 Dorrritianus
825 3443 1070 3530 blucianusquc
1084 3441 1346 3530 accingebantur
1360 3441 1416 3528 (ad
1440 3442 1582 3526 bellum)

349 3550 474 3639 dispari
495 3551 620 3620 animo.
643 3549 699 3614 ille
720 3573 778 3637 spe
798 3574 836 3615 ar
857 3551 993 3615 iuventa
1020 3572 1194 3637 properus,
1221 3549 1275 3615 lrie
1299 3571 1411 3614 moras
1432 3558 1581 3628 nectens,

347 3657 424 3746 quis
448 3659 646 3744 llagrantem
664 3658 834 3725 retineret.
851 3681 893 3721 ne
909 3657 1032 3722 ferocia
1051 3657 1172 3722 aetatis
1184 3663 1218 3722 ct
1245 3656 1361 3746 pruris
1393 3656 1585 3748 impulsori·

349 3765 424 3840 bus,
443 3765 471 3827 si
491 3766 676 3829 exercitum
698 3765 891 3843 invasisset,
909 3765 983 3852 paci
999 3764 1156 3853 belloque
1189 3764 1277 3829 male
1309 3763 1512 3834 consuleret.
1541 3801 1584 3816 ·-

351 3870 409 3941 ll',
427 3871 480 3957 75.
504 3871 622 3935 Civilis
643 3879 676 3936 et
697 3871 869 3936 Classicus
890 3873 1011 3936 misere
1027 3872 1068 3936 ad
1083 3871 1271 3960 (Petilium)
1310 3871 1475 3938 Cerialem
1489 3872 1583 3964 epis-

348 3976 499 4046 tulas...:
517 4006 577 4044 ιι...
595 3976 745 4043 blaciam
760 4002 797 4042 ac
814 3979 997 4044 llomitiani
1018 4002 1106 4044 raim
1124 3990 1157 4044 ct
1171 3980 1243 4044 sine
1266 3979 1396 4045 viribus
1414 3981 1550 4045 nomina
1566 4008 1582 4040 a

354 4083 578 4149 ...Cea-ialis..
602 4109 691 4155 eum.
709 4087 767 4172 qui
788 4085 968 4154 adtulerat.
992 4094 1024 4151 et
1050 4088 1142 4174 ipsas
1158 4086 1324 4175 epistulas
1355 4087 1399 4152 ad
1422 4087 1585 4153 Domitia-

351 4214 430 4254 num
455 4190 557 4257 misit.
597 4190 714 4260 -ll'.
739 4195 792 4258 tto,
826 4193 1047 4260 blut-ianus...
1086 4217 1194 4281 neque
1217 4195 1406 4259 Antonium
1435 4195 1583 4261 Primum

351 4298 471 4361 :alsciri
498 4298 775 4363 intercomilesa
803 4300 995 4365 llomitiano
1013 4315 1103 4384 tcum
1124 4302 1165 4365 ad
1193 4300 1321 4366 bellum
1348 4301 1584 4368 Germanicum

351 4405 562 4492 prolecturus
576 4411 678 4478 essetl
695 4430 816 4494 passus
832 4414 894 4473 est.
912 4445 956 4456 -
980 4408 1036 4478 ll'.
1059 4410 1113 4473 85.
1132 4410 1179 4473 ‚at
1209 4408 1424 4474 llomitianus
1451 4408 1583 4474 blucia-

352 4534 493 4598 mrsque.
516 4520 698 4600 antequam
729 4513 874 4602 Alpibus
895 4516 1172 4603 propinquarent.
1210 4539 1388 4605 prosperos
1411 4539 1522 4582 rerum
1551 4517 1584 4583 in

351 4618 504 4683 'l'rcreris
525 4628 696 4706 gestarum
713 4623 850 4686 nuntios
870 4645 1071 4710 accepere...
1094 4623 1161 4688 Sed
1181 4623 1372 4704 blucianus,
1402 4624 1494 4713 quod
1529 4624 1584 4689 diu

351 4724 589 4794 raccoltarerat.
608 4737 642 4790 ut
660 4751 776 4792 recens
792 4731 1059 4817 exprompsit...
1083 4753 1200 4818 parum
1221 4730 1339 4796 decore
1357 4731 1583 4798 Domitianum

352 4832 503 4896 conlecto
524 4856 627 4920 prope
658 4833 747 4898 bello
776 4835 903 4901 alienae
932 4836 1060 4922 gloriae
1093 4837 1384 4918 interventurum
1414 4839 1443 4904 si
1479 4847 1584 4906 status
1638 4835 1642 4840 ¹

352 4939 481 5030 imperii
503 4947 560 5005 aut
591 4940 681 5006 salus
702 4941 889 5009 Galliarum
918 4946 951 5010 iu
977 4943 1173 5012 discrimino
1197 4953 1397 5028 verteretur,
1430 4944 1585 5014 debuisse
