3709 6234
307 808 359 863 1‘26
889 810 1006 864 estivi

351 951 432 1017 belli
451 953 600 1017 Batavus
612 951 732 1017 dabit?
759 977 774 1010 u
796 985 840 1000 -
857 951 914 1028 lV,
938 952 991 1018 61.
1011 949 1132 1040 (lulius
1148 950 1281 1039 Civilis)
1295 971 1405 1040 neque
1419 971 1456 1015 se
1475 969 1587 1038 neque

352 1081 557 1149 quemquam
580 1060 745 1124 Batavum
765 1057 800 1122 in
813 1057 916 1123 verba
932 1057 1119 1125 Galliarum
1136 1058 1262 1146 adegit.
1282 1097 1326 1108 —
1342 1056 1400 1138 lV,
1414 1054 1471 1123 66.
1494 1055 1590 1122 Civi-

350 1167 434 1236 lis...
452 1167 567 1232 intulit
580 1189 616 1232 se
631 1165 759 1254 agmini
773 1164 988 1253 Tungrorum
1011 1174 1045 1232 et
1074 1166 1164 1232 clara
1176 1186 1281 1232 voce:
1300 1193 1316 1226 a
1333 1164 1410 1230 Non
1425 1162 1513 1245 ideo,
1540 1162 1590 1228 in-

352 1275 438 1363 quit,
450 1273 578 1339 bellum
598 1273 818 1361 sumpsimus,
835 1281 874 1337 ut
889 1273 1009 1338 Batavi
1023 1281 1057 1339 et
1072 1273 1208 1339 Treveri
1219 1271 1380 1360 gentibus
1394 1271 1563 1360 imperent
1578 1291 1586 1350 ;

353 1381 469 1470 procul
485 1382 567 1446 haee
584 1405 603 1446 a
623 1379 722 1446 nobis
744 1380 955 1467 adrogantia.
980 1409 996 1441 »
1019 1419 1063 1430 -
1083 1379 1142 1461 lV,
1165 1380 1220 1469 73.
1237 1378 1364 1465 (Verba
1384 1377 1465 1445 lacit
1495 1375 1589 1466 apud

352 1489 516 1553 Treveros
535 1496 569 1553 et
589 1487 760 1575 Lingonas
793 1486 937 1553 Petilius
965 1487 1120 1574 Cerialis)
1142 1516 1157 1546 a
1180 1488 1237 1552 An
1252 1506 1318 1553 vos
1327 1486 1472 1552 cariores
1485 1483 1590 1551 Civili

354 1596 558 1684 Batavisque
573 1603 608 1661 et
629 1594 895 1660 ¹Transrhenanis
920 1594 1081 1682 gentibus
1103 1594 1251 1675 creditis,
1281 1617 1383 1684 quam
1402 1591 1591 1659 maioribus

284 1768 290 1784 ,
355 1727 472 1771 eorum
488 1710 601 1792 patres
617 1703 739 1791 avique
761 1702 866 1769 vestri
882 1702 1048 1770 luerunt?
1076 1730 1092 1762 u
1120 1741 1156 1753 -
1176 1701 1307 1791 lV,·77.
1332 1702 1460 1766 Dextro
1480 1721 1590 1765 cornu

354 1812 511 1877 cohortes
531 1812 749 1892 Batavorum,
771 1810 909 1876 sinistro
930 1810 1082 1876 Bructeri
1112 1809 1345 1898 Tencterique.
1368 1858 1376 1875 .
1407 1805 1588 1873 adsiluere.

353 1958 396 1970 -
413 1918 471 1996 lV,
485 1920 538 2007 78.
554 1918 657 1984 Tutor
672 1925 706 1983 et
720 1916 892 1983 Classicus
907 1924 942 1982 et
961 1916 1080 1983 Civilis
1093 1916 1164 1983 suis
1179 1916 1322 2006 quisque
1341 1914 1426 1982 loeis
1437 1936 1592 2004 pugnam

354 2026 499 2108 ciebant,
518 2024 636 2092 Gallos
660 2049 721 2113 pro
744 2024 913 2106 libertate,
935 2024 1082 2090 Batavos
1110 2047 1171 2114 pro
1191 2023 1312 2113 gloria,
1329 2022 1518 2089 Germanos
1546 2020 1593 2086 ad

355 2133 514 2222 praedam
539 2133 750 2221 instigantes.
767 2170 808 2182 -
825 2131 883 2211 lV,
903 2156 958 2221 79.
982 2130 1259 2197 Circumsteterat
1284 2129 1429 2196 Civilem
1447 2136 1482 2194 et
1501 2127 1593 2194 alius

357 2249 481 2322 metus,
501 2263 543 2306 ne
563 2247 682 2329 quarta
699 2239 829 2305 decima
844 2238 933 2326 legio
954 2239 1111 2304 adiuncta
1133 2238 1326 2304 Britannica
1343 2237 1452 2304 classe
1475 2235 1594 2301 adllic-

358 2357 445 2414 taret
466 2349 626 2428 Batavos,
658 2370 724 2436 qua
753 2347 889 2412 Oceano
913 2345 1121 2427 ambiuntur,
1138 2383 1178 2396 -
1206 2345 1264 2427 lV,
1292 2345 1346 2412 85.
1365 2343 1489 2434 (Verba
1510 2341 1595 2408 lacit

359 2455 449 2543 apud
466 2455 696 2520 Domitianum
727 2454 920 2541 Mucianus)
958 2481 973 2514 a
989 2453 1026 2519 Si
1046 2460 1156 2520 status
1177 2452 1310 2542 imperii
1325 2460 1383 2519 aut
1397 2451 1489 2518 salus
1507 2449 1593 2516 Gal-

359 2563 480 2627 liarum
496 2562 529 2625 in
545 2560 740 2626 discrimine
750 2568 950 2641 verteretur,
968 2560 1125 2627 debuisse
1137 2561 1316 2627 Caesarem
1335 2560 1370 2625 in
1388 2560 1459 2626 acie
1478 2568 1590 2638 starc;

359 2668 600 2735 Canninefates
633 2669 848 2756 Batavosque
876 2668 1065 2734 minoribus
1082 2667 1225 2734 ducibus
1251 2666 1471 2755 delegandos.
1489 2665 1592 2746 -V,

362 2776 412 2841 ι5.
450 2775 557 2862 Igitur
584 2775 830 2842 lacessentibus
859 2777 998 2842 Batavis
1021 2774 1230 2842 ferocissimo
1253 2776 1373 2865 cuique
1397 2782 1594 2841 nostrorum

359 2892 517 2972 coeptum
531 2890 744 2949 certamen...
761 2922 805 2933 -
819 2883 860 2962 V,
894 2883 943 2948 16.
966 2882 1127 2949 Civilis...
1150 2882 1268 2948 cuneis
1282 2882 1415 2948 adstitit
1437 2903 1445 2948 t
1472 2881 1593 2946 Bataui

358 2991 573 3080 Cugernique
595 2992 629 3055 in
648 2989 791 3068 doxtro;
813 2989 909 3055 laeva
945 3013 983 3056 ac
1009 2991 1166 3079 propiora
1192 2989 1324 3056 flumini
1342 2987 1594 3056 Transrhenani

359 3106 507 3165 tenuere.
530 3137 573 3146 -
605 3098 645 3177 V,
679 3123 728 3187 ¹7·
760 3097 830 3162 Nec
855 3097 975 3163 Civilis
1005 3097 1161 3164 silentem
1181 3098 1307 3164 struxit
1334 3098 1454 3176 aciem,
1479 3096 1594 3162 locum

358 3228 491 3295 pugnae
508 3214 629 3271 testem
654 3204 790 3270 virtutis
809 3204 920 3269 ciens:
942 3213 1030 3270 stare
1046 3204 1235 3271 Germanos
1257 3204 1472 3294 Batauosque
1493 3225 1596 3293 super

358 3313 502 3400 vestigia
516 3311 685 3400 gloriae...
702 3349 747 3363 -
763 3311 804 3388 V,
825 3337 874 3400 ¹9·
900 3312 1047 3400 (Civilis)
1063 3334 1173 3380 non...
1192 3336 1294 3379 ausus
1312 3311 1474 3400 oppidum
1496 3311 1596 3377 Bata·

279 3483 282 3488 .
358 3420 499 3486 vorum¹
523 3419 626 3483 armis
643 3419 741 3497 tueri,
763 3420 882 3508 raptis,
904 3443 991 3509 quae
1017 3420 1096 3485 terri
1123 3428 1292 3509 poterant,
1320 3419 1442 3486 ceteris
1470 3419 1594 3485 iniecto

359 3529 440 3614 igni,
461 3528 495 3591 in
520 3525 665 3591 insulam
681 3526 860 3593 concessit.
878 3565 920 3576 —
936 3526 977 3607 V,
993 3526 1046 3594 23.
1067 3526 1209 3592 Cerialis
1224 3527 1371 3592 insulam
1389 3525 1595 3592 Batavorum

360 3634 526 3700 hostiliter
545 3633 766 3722 populatus...
791 3672 833 3683 —
848 3634 888 3710 V,
908 3636 961 3710 ut.
980 3633 1122 3699 t'lerialis
1137 3658 1197 3723 per
1211 3634 1362 3701 occultos
1378 3634 1515 3700 nuntios
1530 3633 1595 3698 Ba-

362 3743 448 3807 tavis
471 3763 600 3830 pacem,
628 3739 728 3805 Civili
752 3741 884 3806 veniam
905 3748 1094 3823 ostentans,
1118 3741 1301 3807 Velaedanr
1321 3741 1595 3831 propinquosque

360 3848 518 3913 monebat
533 3847 702 3912 lortunam
719 3845 820 3913 belli:
889 3871 1007 3914 caesos
1017 3849 1185 3928 'Treviros
1202 3857 1356 3939 receptos
1371 3847 1488 3925 Vbios,
1500 3871 1596 3937 erep-

361 3965 428 4021 tam
444 3954 580 4019 Batavis
594 3954 779 4042 patriam...
800 3993 836 4006 -
853 3955 893 4037 V,
908 3954 961 4021 25.
984 3956 1157 4022 Concussa
1172 3956 1508 4022 Transrhenanorum
1529 3955 1596 4022 lide

360 4063 448 4128 inter
469 4062 615 4126 Batavos
630 4084 763 4150 quoque
784 4085 958 4128 sermones
972 4064 1037 4129 orti
1054 4084 1137 4130 tu...
1155 4065 1215 4129 Sin
1230 4062 1393 4153 populum
1404 4063 1596 4130 Romanum

362 4169 464 4234 armis
484 4176 617 4246 vocent,
646 4175 785 4256 quotam
801 4177 932 4257 partem
956 4170 1091 4257 generis
1122 4170 1263 4237 humani
1292 4171 1439 4237 Batavos
1453 4171 1593 4237 esser...

361 4276 387 4340 T
390 4300 455 4342 unc
470 4275 621 4341 inlensos
632 4275 769 4341 Batavis
788 4275 976 4347 deos.cu1n
996 4276 1232 4343 obsiderentur
1246 4277 1410 4365 legiones,
1431 4277 1597 4344 interlice-

363 4391 478 4448 rentur
498 4382 642 4468 legati...
664 4411 679 4440 u
693 4383 851 4473 —G,·29.
869 4382 1029 4448 Omnium
1044 4384 1163 4450 harum
1187 4385 1340 4472 gentium
1362 4384 1488 4451 virtute
1504 4406 1597 4468 prae·

362 4491 452 4578 cipui
464 4489 581 4555 Batavi
597 4513 664 4554 non
679 4488 825 4555 multum
841 4515 882 4556 ex
895 4491 979 4578 ripa,
989 4492 1049 4556 sed
1064 4492 1210 4557 insulam
1222 4492 1332 4557 Rheni
1343 4491 1455 4557 amnis
1466 4491 1595 4578 colunt,

363 4597 564 4663 Chattorum
580 4596 753 4686 quondam
774 4598 921 4687 populus
936 4606 969 4663 et
985 4598 1151 4664 seditione
1170 4598 1357 4664 domestica
1373 4599 1407 4663 in
1424 4622 1484 4665 eas
1499 4599 1597 4666 sedes

365 4714 607 4790 transgressus,
621 4703 656 4769 in
672 4703 796 4794 quibus
816 4728 894 4793 pars
916 4705 1060 4770 llomani
1080 4706 1211 4794 imperii
1234 4705 1394 4777 fierent...
1418 4705 1598 4774 Mattiaco·

353 4945 359 4976 ¹
378 4940 485 5002 Lipsius
510 4943 713 4990 Batauoclurum
729 4943 871 5002 legendum
888 4943 1026 4993 censebat.
