3709 6234
284 868 338 924 762
678 895 681 900 ·
812 872 840 922 Ι..
873 869 1034 922 t'0tvs1vs

329 1013 440 1100 gaesis
453 1012 699 1078 infirmatam...
722 1010 921 1098 Vologaesi¹
945 1010 988 1075 ad
1003 1009 1232 1076 Corbulonem
1252 1011 1347 1075 missi
1368 1010 1499 1086 nuntii,
1518 1010 1580 1075 de·

329 1119 476 1185 traheret
495 1118 634 1185 castella
650 1127 744 1184 trans
767 1118 1008 1206 Euphraten...
1023 1156 1066 1165 -
1092 1118 1141 1194 15,
1168 1119 1221 1195 24.
1246 1119 1337 1183 Inter
1360 1140 1452 1206 quae
1484 1118 1579 1182 veris

329 1226 494 1314 principio
509 1226 613 1313 legati
631 1226 833 1292 Parthorum
850 1223 1010 1290 mandata
1031 1226 1120 1312 regis
1136 1224 1376 1311 Vologaesis...
1396 1225 1578 1313 (Romam)

329 1332 513 1399 attulere...
530 1371 570 1383 -
587 1333 636 1412 15,
651 1335 704 1398 25.
722 1331 862 1397 Talibus
875 1331 1076 1419 Vologaesis
1089 1332 1223 1408 litteris,
1237 1332 1316 1420 quia
1327 1331 1574 1418 (Caesennius)

330 1440 454 1506 Paetus
469 1440 603 1505 diversa
633 1448 807 1528 tamquam
841 1439 943 1504 rebus
972 1438 1114 1527 integris
1142 1438 1353 1507 scribebat...
1383 1476 1427 1491 υ·
1456 1440 1572 1527 ¹⁵22?-

331 1547 508 1637 (Corbulo)
522 1548 698 1614 venientes
712 1547 872 1613 Tiridatis
889 1546 1156 1635 Vologaesisque
1170 1546 1211 1612 de
1235 1570 1316 1635 pace
1329 1547 1463 1634 legatos
1479 1547 1572 1612 haud

331 1665 531 1743 aspernatus
564 1655 718 1743 adiungit
737 1656 778 1720 iis
811 1655 1026 1720 centuriones
1059 1678 1136 1720 cum
1163 1653 1331 1719 mandatis
1359 1677 1427 1719 non
1451 1654 1557 1721 immi-

332 1761 465 1829 tibus...
486 1790 501 1823 «
519 1762 732 1850 Vologaesen
749 1762 870 1828 melius
887 1762 1048 1827 societate
1063 1762 1216 1827 Romana
1227 1785 1329 1850 quam
1346 1761 1482 1827 damnis
1496 1787 1573 1827 mu-

332 1870 399 1935 tuis
411 1870 505 1957 genti
522 1869 726 1955 Parthorum
747 1868 995 1935 consulturum.
1016 1892 1032 1933 a
1047 1908 1090 1917 -
1115 1871 1163 1936 15.
1187 1869 1239 1934 28.
1259 1869 1572 1956 ErgoVologaeses

332 1999 440 2064 neque
460 1984 558 2042 atrox
573 1977 608 2041 in
623 2000 791 2041 summam
802 1983 835 2041 et
850 1975 1054 2065 quibusdam
1070 1976 1291 2064 praefecturis
1307 1975 1456 2040 indutias
1469 1978 1568 2063 petit.

331 2123 374 2133 -
403 2083 452 2163 15,
471 2084 507 2148 31
544 2084 723 2171 (Tiridates
752 2083 992 2172 acor—hutone)
1008 2083 1182 2170 digressus
1198 2083 1363 2148 Pacorum
1378 2084 1469 2171 apud
1494 2084 1571 2149 Me-

331 2191 405 2267 dos,
416 2190 625 2278 Vologaesen
635 2191 817 2257 Ecbatanis
831 2191 990 2279 repperit,
1003 2213 1071 2254 non
1082 2190 1288 2256 incuriosum
1300 2190 1427 2269 lratris;
1441 2192 1570 2280 quippe

332 2306 365 2363 et
379 2299 524 2386 propriis
543 2299 674 2364 nuntiis
690 2321 708 2363 a
722 2297 915 2364 Corbulone
936 2298 1090 2387 petierat,
1107 2320 1149 2363 ne
1168 2320 1271 2386 quam
1286 2297 1471 2386 imaginem
1499 2322 1571 2365 ser-

331 2406 404 2472 vitii
420 2405 586 2471 Tiridates
600 2408 773 2494 perferret.
783 2442 828 2456 -
841 2407 867 2486 1,
884 2407 939 2482 do.
957 2405 1065 2493 lgitur
1075 2405 1201 2471 milites
1216 2405 1375 2484 Romani,
1385 2406 1484 2494 quasi
1498 2407 1570 2471 Vo-

331 2513 505 2600 logaesum
525 2521 583 2578 aut
604 2513 769 2578 Pacorum
789 2514 879 2578 avito
904 2512 1146 2578 Arsacidarum
1173 2511 1258 2577 solio
1288 2512 1506 2599 depulsuri...
1525 2552 1572 2564 -

332 2620 390 2700 lv,
408 2619 462 2685 51.
478 2620 596 2709 (Apud
613 2621 871 2707 Vespasianum)
886 2620 1027 2685 aderant
1046 2620 1149 2707 legati
1170 2620 1259 2704 regis
1279 2619 1460 2708 Vologaesi
1482 2644 1570 2710 qua-

330 2727 484 2814 draginta
506 2729 599 2792 milia
626 2727 827 2794 Parthorum
853 2728 1005 2815 equitum
1040 2727 1259 2793 offerentes..
1296 2727 1431 2793 Gratiae
1462 2728 1569 2793 Tolo-

330 2857 432 2921 gaeso
469 2844 563 2901 actae
577 2835 853 2923 mandatumque,
890 2835 1077 2921 utlagatus
1106 2834 1148 2900 ad
1177 2843 1332 2899 senatum
1352 2835 1505 2901 mitteret
1536 2845 1571 2902 et

331 2964 447 3029 pacem
468 2967 539 3008 esse
556 2944 656 3009 sciret
668 2943 692 3009 2.

287 3048 324 3113 C.
346 3049 717 3123 VOLVSIVS.-111.
741 3074 794 3140 ²9·
814 3051 965 3115 Primum
982 3049 1235 3138 (Flavianorum
1259 3049 1293 3114 in
1318 3056 1428 3114 castra
1454 3049 1570 3114 Vitel-

330 3155 496 3221 lianorum
512 3158 637 3222 circum
653 3156 1014 3245 Cremonammuuita)
1035 3156 1204 3243 inrupisse
1239 3156 1277 3222 C.
1301 3155 1480 3221 Volusium
1498 3164 1569 3222 ter-

331 3263 396 3328 tiae
411 3263 555 3350 legionis
567 3264 708 3330 militem
728 3266 816 3329 inter
835 3287 953 3329 omnes
982 3271 1136 3329 auctores
1165 3270 1340 3330 constat...

287 3371 325 3435 L.
346 3370 576 3448 t'tssll.t⁷Slt's‚
593 3372 832 3437 t'tlLl'SlVS3
842 3374 917 3455 (sl).
932 3411 974 3421 -
987 3370 1017 3452 3,
1036 3371 1088 3436 30.
1103 3371 1185 3435 Fine
1196 3371 1275 3434 anui
1287 3393 1484 3436 concessere
1498 3373 1569 3435 vita

331 3479 481 3565 insignes
501 3480 563 3543 viri
581 3479 616 3543 L.
638 3479 839 3545 Volusius...
864 3479 1003 3543 Volusio
1028 3486 1126 3543 vetus
1152 3477 1277 3541 familia
1307 3500 1415 3564 neque
1449 3487 1568 3543 tamen

330 3594 519 3672 praeturam
541 3610 686 3672 egressa,
711 3588 781 3675 ipse
802 3585 1016 3650 consulatum
1047 3585 1173 3665 intulit,
1204 3586 1354 3649 censoria
1380 3585 1483 3650 etiam
1503 3610 1567 3673 po-

330 3701 491 3758 testate...
508 3693 652 3764 functus,
672 3718 852 3782 opumque,
871 3694 946 3782 quis
968 3693 1088 3756 domus
1115 3692 1173 3756 illa
1202 3693 1405 3756 immensum
1435 3693 1563 3779 viguit.

331 3801 459 3887 primus
475 3801 720 3866 adcumulatcr.

287 3907 323 3971 L.
344 3907 730 3993 t⁷‹›1.t'slvs'·(lt)-
754 3933 803 3982 ια,
823 3932 875 3971 22.
901 3908 1059 3992 (Lolliam
1076 3906 1267 3993 Paulinam)
1290 3930 1403 3969 sorore
1430 3906 1469 3970 L.
1496 3908 1567 3971 Vo-

331 4013 408 4078 lusii
424 4014 584 4099 genitam.
603 4055 645 4062 —
666 4016 715 4081 13.
739 4016 791 4080 30.
811 4017 847 4081 L.
876 4015 1036 4078 Volusius
1050 4015 1184 4099 egregia
1202 4013 1289 4076 lama
1313 4014 1493 4090 concessit,
1512 4016 1570 4078 cui

332 4130 397 4185 tres
426 4129 458 4185 ct
487 4123 670 4206 nonaginta
703 4124 781 4185 anni
823 4124 971 4209 spatium
996 4121 1133 4185 vivendi
1166 4095 1431 4207 praecipuacipuc
1485 4145 1571 4208 opes

330 4229 427 4292 bonis
449 4227 589 4306 artibus,
635 4230 797 4293 inollcnsa
841 4237 889 4293 tot
932 4231 1172 4316 imperatorum
1220 4227 1366 4291 amicitia
1401 4227 1477 4292 luit.
1525 4269 1571 4280 —

336 4340 384 4413 rt,
409 4339 461 4399 56.
487 4338 646 4420 (Senecae
671 4336 758 4401 Nero
784 4337 979 4424 respondet)
998 4366 1011 4390 «ι
1033 4335 1105 4399 Nisi
1122 4335 1206 4399 sorte
1226 4342 1283 4399 aut
1303 4342 1334 4399 te
1356 4333 1494 4398 Vitellio
1517 4345 1571 4401 ter

318 4646 325 4677 ¹
346 4643 389 4692 u:
410 4645 559 4707 uolopeses.
581 4666 590 4684 ιι
610 4645 770 4691 fortassean
794 4644 926 4707 Vologesi.
944 4648 973 4692 ut
993 4647 1034 4692 est
1049 4659 1130 4706 supra
1146 4658 1169 4691 c.
1187 4650 1230 4700 14:
1250 4642 1326 4690 missi
1338 4643 1422 4691 Paeto
1440 4642 1538 4690 nuntii
1559 4661 1571 4686 a

286 4726 396 4786 (llam).
412 4751 441 4761 -
460 4724 644 4772 Puteolanus:
668 4725 814 4787 Vologesis.

318 4805 329 4839 ²
346 4805 379 4854 Υ.
394 4804 475 4851 etiam
491 4805 527 4860 1⁵,
539 4803 577 4850 aa.

317 4884 328 4917 ³
347 4885 375 4931 L.
393 4884 521 4930 Volusius
534 4883 703 4930 Saturninus.
720 4884 841 4942 Passer..
855 4884 908 4930 aa».

318 4965 329 4998 ⁴
347 4966 375 5013 1..
394 4965 522 5012 Volusius
540 4964 710 5015 Saturninus.
730 4965 851 5022 Pausian,
863 4965 905 5011 661
925 4980 960 5012 :u
979 4964 1061 5011 Filius
1080 4964 1137 5011 siue
1150 4964 1233 5011 dubio
1249 4964 1306 5011 eius
1321 4964 1366 5025 qui
1383 4964 1538 5024 praecedit.
1561 4983 1575 5011 r
