3709 6234
699 844 875 899 sveronws
895 844 1054 898 PAVLINVS
1463 844 1517 900 637

283 979 538 1050 Narbonensem
552 985 595 1051 ab
614 985 747 1052 Othone
762 987 913 1074 paratae)
927 986 1078 1052 Antonio
1097 986 1252 1069 Novello,
1276 988 1400 1054 Suedio
1434 988 1519 1053 Cle-

282 1090 387 1155 menti
413 1090 692 1181 primipilaribus,
731 1093 878 1159 Aemilio
910 1094 1091 1162 Pacensi...
1119 1095 1295 1183 permissa.
1321 1135 1364 1144 -
1391 1096 1435 1177 ll,
1464 1120 1515 1167 ια.

280 1194 501 1286 Temptandis
540 1200 732 1289 (maritimis
766 1200 926 1290 Alpibus)
971 1200 1287 1291 adgrediendaeque
1324 1204 1517 1291 provinciae

282 1304 494 1373 Narbonensi
508 1308 669 1374 Suedium
683 1307 905 1383 Clementem,
924 1309 1113 1374 Antonium
1125 1310 1318 1392 Nouellum,
1331 1311 1516 1378 Aemilium

284 1413 467 1481 Pacensem
482 1415 585 1483 duces
597 1416 734 1483 dederat
752 1416 883 1506 (tltlro).
915 1416 1024 1484 Sed...
1059 1418 1204 1483 Suedius
1230 1419 1388 1485 Clemens
1412 1420 1516 1486 ambi-

282 1522 368 1589 tioso
383 1523 523 1611 imperio
543 1524 691 1612 regebat,
705 1531 743 1591 ut
756 1525 920 1590 adversus
934 1524 1135 1591 modestiam
1153 1525 1351 1616 disciplinae
1379 1550 1515 1615 corrup·

282 1637 348 1709 tus,
370 1630 415 1697 ita
431 1632 637 1720 proeliorum
653 1631 786 1699 avidus

235 1735 403 1803 SVESSA
437 1737 654 1806 ΡΟΜΕΤΙΑ.
689 1779 732 1790 -
767 1740 827 1821 lll,
860 1766 913 1830 7²·
957 1740 1160 1829 Tarquinius
1204 1741 1377 1830 Superbus
1417 1750 1515 1830 capta

280 1847 402 1913 Suessa
425 1847 576 1915 Pometia
596 1849 744 1915 hostium
761 1848 878 1937 spoliis
902 1849 1087 1937 (exstruxit
1102 1849 1334 1937 Capitolium).

236 1953 486 2020 SVETONlVS
521 1955 761 2034 PAVLINVS,
793 1956 1020 2022 PAVLINVS
1046 1957 1308 2034 SVE'l'tsslNlVS,
1348 1957 1513 2022 St'E'lo-

281 2060 398 2143 NlVS,
420 2062 459 2129 C.
487 2063 774 2129 SVETONlVS¹.
796 2103 840 2113 -
867 2065 916 2144 rt,
949 2089 1002 2151 29·
1025 2064 1109 2127 'lum
1138 2062 1302 2130 Paulinus
1331 2066 1515 2131 Suetonius

279 2167 455 2236 obtinebat
483 2172 677 2252 Britannos,
718 2171 857 2237 scientia
897 2171 1037 2236 militiae
1066 2180 1099 2237 et
1132 2195 1266 2237 rumore
1293 2173 1420 2261 populi,
1456 2173 1513 2261 qui

281 2276 449 2344 neminem
463 2279 536 2345 sine
551 2278 684 2345 aemulo
699 2279 792 2360 sinit,
813 2278 1018 2345 Corbulonis
1046 2287 1267 2360 concertator,
1294 2288 1514 2370 receptaeque

280 2384 461 2451 Armeniae
487 2385 591 2452 decus
618 2409 761 2475 aequare
794 2385 933 2452 dornitis
965 2385 1197 2475 perduellibus
1227 2388 1379 2475 cupiens
1406 2388 1514 2474 lgitur

279 2490 415 2557 Monam
430 2493 618 2561 insulam...
635 2493 774 2582 adgredi
791 2501 927 2582 parat...
945 2530 990 2545 -
1008 2497 1057 2574 rat,
1081 2493 1134 2561 30.
1154 2493 1244 2561 llaec
1260 2495 1372 2582 agenti
1387 2495 1513 2561 Sueto-

278 2599 334 2664 nio
347 2601 524 2690 repcntina
541 2600 684 2668 delectio
701 2601 894 2689 provinciae
914 2602 1100 2667 nuntiatur.
1127 2640 1170 2649 —
1191 2604 1240 2685 rt,
1264 2601 1318 2668 32.
1342 2602 1513 2690 (Veterani

278 2706 431 2774 coloniae
458 2708 712 2797 Camuloduni),
742 2710 819 2798 quia
843 2708 960 2798 procul
976 2708 1158 2776 Suetonius
1178 2708 1306 2791 aberat,
1326 2710 1475 2798 petivere
1494 2735 1512 2775 a

248 2866 250 2870 .
278 2814 363 2881 Cato
381 2815 527 2882 Deciano
542 2825 758 2905 procuratore
773 2817 950 2884 auxilium.
963 2853 1006 2868 -
1027 2820 1076 2895 rt,
1093 2817 1146 2883 33.
1165 2818 1211 2883 At
1231 2816 1414 2884 Suetonius
1429 2818 1513 2882 mira

278 2924 469 2991 constantia
492 2925 621 2992 medios
642 2925 730 2991 inter
752 2925 867 2992 hostes
890 2924 1095 2990 Londinium
1114 2926 1304 3015 perrexit...
1322 2963 1365 2974 —
1388 2928 1438 3004 rt,
1456 2925 1509 3003 34.

277 3028 347 3097 lam
363 3033 526 3099 Suetonio
545 3041 664 3121 quarta
679 3033 819 3099 decuma
832 3032 1006 3120 legiocum
1019 3032 1206 3098 vexillariis
1216 3033 1511 3104 vicensimanis....

275 3137 392 3205 decem
409 3139 513 3206 terme
531 3141 623 3206 milia
644 3149 851 3207 armatorum
864 3150 972 3212 erant.
991 3164 1110 3207 cum...
1132 3141 1291 3228 congredi
1313 3141 1382 3206 acie
1402 3149 1509 3229 parat.

275 3246 462 3325 -14,36.
493 3247 542 3314 Ne
575 3248 758 3314 Suetonius
790 3248 926 3337 quidem
955 3248 990 3313 in
1024 3255 1119 3314 tanto
1145 3248 1339 3314 discrimine
1363 3247 1509 3328 silebut;

275 3377 482 3443 quamquam
506 3355 692 3422 conliderct
712 3356 830 3421 virtuti
849 3354 1039 3443 (militum),
1065 3364 1177 3421 tamen
1199 3356 1452 3421 exhortationes
1478 3365 1512 3422 et

275 3484 392 3549 preces
408 3462 613 3530 miscebat...
637 3463 668 3527 ls
681 3462 782 3528 ardor
797 3462 898 3529 verba
928 3463 1024 3528 ducis
1055 3461 1314 3550 scquclratur....
1334 3471 1371 3528 ut
1398 3470 1512 3528 certus

275 3577 415 3636 eventus
429 3570 611 3637 Suetonius
627 3570 722 3637 daret
737 3594 870 3659 pugnae
895 3571 1043 3659 signum.
1056 3609 1099 3619 -
1120 3572 1170 3646 rt,
1189 3569 1242 3636 38.
1262 3569 1368 3634 lulius
1383 3570 1511 3636 Classi-

275 3676 404 3756 cianuS‚
422 3701 597 3745 successor
616 3678 700 3744 Cato
723 3678 886 3767 (Deciano
905 3678 1127 3765 procuratori)
1145 3678 1270 3742 missus
1286 3685 1320 3742 et
1348 3678 1510 3743 Suetonio

274 3784 416 3866 discors,
433 3783 558 3851 bonum
568 3785 742 3875 publicum
758 3785 899 3874 privatis
915 3785 1146 3851 simultatibus
1162 3783 1507 3873 impediebatdisper-

275 3900 431 3982 seratque
464 3916 590 3960 novum
605 3894 755 3982 legatum
774 3893 1017 3982 opperiendum
1040 3917 1125 3970 esse,
1145 3894 1217 3958 sine
1251 3886 1367 3958 hostili
1400 3892 1448 3958 ira
1477 3901 1509 3958 et

273 4000 429 4090 superbia
442 4001 580 4067 victoris
595 4001 779 4068 clementer
795 4001 918 4067 deditis
935 4001 1181 4068 consulturum.
1200 4000 1308 4067 Simul
1330 4001 1364 4066 in
1390 3999 1507 4065 arrham

273 4107 468 4192 mandabat,
491 4109 622 4175 nullum
638 4109 841 4198 proeliorum
863 4110 965 4174 tinem
985 4116 1231 4197 exspectarent,
1255 4108 1320 4172 nisi
1354 4108 1510 4173 succede·

271 4223 365 4283 retur
382 4217 585 4284 Suetonio...
601 4249 644 4265 —·
664 4217 781 4305 1439.
798 4215 930 4282 Cuncta
948 4223 1061 4282 tamen
1078 4216 1111 4304 (a
1128 4214 1297 4302 Polyclito
1314 4214 1448 4304 liberto)
1462 4215 1505 4280 ad

271 4323 507 4413 imperatorem
523 4325 558 4389 in
573 4324 709 4389 mollius
726 4324 841 4396 relata.
858 4323 1082 4412 detentusque
1098 4322 1199 4389 rebus
1213 4323 1372 4408 gerendis
1386 4324 1507 4388 Sueto·

271 4433 359 4512 nius,
378 4432 469 4522 quod
483 4440 599 4520 posteo
614 4455 739 4520 paucas
754 4455 858 4497 naves
874 4432 907 4495 in
931 4431 1028 4496 litore
1049 4430 1293 4518 remigiumque
1313 4431 1347 4494 in
1364 4429 1405 4496 iis
1424 4431 1507 4495 arni·

270 4549 372 4619 serat,
393 4548 568 4630 tamquam
579 4539 820 4605 durantebello
837 4539 968 4604 tradere
996 4538 1181 4604 exercitum
1207 4538 1364 4604 Petronio
1390 4537 1508 4627 Turpi·

271 4648 402 4715 liano...
426 4647 572 4714 iubetur.
586 4688 630 4697 -
650 4646 700 4728 ιδ,
723 4650 772 4724 rt.
792 4647 829 4712 C.
849 4646 1013 4712 Suetonio
1031 4645 1152 4711 luecio
1175 4636 1330 4711 Telesino
1351 4646 1508 4712 consuli-

270 4754 346 4824 bus.
365 4791 410 4807 -
431 4756 456 4822 l.
482 4758 535 4844 87.
557 4755 712 4821 Peditum
747 4754 966 4843 equitumque
988 4754 1094 4842 copiis
1116 4754 1299 4818 Suetonius
1329 4753 1505 4834 Paulinus,

258 4970 266 5005 ¹
281 4969 387 5018 Pnosor
401 4970 473 5033 ,tat
