3709 6234
855 876 992 927 huhrau

329 1015 471 1080 militem
491 1022 525 1079 et
540 1013 666 1080 crebris
682 1038 719 1078 ac
736 1015 907 1102 prosperis
922 1014 1098 1080 laboribus
1113 1015 1296 1080 exereitum
1315 1014 1350 1079 in
1364 1013 1564 1080 Armeniam

329 1122 434 1188 ducit.
453 1161 496 1171 -
517 1122 566 1201 ι6,
587 1121 640 1186 ι3,
668 1121 873 1209 Tempus...‚
891 1145 959 1210 quo
972 1122 1139 1187 Tiridates
1166 1120 1362 1211 accipiendo
1382 1121 1565 1187 Armeniae

329 1253 434 1318 regno
462 1230 637 1317 (Romam)
667 1228 946 1295 adventabat-
975 1229 1034 1311 ΙΙΙ,
1052 1229 1085 1295 6.
1118 1230 1240 1295 Arrius
1269 1229 1378 1294 l'arus
1407 1238 1566 1296 strenuus

329 1337 433 1410 bello,
455 1361 557 1426 quam
573 1337 717 1424 gloriam
731 1338 761 1401 ci
774 1337 843 1402 dux
865 1336 1015 1402 Corbulo
1031 1345 1063 1402 et
1084 1361 1263 1427 prosperae
1278 1336 1310 1400 in
1331 1337 1495 1402 Armenia
1515 1361 1567 1403 res

330 1444 543 1509 addiderant.

285 1550 501 1616 AltMENlA
528 1550 687 1616 Mlh'tlll.
712 1591 754 1599 —-
785 1576 871 1640 rr,9
904 1552 977 1615 ltex
1001 1552 1142 1616 minoris
1168 1551 1349 1616 Armeniae
1379 1545 1500 1638 Cotys.
1523 1589 1567 1602 -

336 1658 384 1739 13,
398 1683 428 1747 7.
447 1661 575 1726 Nero...
599 1659 764 1723 minorem
794 1659 991 1723 Armeniam
1013 1657 1255 1723 Aristobulo...
1276 1681 1353 1723 cum
1375 1657 1568 1744 insignibus

331 1766 434 1852 regiis
453 1765 604 1831 mandat.

285 1871 497 1943 ARMENII,
527 1871 764 1936 ΔἸΙΙΙΙΕΝΙΙΈ
788 1873 891 1959 (sing.
914 1872 1116 1961 eoll.)—2,
1150 1871 1181 1938 3.
1211 1872 1426 1938 Artavasden
1453 1896 1567 1961 regem

328 1980 611 2045 Armeniorum...
628 1977 747 2043 Occiso
769 1980 952 2046 Artaxia...
973 1980 1107 2044 datusa
1133 1979 1276 2044 Caesare
1288 1979 1480 2068 (Augusto)
1504 1981 1568 2045 Ar-

331 2087 451 2151 meniis
466 2087 640 2173 Tigranes.
658 2123 703 2137 -
718 2111 748 2166 a,
767 2089 799 2163 t.
819 2088 924 2151 Gaius
945 2086 1070 2152 Caesar
1087 2087 1274 2175 (Agrippae
1290 2085 1395 2174 tilius)
1469 2087 1569 2153 Ario·

330 2192 538 2260 barzanen...
558 2194 730 2258 Armeniis
753 2194 956 2279 praefecit...
998 2194 1121 2258 Parum
1155 2194 1297 2258 subsidii
1320 2194 1355 2259 in
1395 2195 1569 2259 Armeniis

328 2304 417 2389 (crat
433 2302 565 2366 Vononi
581 2310 698 2366 eontra
714 2300 954 2389 Artabanum).
965 2340 1008 2350 —
1023 2327 1054 2378 2,
1074 2300 1127 2368 55.
1146 2301 1234 2367 Nota
1250 2301 1331 2367 haee
1345 2301 1565 2378 Germanico,

331 2409 389 2474 sed
409 2409 576 2496 praeverti
606 2408 649 2472 ad
670 2409 851 2473 Armenios
869 2409 1051 2474 instantior
1071 2433 1150 2474 eura
1172 2408 1247 2474 luit.
1263 2446 1308 2459 -
1327 2433 1359 2494 a,
1377 2407 1432 2475 56.
1445 2409 1567 2498 (Zeno)

330 2516 496 2602 primaah
524 2515 667 2580 infautia
688 2516 842 2580 instituta
865 2524 898 2580 ct
926 2516 1056 2583 cultum
1086 2516 1326 2582 Armeniorum
1358 2516 1563 2584 aemulatus.

332 2660 374 2671 —
391 2622 480 2698 a‚6o.
501 2623 634 2701 Quas..
662 2630 811 2688 terras...
835 2623 1029 2690 Armenii...
1057 2623 1175 2689 colunt
1205 2627 1277 2711 (eae
1301 2623 1570 2690 adnumerantur

333 2730 423 2793 inter
438 2738 551 2816 partes
562 2730 695 2817 imperii
710 2730 800 2815 regis
811 2729 998 2818 llhamsis).
1017 2770 1059 2779 --
1081 2755 1111 2810 ι,
1134 2732 1188 2808 ΙΙΙ,
1215 2731 1378 2796 Nuntiato
1408 2731 1572 2817 (senatui)

333 2859 447 2922 regem
469 2837 633 2901 Artaxian
655 2837 828 2900 Armeniis
853 2862 871 2902 a
905 2838 1109 2903 Germanico
1134 2838 1291 2903 datum...
1320 2875 1359 2885 —·
1389 2839 1480 2916 2‚68.
1502 2838 1571 2902 Vo-

337 2967 455 3018 nones,
472 2966 573 3031 quem
590 2951 740 3008 amotum
757 2945 790 3007 in
803 2943 957 3010 Ciliciam
973 2945 1170 3026 memoravi,
1188 2944 1356 3033 corruptis
1371 2944 1572 3010 custodibus

337 3051 484 3137 etlugere
499 3051 540 3115 ad
569 3051 792 3117 Armenios...
811 3060 954 3116 conatus
978 3061 1041 3118 est.
1059 3091 1102 3103 -
1123 3052 1154 3130 6,
1190 3051 1244 3118 33.
1273 3051 1389 3118 lliberi
1417 3051 1570 3118 locorum

333 3165 488 3246 potentes
505 3158 626 3246 Caspia
649 3159 702 3223 via
719 3158 906 3224 Sarmatam
924 3160 958 3223 iu
979 3160 1161 3224 Armenios
1182 3160 1305 3247 raptim
1318 3159 1509 3226 ellandunt.
1528 3197 1572 3209 -

333 3265 365 3342 6,
381 3268 434 3343 44.
453 3264 673 3351 Abdagaeses
688 3265 946 3352 regrediendum
967 3268 999 3330 in
1021 3267 1303 3355 Mesopotamiam
1327 3266 1502 3347 censebat,
1532 3274 1570 3332 ut

333 3372 587 3450 anineohieeto,
608 3374 925 3438 Armeniisinterim
956 3374 1196 3463 Elymaeisque
1230 3382 1263 3440 et
1290 3375 1445 3440 ceterisa
1475 3382 1571 3462 tergo

333 3480 464 3545 excitis.
488 3530 509 3559 .,
533 3478 702 3544 fortunam
720 3488 936 3567 temptarent.
954 3521 995 3529 —
1018 3506 1067 3559 rr,
1086 3481 1117 3546 8.
1143 3481 1370 3564 Mithridates,
1386 3504 1487 3570 quem
1509 3482 1572 3546 im·

333 3588 496 3675 peritasse
511 3587 720 3653 Armeniis...
748 3589 945 3653 memoravi.
963 3628 1001 3638 -
1022 3613 1072 3664 ιι,
1089 3614 1121 3677 9.
1140 3589 1208 3654 Nec
1228 3589 1319 3655 enim
1335 3589 1491 3655 restitere
1505 3591 1572 3653 Ar-

334 3696 477 3760 menii...
492 3733 535 3742 -
560 3719 609 3764 ιι.
628 3698 681 3771 dt.
704 3694 832 3758 Eodem
849 3718 937 3758 anno
953 3694 1080 3759 hellam
1102 3697 1189 3762 inter
1209 3695 1391 3762 Armenios
1408 3695 1572 3761 lliberos·

333 3823 398 3889 que.
418 3810 573 3865 exortam
591 3802 724 3866 Parthis
744 3826 879 3891 quoque
900 3826 938 3866 ac
954 3804 1119 3868 llonranis
1134 3805 1414 3891 gravissimorum
1430 3803 1520 3869 inter
1535 3827 1571 3869 se

333 3915 487 3972 motuum
502 3931 602 3972 eausa
619 3909 722 3982 fuit..¹
742 3909 922 3973 Armenios
940 3910 1041 3975 frater
1057 3911 1327 3999 (Pharasmanis)
1356 3910 1573 3977 Mithridates

334 4014 508 4079 obtinebat
523 4014 644 4101 opibus
667 4016 833 4080 nostris...
858 4017 1107 4104 (Radamistus)
1133 4020 1298 4107 primores
1329 4017 1570 4086 Armeniorum

335 4122 377 4188 ad
392 4146 444 4187 res
460 4121 693 4190 norasinlieit.
705 4123 834 4206 ignaro.
859 4190 865 4204 ,
880 4124 1090 4191 Mithridate.
1104 4166 1134 4175 -
1155 4151 1204 4205 ιι,
1221 4126 1271 4202 (6.
1285 4124 1482 4191 Praefectus
1493 4126 1572 4191 hor·

334 4230 398 4296 tari
427 4229 646 4295 Mithridaten
677 4229 720 4293 ad
752 4230 972 4296 sanciendum
990 4232 1109 4298 loedus
1130 4285 1151 4300 ..
1171 4253 1178 4298 :
1197 4257 1265 4298 non
1286 4232 1433 4300 abnuere
1449 4256 1569 4322 pacem

337 4336 539 4410 Hiberos...
558 4345 591 4402 et
607 4338 688 4401 satis
704 4339 874 4424 cognitam
888 4340 1128 4405 Armeniorum
1148 4341 1366 4428 perfidiam...
1382 4379 1425 4390 -
1445 4363 1496 4423 ra,
1516 4343 1568 4406 50.

335 4444 471 4509 lncessu
488 4444 689 4510 Parthorum
704 4445 775 4508 sine
789 4446 859 4509 acie
874 4445 965 4533 pulsi
990 4447 1119 4524 lliheri‚
1134 4447 1301 4537 urbesque
1325 4447 1567 4514 Armeniorum

335 4552 499 4616 Artaxata
515 4561 547 4616 et
559 4553 794 4638 'l'igranocerta
812 4554 928 4638 iugum
946 4577 1114 4642 accepere.
1134 4595 1164 4605 —
1187 4556 1236 4633 13,
1250 4555 1282 4622 5.
1302 4555 1439 4642 legatis
1450 4556 1569 4622 Arme·

335 4659 466 4722 niorum
483 4681 618 4725 eausam
635 4661 747 4742 gentis
763 4660 853 4747 apml
874 4661 1042 4725 Neronem
1064 4662 1252 4728 orantibus.
1280 4703 1320 4712 -
1355 4663 1404 4731 13.
1427 4663 1481 4740 3).
1504 4663 1567 4728 Ar-

336 4766 436 4830 menii
452 4765 608 4850 ambigua
627 4767 690 4830 lide
711 4775 851 4856 utraque
883 4768 1048 4852 (llomana
1079 4778 1112 4834 et
1139 4770 1309 4859 Parthica)
1333 4793 1426 4835 arma
1447 4770 1564 4836 invita-

334 4873 428 4952 bant..
483 4873 549 4938 situ
590 4879 765 4948 terrarum,
804 4875 1027 4942 similitudine
1058 4901 1188 4941 morum
1233 4877 1368 4943 Parthis
1394 4877 1562 4967 propiores

334 4979 553 5068 conubiisque
569 4982 727 5068 permixti
739 5006 776 5047 ac
798 4981 954 5048 libertate
969 4984 1085 5070 ignota
1096 4984 1180 5049 illud
1206 4986 1315 5072 magis
1331 4983 1374 5050 ad
1389 4986 1560 5051 servitiun
