3709 6234
784 876 933 928 ANNAEVS
954 876 1072 930 SENECA

328 1017 478 1082 oravisse
492 1025 537 1094 et,
554 1026 734 1105 postquam
764 1039 832 1081 non
858 1016 1119 1096 concedebatur,
1141 1018 1220 1084 licta
1247 1017 1456 1101 valetudine,
1472 1020 1569 1109 quasi

328 1148 428 1212 aeger
438 1125 568 1201 nervis,
583 1123 778 1189 cubiculum
791 1147 860 1189 non
874 1147 1043 1212 egressus.
1059 1124 1240 1192 Tradidere
1252 1125 1392 1215 quidam
1401 1149 1569 1193 venenum

327 1234 356 1296 ei
389 1255 449 1319 per
477 1231 637 1297 libertum
667 1232 786 1319 ipsius,
818 1232 872 1296 cui
905 1254 1029 1297 nomen
1062 1231 1255 1312 Cleonicus,
1287 1240 1444 1321 paratum
1476 1234 1570 1300 iussu

328 1339 473 1405 Neronis
500 1341 715 1427 vitatumque
734 1363 754 1403 a
768 1338 897 1404 Seneca
927 1339 1119 1427 proditione
1138 1339 1252 1406 liberti
1272 1363 1332 1406 seu
1348 1343 1486 1430 propria
1506 1342 1571 1408 lor·

329 1446 469 1526 midine,
490 1446 572 1511 dum
593 1469 653 1534 per
682 1446 872 1533 simplicem
906 1446 1077 1513 victum...
1101 1446 1207 1513 vitam
1224 1446 1360 1514 tolerat.
1376 1486 1419 1497 -
1444 1448 1497 1532 15,
1515 1448 1568 1515 56.

330 1554 470 1621 Prior...
501 1553 702 1642 (Antonius)
728 1553 900 1620 Natalis...
931 1553 973 1619 de
1007 1553 1079 1643 (C)
1109 1554 1233 1621 Pisone
1260 1555 1407 1644 primum
1432 1555 1569 1638 latetur,

329 1661 451 1727 deinde
479 1661 583 1726 adicit
599 1662 780 1726 Annaenm
814 1661 991 1738 Senecam,
1023 1661 1095 1728 aive
1116 1661 1346 1728 internuntius
1377 1663 1467 1730 inter
1494 1687 1571 1730 eum

330 1770 555 1858 Pisonemque
591 1767 666 1846 luit,
700 1768 772 1832 sive
798 1776 835 1833 ut
854 1768 999 1833 Neronis
1023 1768 1167 1857 gratiam
1182 1777 1328 1858 pararet,
1347 1770 1405 1860 qui
1416 1770 1572 1838 intensus

328 1876 475 1942 Senecae
487 1899 606 1941 omnes
620 1875 753 1940 adeum
769 1875 1028 1964 opprimendum
1039 1883 1128 1942 artes
1142 1877 1376 1966 conquirebat.
1393 1917 1438 1932 —
1453 1881 1504 1956 15,
1515 1880 1569 1949 60.

323 1984 491 2073 vSequitur
511 1982 631 2049 caedes
654 1981 787 2046 Annaei
815 1983 975 2063 Senecae,
1001 1983 1188 2049 laetissima
1219 1986 1378 2074 principi,
1409 2009 1478 2054 non
1493 1988 1571 2077 quia

329 2091 572 2156 coniurationis
601 2089 818 2154 manifestum
845 2097 1067 2177 compererat,
1098 2089 1158 2155 sed
1177 2098 1217 2158 ut
1236 2091 1324 2158 ferro
1344 2102 1571 2181 grassaretur,

330 2198 467 2288 quando
502 2220 673 2263 vencnum
699 2219 768 2261 non
802 2203 1027 2283 processerat.
1067 2196 1169 2263 Solus
1206 2200 1331 2288 quippe
1367 2200 1575 2288 (Antonius)

332 2307 462 2372 Natalis
490 2312 524 2371 et
556 2306 720 2370 hactenus
735 2304 903 2391 prompsit
932 2305 1074 2369 missum
1090 2328 1126 2370 se
1141 2305 1183 2370 ad
1203 2315 1379 2396 aegrotum
1393 2309 1569 2387 Senecam,

330 2414 519 2480 utiviscrct
552 2420 897 2500 conquerereturque,
930 2435 989 2476 cur
1019 2411 1176 2477 Pisonem
1202 2411 1297 2480 aditu
1330 2423 1575 2500 arceret...,et

331 2520 548 2609 respondisse
583 2523 746 2586 Senecam
787 2541 962 2584 sermones
991 2527 1169 2586 mutuos...
1217 2522 1328 2588 neutri
1364 2522 1570 2605 conducere;

331 2637 478 2695 ceterum
512 2628 657 2693 salutem
692 2650 788 2691 suam
816 2626 1049 2692 incolumitate
1080 2626 1214 2692 Pisonis
1243 2629 1354 2696 inniti.
1379 2629 1574 2700 Haeeserre

332 2736 462 2800 Gavius
478 2735 680 2801 Silvanus...
698 2742 743 2806 et.
761 2757 802 2797 an
821 2733 911 2798 dicta
938 2733 1070 2800 Natalis
1083 2757 1211 2823 suaque
1226 2759 1388 2825 responsa
1403 2747 1571 2818 nosceret,

333 2843 523 2933 percontari
550 2844 714 2908 Senecam
739 2840 884 2906 iubetur.
910 2880 952 2889 —
984 2841 1033 2922 15,
1070 2842 1126 2907 61.
1157 2840 1286 2908 Seneca
1310 2845 1454 2910 missum
1475 2845 1574 2912 adse

334 2950 490 3016 Natalem
510 2957 803 3038 conquestumque
820 2948 956 3013 nomine
973 2948 1148 3014 Pisonis...
1170 2972 1274 3038 seque
1297 2951 1464 3016 rationem
1485 2952 1575 3018 vale

334 3057 464 3125 tudinis
506 3066 540 3122 et
580 3079 729 3122 amorem
762 3055 888 3145 quictis
922 3056 1140 3121 excusavisse
1176 3055 1391 3146 respondit...
1414 3058 1485 3126 Nec
1510 3059 1574 3125 sibi

336 3173 529 3253 promptum
546 3165 580 3229 in
597 3163 809 3229 adulationes
836 3164 1023 3249 ingenium,
1053 3162 1155 3251 idque
1185 3162 1274 3229 nulli
1302 3166 1414 3254 magis
1428 3189 1575 3255 gnarum

336 3296 438 3362 quam
461 3271 599 3348 Neroni,
622 3271 679 3361 qui
705 3271 841 3357 saepius
870 3268 1061 3335 libertatem
1096 3271 1243 3336 Senecae
1269 3294 1372 3360 quam
1398 3275 1575 3340 servitium

336 3387 497 3468 expertus
510 3386 643 3445 esset...
662 3377 778 3466 (Nero)
802 3378 988 3464 interrogat
1009 3375 1224 3466 (tribunum),
1241 3401 1284 3444 an
1305 3380 1433 3448 Seneca
1456 3382 1577 3455 volun-

337 3488 458 3553 tariam
488 3493 632 3552 mortem
650 3492 824 3574 pararet...
860 3485 1056 3571 (Tribunus)
1087 3485 1312 3554 intromisit...
1340 3488 1384 3554 ad
1411 3491 1576 3557 Senecam

337 3619 443 3661 uuum
458 3618 501 3660 ex
520 3593 788 3667 centurionibus,
816 3593 874 3681 qui
897 3593 1136 3657 necessitatem
1157 3593 1313 3659 ultimam
1344 3595 1574 3667 denuntiaret.

337 3702 450 3782 -15,
478 3700 532 3768 63.
563 3703 649 3767 'l'um
683 3700 810 3766 Seneca
844 3700 971 3785 gloriae
1001 3699 1144 3789 (uxoris)
1175 3723 1243 3765 non
1270 3701 1448 3786 adversus,
1474 3705 1577 3772 simul

337 3812 470 3890 timore,
487 3833 528 3874 ne
545 3809 609 3873 sibi
624 3809 722 3874 unice
747 3807 906 3872 dilectam
931 3806 975 3872 ad
1003 3807 1143 3871 iniurias
1172 3808 1407 3897 relinqueret:
1431 3839 1447 3872 κ
1465 3812 1575 3894 Vitae,

337 3918 456 4005 inquit,
480 3914 709 3980 delenimenta
735 3919 1002 3978 monstraveram
1020 3913 1123 3980 tibi...
1145 3937 1161 3976 u
1187 3914 1316 3980 Eodem
1345 3918 1414 3984 ictu
1440 3918 1577 3986 brachia

339 4025 426 4089 lerro
455 4021 650 4088 exsolvunt.
685 4022 824 4092 Seneca.
853 4021 1015 4109 quoniam
1042 4020 1148 4086 senile
1163 4044 1286 4110 corpus
1305 4032 1339 4090 et
1353 4048 1454 4113 parco
1481 4027 1579 4094 victu

339 4139 515 4198 tenuatum
546 4129 638 4195 lenta
666 4129 790 4215 cllugia
823 4127 980 4213 sanguini
1009 4127 1203 4215 praebebat,
1221 4153 1357 4198 crurum
1384 4156 1519 4223 quoque
1545 4143 1580 4202 et

339 4239 505 4329 poplitum
525 4260 630 4302 venas
646 4234 817 4323 abrumpit
838 4286 858 4302 ..
876 4275 919 4283 -
941 4233 990 4317 15.
1016 4234 1069 4312 64.
1101 4234 1229 4301 Seneca
1258 4237 1406 4322 interim,
1434 4238 1580 4310 durante

341 4357 451 4414 tractu
466 4354 499 4412 ct
523 4344 727 4411 lentitudine
745 4344 877 4418 mortis,
895 4341 1043 4406 Statium
1067 4343 1289 4411 Annaeum...
1316 4353 1390 4412 orat
1404 4349 1580 4435 provisum

341 4455 471 4546 pridem
510 4476 721 4519 venenum...
756 4457 936 4539 promeret,
976 4448 1194 4537 adlatumque
1221 4450 1335 4519 hausit
1368 4452 1505 4524 frustra.
1536 4494 1581 4507 -

347 4563 396 4644 15,
413 4561 468 4627 65.
490 4562 594 4627 Fama
622 4561 685 4626 luit
703 4557 864 4624 Subrium
910 4556 1112 4637 l⁴'lavum...‚
1140 4557 1275 4624 occulto
1296 4559 1450 4639 consilio,
1471 4585 1581 4654 neque

342 4679 455 4737 tamen
484 4670 661 4756 ignorante
690 4671 830 4748 Seneca,
862 4664 1100 4746 destinavisse,
1135 4672 1173 4729 ut
1202 4673 1279 4753 post
1315 4665 1464 4733 occisum
1479 4693 1582 4760 opera

343 4778 478 4843 Pisonis
493 4775 662 4841 Neronem
680 4776 759 4841 Piso
773 4796 907 4863 quoque
939 4772 1183 4838 interficeretur
1203 4773 1459 4864 tradereturque
1472 4777 1582 4868 impe-

342 4887 428 4951 rium
443 4887 603 4964 Senecae,
617 4884 715 4971 quasi
730 4880 923 4947 insontibus
939 4879 1140 4945 claritudine
1165 4881 1330 4948 virtutum
1350 4881 1394 4948 ad
1409 4906 1582 4952 summum

341 4993 515 5077 fastigium
546 4989 691 5057 delecto,
723 5029 766 5038 —
805 4989 855 5066 15,
881 4989 936 5076 67.
969 4986 1046 5075 Ipsa
1060 4986 1176 5053 rettuli
1189 4987 1292 5055 verba
1307 4989 1437 5074 (Subrii
1454 4991 1579 5084 Flavi),
