3709 6234
736 871 906 923 nvaetrn's
927 872 1069 925 etltfrvs
1489 872 1541 926 597

309 1019 420 1074 motus
445 1010 497 1074 bis
522 1011 610 1077 Nero
635 1014 807 1100 componit
837 1014 878 1077 ad
908 1014 1067 1080 l'lautum
1092 1014 1279 1092 litteras...,
1304 1039 1378 1082 esse
1406 1017 1456 1081 illi
1483 1041 1542 1104 per

309 1118 426 1181 Asiam
448 1120 556 1184 avitos
573 1145 684 1204 agros,
702 1121 875 1210 inquibus
892 1131 1002 1187 tutaet
1026 1123 1196 1188 inturbida
1208 1124 1345 1188 iuventa
1361 1124 1538 1192 frueretur.

310 1225 358 1289 lta
373 1225 453 1291 illuc
467 1250 543 1292 cum
557 1229 700 1315 coniuge
715 1229 864 1294 Antistia
881 1239 914 1295 et
930 1232 1046 1319 paucis
1065 1230 1281 1296 familiarium
1302 1231 1482 1298 concessit.
1499 1271 1542 1282 —

314 1336 363 1409 14,
395 1336 447 1417 117.
482 1335 710 1421 'l'igellinus...
739 1345 954 1424 comperto...
994 1337 1149 1402 Plautum
1176 1346 1210 1403 et
1235 1338 1366 1404 Sullam
1397 1340 1541 1405 maxime

309 1441 418 1506 timeri
436 1444 467 1528 (0
484 1442 643 1531 Nerone),
663 1443 819 1511 l'lnutum
842 1445 876 1509 in
898 1446 1028 1512 Asiam.
1048 1444 1178 1511 Sullam
1198 1446 1232 1510 in
1253 1446 1398 1510 Galliam
1413 1447 1542 1512 Narbo·

308 1571 446 1614 nensem
472 1574 578 1638 nuper
606 1559 749 1621 amotos.
777 1552 987 1620 nobilitatem
1022 1576 1137 1618 eorum
1166 1561 1200 1618 ct
1229 1554 1436 1642 propinquos
1466 1556 1542 1620 huic

308 1656 470 1732 Orientis
511 1659 560 1723 illi
600 1661 801 1724 Germaniae
846 1662 1015 1725 exereitus
1053 1668 1337 1727 commemorat...
1381 1661 1540 1727 Plautum

308 1766 439 1850 magnis
461 1766 583 1853 opibus
612 1792 653 1832 nc
679 1770 804 1854 lingere
829 1769 965 1857 quidem
991 1769 1183 1857 cupidinem
1208 1769 1280 1838 otii.
1306 1768 1365 1832 sed
1389 1777 1541 1833 veterum

308 1872 537 1938 llomanorum
569 1875 777 1942 imitamenta
805 1875 983 1964 praularia,
1011 1876 1196 1963 adsumpta
1218 1876 1319 1940 etiam
1351 1876 1541 1941 Stoicorum

306 1980 505 2067 adrogantia
527 1991 725 2070 sectaque...
761 2021 803 2033 —
847 1988 896 2062 14,
930 1988 981 2050 58.
1017 1983 1158 2048 l'lauto¹
1189 1983 1299 2071 parari
1327 2006 1443 2048 necem
1474 2006 1541 2048 non

304 2089 444 2175 perinde
470 2090 640 2155 occultum
671 2091 745 2164 luit,
782 2092 860 2179 quia
897 2091 1052 2178 pluribus
1091 2090 1184 2156 salus
1208 2092 1279 2154 eius
1304 2091 1484 2157 curabatur
1507 2099 1542 2156 ct

306 2198 453 2283 spatium
478 2199 649 2264 itineris..
676 2208 828 2263 moverat
852 2199 992 2274 larnan1;
1013 2199 1182 2287 vulgoque
1209 2199 1382 2281 lingebant
1403 2252 1423 2265 ..
1446 2198 1540 2264 Vana

306 2304 385 2369 baec
410 2330 501 2370 more
523 2306 671 2373 lamae...
695 2308 850 2371 Ceterum
872 2306 1014 2372 libertus
1041 2307 1151 2372 Plauti
1171 2306 1343 2371 celeritate
1362 2313 1539 2371 ventorum

305 2415 477 2499 praeuenit
508 2415 737 2479 centurionem
768 2422 801 2479 et
835 2414 993 2479 mandata
1020 2414 1058 2479 1,.
1085 2414 1225 2479 Antistii
1252 2414 1358 2477 soceri
1382 2413 1504 2479 adtulit
1530 2436 1537 2481 :

305 2520 465 2605 ell‘ugcret
494 2545 632 2606 segnem
666 2530 850 2587 mortem...
884 2560 923 2572 -
961 2525 1009 2599 rt,
1040 2522 1094 2610 59.
1125 2521 1191 2586 Sed
1222 2521 1379 2585 Plautum
1407 2544 1446 2585 ea
1473 2544 1539 2585 non

305 2650 450 2702 morere,
473 2629 544 2692 sire
570 2628 698 2693 nullam
722 2652 819 2716 opem
844 2628 1043 2716 providebat
1068 2628 1205 2692 inermis
1237 2635 1337 2715 atquc
1364 2627 1455 2701 exul,
1480 2652 1540 2693 scu

305 2735 415 2798 taedio
439 2735 615 2818 ambiguae
636 2735 720 2822 spei.
743 2759 784 2800 00
806 2759 918 2800 0111010
941 2736 1094 2821 coniugis
1114 2745 1147 2800 et
1173 2734 1396 2800 liberorum...
1420 2727 1538 2821 (Nero)

303 2841 343 2905 ad
366 2852 521 2907 senatum
549 2842 678 2907 litteras
701 2844 793 2908 misit
817 2843 858 2906 de
882 2843 983 2908 caede
1003 2842 1115 2908 Sullae
1141 2841 1318 2930 Plautique
1344 2840 1433 2906 haud
1458 2865 1539 2906 con-

304 2948 424 3026 fessus,
443 2974 558 3015 verum
580 2951 753 3038 utriusque
776 2949 948 3015 turbidum
972 2950 1144 3036 ingenium
1167 2973 1240 3014 esse
1268 2957 1301 3013 et
1321 2948 1386 3013 sibi
1409 2948 1539 3014 incolu-

304 3058 453 3122 mitatem
480 3059 525 3123 rei
551 3058 704 3144 publicae
736 3081 855 3144 magna
883 3081 963 3122 cura
993 3057 1118 3121 lrabcri.
1147 3057 1306 3121 lleoretac
1335 3080 1374 3120 eo
1403 3057 1538 3120 nominc

302 3164 576 3252 supplicationes.
595 3174 697 3252 utque
714 3165 805 3230 Sulla
822 3174 862 3250 et,
872 3165 1014 3229 Plautus
1029 3172 1147 3229 senatu
1164 3173 1403 3228 morerentur..
1415 3215 1420 3229 .
1431 3201 1468 3214 -
1486 3165 1536 3244 rt,

303 3271 356 3335 60.
381 3272 576 3338 11010101...
600 3275 707 3360 primo
734 3274 765 3359 (a
796 3272 926 3338 Nerone
952 3271 1105 3358 Octavia)
1129 3270 1238 3336 civilis
1265 3270 1397 3335 discidii
1427 3272 1537 3357 specie

303 3378 506 3468 domumque
525 3381 633 3454 llurri,
647 3379 782 3467 praedia
802 3379 925 3451 l’luuti,
944 3379 1091 3464 inlausta
1106 3379 1206 3457 dona,
1219 3378 1352 3465 accipit.
1366 3417 1408 3426 -
1426 3379 1534 3448 1610.

304 3487 340 3552 l..
362 3488 562 3572 rudntistius)
586 3488 689 3552 l'ctus
710 3510 892 3574 socrusque
908 3487 980 3551 eius
996 3487 1110 3552 Sextia
1125 3494 1157 3550 et
1175 3484 1312 3550 Pollitta
1335 3484 1400 3549 lilia
1421 3508 1536 3550 necem

302 3594 446 3666 subiere.
457 3595 556 3658 inuisi
565 3595 718 3681 principi,
731 3602 901 3682 tamquam
914 3594 1060 3659 virendo
1071 3592 1313 3680 exprobrarent
1324 3592 1536 3658 intersectum

303 3725 376 3766 esse
408 3702 600 3766 ltubcllium
635 3702 805 3772 l'lautum.
839 3724 1000 3786 generum
1036 3702 1073 3766 1,.
1109 3701 1281 3765 Veteris...
1318 3698 1446 3764 ,1110101
1481 3699 1533 3784 (L.

302 3810 428 3882 Veteri}
448 3809 514 3872 lilia
532 3833 632 3896 snper
647 3811 809 3895 ingruens
829 3809 1015 3896 perieulum
1034 3807 1136 3894 longo
1155 3807 1271 3872 dolore
1286 3814 1394 3882 atrox,
1413 3831 1454 3870 cx
1469 3830 1536 3896 quo

302 3940 517 4004 percussores
535 3917 646 3981 l'lauti
665 3917 775 3981 niariti
791 3918 843 3980 sui
859 3916 998 3981 uiderat.
1009 3967 1030 3982 ..
1044 3954 1085 3962 -
1104 3916 1153 3986 111,
1173 3914 1225 3980 all.
1241 3915 1379 4000 (llareae
1393 3914 1535 4002 Sorano)

302 4024 765 4088 01111111111101101111·0111101110
790 4024 899 4088 l’lauti
926 4031 960 4088 et
987 4022 1125 4088 0111111110
1147 4021 1376 4086 conciliandae
1401 4023 1536 4108 prouin-

302 4132 371 4196 ciae
392 4133 521 4216 (nsua.
540 4156 640 4219 11110111
658 4130 871 4218 proconsule
892 4131 1097 4215 obtimrerat)
1132 4130 1174 4192 ad
1194 4153 1270 4217 spes
1291 4153 1404 4195 novas.
1420 4168 1461 4177 —
1482 4128 1534 4203 16,

303 4239 356 4304 30.
377 4242 488 4326 ,111100
506 4240 639 4302 interim
662 4238 817 4303 Ostorius
833 4237 989 4310 Sabinus,
1007 4237 1125 4301 Sorani
1145 4245 1330 4316 accusator,
1348 4236 1537 4322 ingreditur

302 4347 498 4434 01111111111111.Ι
521 4347 728 4410 deamicitia
754 4345 900 4410 llubellii
926 4345 1048 4410 Plauti.
1071 4384 1113 4393 —
1137 4344 1189 4420 111,
1211 4344 1264 4409 32.
1288 4344 1436 4409 Soranus
1460 4369 1536 4431 pro·

302 4454 426 4518 clamat
451 4479 515 4517 non
539 4454 655 4534 (liliam
680 4456 789 4536 suam)
814 4455 847 4517 in
872 4453 1078 4540 provinciam
1104 4476 1219 4524 seeum
1243 4451 1441 4539 prolectam,
1468 4476 1534 4517 nou

305 4562 448 4625 l'lautol
469 4585 527 4648 per
547 4570 691 4625 aetatem
715 4562 807 4624 nosci
827 4563 1017 4647 potuisse...
1033 4598 1076 4608 —
1091 4558 1116 4632 1,
1136 4562 1185 4635 ud.
1204 4558 1353 4624 Galba...
1378 4559 1534 4624 Pisonem

304 4670 513 4733 Licinianum
532 4670 684 4734 arcessiri
709 4669 813 4742 iubet,
830 4691 888 4732 seu
905 4668 1038 4756 propria
1055 4666 1230 4742 electione,
1246 4667 1328 4740 sire,
1346 4675 1383 4730 ut
1398 4667 1536 4756 quidam

289 4916 295 4947 ¹
314 4912 357 4964 ld:
375 4918 490 4978 plautio.

289 4995 300 5028 '·'
315 4993 358 5045 ld:
374 4998 489 5059 plautio.
