<?xml version="1.0" encoding="UTF-8"?>
<!DOCTYPE html PUBLIC "-//W3C//DTD XHTML 1.0 Transitional//EN"
    "http://www.w3.org/TR/xhtml1/DTD/xhtml1-transitional.dtd">
<html xmlns="http://www.w3.org/1999/xhtml" xml:lang="en" lang="en">
 <head>
  <title>
</title>
<meta http-equiv="Content-Type" content="text/html;charset=utf-8" />
  <meta name='ocr-system' content='tesseract 3.04.00' />
  <meta name='ocr-capabilities' content='ocr_page ocr_carea ocr_par ocr_line ocrx_word'/>
</head>
<body>
  <div class='ocr_page' id='page_1' title='image "./onomasticontaci00fabigoog_0523.png"; bbox 0 0 3709 6234; ppageno 0'>
   <div class='ocr_carea' id='block_1_1' title="bbox 813 851 1531 910">
    <p class='ocr_par' dir='ltr' id='par_1_1' title="bbox 813 851 1531 910">
     <span class='ocr_line' id='line_1_1' title="bbox 813 851 1531 910; baseline -0.007 -1"><span class='ocrx_word' id='word_1_1' title='bbox 813 855 981 910; x_wconf 72' lang='lat' dir='ltr'>Pannonia</span> <span class='ocrx_word' id='word_1_2' title='bbox 1478 851 1531 906; x_wconf 74' lang='lat'>545</span> 
     </span>
    </p>
   </div>
   <div class='ocr_carea' id='block_1_2' title="bbox 243 994 1654 4513">
    <p class='ocr_par' dir='ltr' id='par_1_2' title="bbox 249 994 1654 1185">
     <span class='ocr_line' id='line_1_2' title="bbox 249 994 1532 1081; baseline 0 -21"><span class='ocrx_word' id='word_1_3' title='bbox 249 997 306 1081; x_wconf 90' lang='lat' dir='ltr'>(P.</span> <span class='ocrx_word' id='word_1_4' title='bbox 324 995 618 1080; x_wconf 83' lang='lat' dir='ltr'>PALPELLlVS)</span> <span class='ocrx_word' id='word_1_5' title='bbox 642 994 836 1061; x_wconf 80' lang='lat' dir='ltr'>CLODIVS</span> <span class='ocrx_word' id='word_1_6' title='bbox 858 995 1137 1076; x_wconf 75' lang='lat' dir='ltr'>QVlRlNALlS,</span> <span class='ocrx_word' id='word_1_7' title='bbox 1162 1019 1195 1063; x_wconf 89' lang='lat' dir='ltr'>v.</span> <span class='ocrx_word' id='word_1_8' title='bbox 1222 994 1417 1062; x_wconf 79' lang='lat' dir='ltr'>CLODIVS</span> <span class='ocrx_word' id='word_1_9' title='bbox 1439 995 1532 1075; x_wconf 87' lang='lat' dir='ltr'><strong>QVI·</strong></span> 
     </span>
     <span class='ocr_line' id='line_1_3' title="bbox 298 1102 1654 1185; baseline -0.001 -17"><span class='ocrx_word' id='word_1_10' title='bbox 298 1102 494 1169; x_wconf 74' lang='lat' dir='ltr'>lthALIS.</span> <span class='ocrx_word' id='word_1_11' title='bbox 1650 1176 1654 1185; x_wconf 47' lang='lat'>,</span> 
     </span>
    </p>

    <p class='ocr_par' dir='ltr' id='par_1_3' title="bbox 251 1210 1533 1513">
     <span class='ocr_line' id='line_1_4' title="bbox 251 1210 1533 1300; baseline -0.001 -25"><span class='ocrx_word' id='word_1_12' title='bbox 251 1210 508 1276; x_wconf 81' lang='lat' dir='ltr'>PALPELLlV</span> <span class='ocrx_word' id='word_1_13' title='bbox 512 1210 535 1275; x_wconf 87' lang='lat' dir='ltr'>S</span> <span class='ocrx_word' id='word_1_14' title='bbox 550 1210 743 1276; x_wconf 85' lang='lat' dir='ltr'>HlSTER&#39;.</span> <span class='ocrx_word' id='word_1_15' title='bbox 756 1247 799 1260; x_wconf 95' lang='lat'>—</span> <span class='ocrx_word' id='word_1_16' title='bbox 813 1235 862 1290; x_wconf 83' lang='lat' dir='ltr'>ra,</span> <span class='ocrx_word' id='word_1_17' title='bbox 875 1235 930 1300; x_wconf 83' lang='lat'>29.</span> <span class='ocrx_word' id='word_1_18' title='bbox 942 1210 1147 1278; x_wconf 73' lang='lat' dir='ltr'>Claudius..</span> <span class='ocrx_word' id='word_1_19' title='bbox 1159 1211 1336 1299; x_wconf 74' lang='lat' dir='ltr'><strong>scripsit...</strong></span> <span class='ocrx_word' id='word_1_20' title='bbox 1350 1210 1533 1299; x_wconf 72' lang='lat' dir='ltr'>Palpelli0⁹</span> 
     </span>
     <span class='ocr_line' id='line_1_5' title="bbox 299 1317 1533 1407; baseline 0 -25"><span class='ocrx_word' id='word_1_21' title='bbox 299 1319 427 1396; x_wconf 91' lang='lat' dir='ltr'>llistro,</span> <span class='ocrx_word' id='word_1_22' title='bbox 449 1319 507 1407; x_wconf 91' lang='lat' dir='ltr'>qui</span> <span class='ocrx_word' id='word_1_23' title='bbox 535 1318 746 1384; x_wconf 84' lang='lat' dir='ltr'>Pannoniam</span> <span class='ocrx_word' id='word_1_24' title='bbox 773 1317 1000 1405; x_wconf 73' lang='lat' dir='ltr'>praesidebat,</span> <span class='ocrx_word' id='word_1_25' title='bbox 1017 1318 1184 1405; x_wconf 83' lang='lat' dir='ltr'>legionem</span> <span class='ocrx_word' id='word_1_26' title='bbox 1206 1318 1345 1407; x_wconf 91' lang='lat' dir='ltr'>ipsaque</span> <span class='ocrx_word' id='word_1_27' title='bbox 1365 1318 1533 1406; x_wconf 86' lang='lat' dir='ltr'>eprovin-</span> 
     </span>
     <span class='ocr_line' id='line_1_6' title="bbox 297 1414 1033 1513; baseline 0.003 -23"><span class='ocrx_word' id='word_1_28' title='bbox 297 1426 347 1490; x_wconf 91' lang='lat' dir='ltr'>cia</span> <span class='ocrx_word' id='word_1_29' title='bbox 365 1425 453 1490; x_wconf 91' lang='lat' dir='ltr'>lecta</span> <span class='ocrx_word' id='word_1_30' title='bbox 473 1425 597 1489; x_wconf 84' lang='lat' dir='ltr'>auxilia</span> <span class='ocrx_word' id='word_1_31' title='bbox 618 1414 684 1513; x_wconf 50' lang='lat' dir='ltr'>pro&#39;</span> <span class='ocrx_word' id='word_1_32' title='bbox 699 1425 770 1513; x_wconf 83' lang='lat' dir='ltr'>ripa</span> <span class='ocrx_word' id='word_1_33' title='bbox 790 1448 992 1513; x_wconf 90' lang='lat' dir='ltr'>componere</span> <span class='ocrx_word' id='word_1_34' title='bbox 1012 1477 1033 1492; x_wconf 94' lang='lat'>..</span> 
     </span>
    </p>

    <p class='ocr_par' dir='ltr' id='par_1_4' title="bbox 253 1531 1534 2371">
     <span class='ocr_line' id='line_1_7' title="bbox 253 1531 1532 1614; baseline 0 -18"><span class='ocrx_word' id='word_1_35' title='bbox 253 1531 508 1596; x_wconf 77' lang='lat' dir='ltr'>PAMMENES</span> <span class='ocrx_word' id='word_1_36' title='bbox 517 1533 541 1598; x_wconf 76' lang='lat'>³.</span> <span class='ocrx_word' id='word_1_37' title='bbox 554 1571 598 1582; x_wconf 91' lang='lat'>-</span> <span class='ocrx_word' id='word_1_38' title='bbox 613 1531 662 1612; x_wconf 79' lang='lat'>16,</span> <span class='ocrx_word' id='word_1_39' title='bbox 684 1535 733 1609; x_wconf 74' lang='lat' dir='ltr'>rt.</span> <span class='ocrx_word' id='word_1_40' title='bbox 751 1532 923 1597; x_wconf 75' lang='lat' dir='ltr'>Antistius</span> <span class='ocrx_word' id='word_1_41' title='bbox 940 1532 1145 1599; x_wconf 88' lang='lat' dir='ltr'>Sosianus...</span> <span class='ocrx_word' id='word_1_42' title='bbox 1161 1532 1274 1614; x_wconf 86' lang='lat' dir='ltr'>exilio,</span> <span class='ocrx_word' id='word_1_43' title='bbox 1290 1541 1329 1598; x_wconf 92' lang='lat' dir='ltr'>ut</span> <span class='ocrx_word' id='word_1_44' title='bbox 1342 1532 1426 1612; x_wconf 84' lang='lat' dir='ltr'>dixi,</span> <span class='ocrx_word' id='word_1_45' title='bbox 1445 1531 1532 1597; x_wconf 91' lang='lat' dir='ltr'>mul-</span> 
     </span>
     <span class='ocr_line' id='line_1_8' title="bbox 299 1639 1533 1714; baseline 0.001 -11"><span class='ocrx_word' id='word_1_46' title='bbox 299 1648 428 1707; x_wconf 74' lang='lat' dir='ltr'>tatus..</span> <span class='ocrx_word' id='word_1_47' title='bbox 459 1641 688 1714; x_wconf 76' lang='lat' dir='ltr'>Pammenem,</span> <span class='ocrx_word' id='word_1_48' title='bbox 716 1639 866 1704; x_wconf 92' lang='lat' dir='ltr'>eiusdem</span> <span class='ocrx_word' id='word_1_49' title='bbox 887 1639 953 1704; x_wconf 91' lang='lat' dir='ltr'>loci</span> <span class='ocrx_word' id='word_1_50' title='bbox 973 1639 1108 1705; x_wconf 85' lang='lat' dir='ltr'>exulem</span> <span class='ocrx_word' id='word_1_51' title='bbox 1132 1649 1166 1706; x_wconf 87' lang='lat' dir='ltr'>et</span> <span class='ocrx_word' id='word_1_52' title='bbox 1190 1639 1438 1706; x_wconf 80' lang='lat' dir='ltr'>Chaldaeorum</span> <span class='ocrx_word' id='word_1_53' title='bbox 1462 1648 1533 1706; x_wconf 87' lang='lat' dir='ltr'>arte</span> 
     </span>
     <span class='ocr_line' id='line_1_9' title="bbox 297 1729 1528 1834; baseline -0.001 -23"><span class='ocrx_word' id='word_1_54' title='bbox 297 1748 463 1811; x_wconf 86' lang='lat' dir='ltr'>laniosum</span> <span class='ocrx_word' id='word_1_55' title='bbox 492 1771 598 1834; x_wconf 82' lang='lat' dir='ltr'>eoque</span> <span class='ocrx_word' id='word_1_56' title='bbox 625 1746 809 1812; x_wconf 88' lang='lat' dir='ltr'>multorum</span> <span class='ocrx_word' id='word_1_57' title='bbox 834 1748 991 1812; x_wconf 80' lang='lat' dir='ltr'>amicitiis</span> <span class='ocrx_word' id='word_1_58' title='bbox 1016 1729 1190 1827; x_wconf 88' lang='lat' dir='ltr'>innexum,</span> <span class='ocrx_word' id='word_1_59' title='bbox 1218 1746 1440 1812; x_wconf 89' lang='lat' dir='ltr'>similitudine</span> <span class='ocrx_word' id='word_1_60' title='bbox 1467 1746 1528 1811; x_wconf 90' lang='lat' dir='ltr'>lor·</span> 
     </span>
     <span class='ocr_line' id='line_1_10' title="bbox 299 1853 1534 1920; baseline 0.001 -2"><span class='ocrx_word' id='word_1_61' title='bbox 299 1863 399 1919; x_wconf 89' lang='lat' dir='ltr'>tunae</span> <span class='ocrx_word' id='word_1_62' title='bbox 420 1854 485 1918; x_wconf 87' lang='lat' dir='ltr'>sibi</span> <span class='ocrx_word' id='word_1_63' title='bbox 505 1854 674 1919; x_wconf 90' lang='lat' dir='ltr'>conciliat.</span> <span class='ocrx_word' id='word_1_64' title='bbox 699 1853 872 1920; x_wconf 64' lang='lat' dir='ltr'>l&#39;entitare</span> <span class='ocrx_word' id='word_1_65' title='bbox 892 1854 936 1919; x_wconf 91' lang='lat' dir='ltr'>ad</span> <span class='ocrx_word' id='word_1_66' title='bbox 955 1878 1032 1920; x_wconf 92' lang='lat' dir='ltr'>eum</span> <span class='ocrx_word' id='word_1_67' title='bbox 1057 1855 1195 1920; x_wconf 92' lang='lat' dir='ltr'>nuntios</span> <span class='ocrx_word' id='word_1_68' title='bbox 1216 1864 1249 1920; x_wconf 90' lang='lat' dir='ltr'>et</span> <span class='ocrx_word' id='word_1_69' title='bbox 1268 1853 1534 1920; x_wconf 85' lang='lat' dir='ltr'>consultationes</span> 
     </span>
     <span class='ocr_line' id='line_1_11' title="bbox 297 1961 1533 2050; baseline 0 -24"><span class='ocrx_word' id='word_1_70' title='bbox 297 1985 364 2026; x_wconf 92' lang='lat' dir='ltr'>non</span> <span class='ocrx_word' id='word_1_71' title='bbox 381 1963 504 2026; x_wconf 83' lang='lat' dir='ltr'>trustra</span> <span class='ocrx_word' id='word_1_72' title='bbox 523 1969 627 2040; x_wconf 87' lang='lat' dir='ltr'>ratus,</span> <span class='ocrx_word' id='word_1_73' title='bbox 646 1961 745 2025; x_wconf 90' lang='lat' dir='ltr'>simul</span> <span class='ocrx_word' id='word_1_74' title='bbox 763 1985 910 2026; x_wconf 86' lang='lat' dir='ltr'>annuam</span> <span class='ocrx_word' id='word_1_75' title='bbox 926 1962 1103 2050; x_wconf 89' lang='lat' dir='ltr'>pecuniam</span> <span class='ocrx_word' id='word_1_76' title='bbox 1119 1986 1138 2028; x_wconf 88' lang='lat' dir='ltr'>a</span> <span class='ocrx_word' id='word_1_77' title='bbox 1154 1963 1192 2028; x_wconf 90' lang='lat' dir='ltr'>P.</span> <span class='ocrx_word' id='word_1_78' title='bbox 1210 1963 1334 2028; x_wconf 80' lang='lat' dir='ltr'>Anteio</span> <span class='ocrx_word' id='word_1_79' title='bbox 1350 1962 1533 2027; x_wconf 91' lang='lat' dir='ltr'>ministrari</span> 
     </span>
     <span class='ocr_line' id='line_1_12' title="bbox 297 2067 1534 2155; baseline -0.001 -22"><span class='ocrx_word' id='word_1_80' title='bbox 297 2069 509 2154; x_wconf 82' lang='lat' dir='ltr'>cognoscit...</span> <span class='ocrx_word' id='word_1_81' title='bbox 534 2067 641 2154; x_wconf 89' lang='lat' dir='ltr'>lgitur</span> <span class='ocrx_word' id='word_1_82' title='bbox 661 2069 857 2155; x_wconf 84' lang='lat' dir='ltr'>interceptis</span> <span class='ocrx_word' id='word_1_83' title='bbox 877 2069 993 2134; x_wconf 83' lang='lat' dir='ltr'>Anteii</span> <span class='ocrx_word' id='word_1_84' title='bbox 1013 2069 1146 2145; x_wconf 89' lang='lat' dir='ltr'>litteris,</span> <span class='ocrx_word' id='word_1_85' title='bbox 1165 2069 1294 2135; x_wconf 81' lang='lat' dir='ltr'>furatus</span> <span class='ocrx_word' id='word_1_86' title='bbox 1313 2070 1415 2135; x_wconf 87' lang='lat' dir='ltr'>etiam</span> <span class='ocrx_word' id='word_1_87' title='bbox 1433 2068 1534 2133; x_wconf 85' lang='lat' dir='ltr'>libel·</span> 
     </span>
     <span class='ocr_line' id='line_1_13' title="bbox 298 2174 1532 2262; baseline 0 -23"><span class='ocrx_word' id='word_1_88' title='bbox 298 2176 361 2250; x_wconf 91' lang='lat' dir='ltr'>los,</span> <span class='ocrx_word' id='word_1_89' title='bbox 390 2175 514 2262; x_wconf 86' lang='lat' dir='ltr'>quibus</span> <span class='ocrx_word' id='word_1_90' title='bbox 537 2174 609 2239; x_wconf 85' lang='lat' dir='ltr'>dies</span> <span class='ocrx_word' id='word_1_91' title='bbox 636 2174 794 2261; x_wconf 88' lang='lat' dir='ltr'>genitalis</span> <span class='ocrx_word' id='word_1_92' title='bbox 821 2176 893 2240; x_wconf 89' lang='lat' dir='ltr'>eius</span> <span class='ocrx_word' id='word_1_93' title='bbox 921 2183 954 2240; x_wconf 90' lang='lat' dir='ltr'>et</span> <span class='ocrx_word' id='word_1_94' title='bbox 983 2184 1145 2240; x_wconf 88' lang='lat' dir='ltr'>eventura</span> <span class='ocrx_word' id='word_1_95' title='bbox 1175 2177 1312 2242; x_wconf 88' lang='lat' dir='ltr'>secretis</span> <span class='ocrx_word' id='word_1_96' title='bbox 1340 2177 1532 2241; x_wconf 88' lang='lat' dir='ltr'>Pammenis</span> 
     </span>
     <span class='ocr_line' id='line_1_14' title="bbox 297 2282 1059 2371; baseline 0.003 -24"><span class='ocrx_word' id='word_1_97' title='bbox 297 2282 610 2359; x_wconf 87' lang='lat' dir='ltr'>occultabantur...,</span> <span class='ocrx_word' id='word_1_98' title='bbox 632 2282 750 2347; x_wconf 84' lang='lat' dir='ltr'>scribit</span> <span class='ocrx_word' id='word_1_99' title='bbox 769 2282 811 2347; x_wconf 94' lang='lat' dir='ltr'>ad</span> <span class='ocrx_word' id='word_1_100' title='bbox 832 2283 1059 2371; x_wconf 86' lang='lat' dir='ltr'>principem...</span> 
     </span>
    </p>

    <p class='ocr_par' dir='ltr' id='par_1_5' title="bbox 254 2389 1533 2692">
     <span class='ocr_line' id='line_1_15' title="bbox 254 2389 1530 2478; baseline 0.002 -23"><span class='ocrx_word' id='word_1_101' title='bbox 254 2389 540 2455; x_wconf 70' lang='lat' dir='ltr'>Paurlli&#39;tla.</span> <span class='ocrx_word' id='word_1_102' title='bbox 558 2429 598 2440; x_wconf 92' lang='lat'><em>-</em></span> <span class='ocrx_word' id='word_1_103' title='bbox 614 2415 644 2459; x_wconf 79' lang='lat' dir='ltr'>a.</span> <span class='ocrx_word' id='word_1_104' title='bbox 667 2414 720 2478; x_wconf 85' lang='lat'>79.</span> <span class='ocrx_word' id='word_1_105' title='bbox 738 2394 841 2454; x_wconf 86' lang='lat' dir='ltr'>tlram</span> <span class='ocrx_word' id='word_1_106' title='bbox 858 2390 979 2476; x_wconf 74' lang='lat' dir='ltr'>Lyciae</span> <span class='ocrx_word' id='word_1_107' title='bbox 996 2413 1033 2455; x_wconf 90' lang='lat' dir='ltr'>ac</span> <span class='ocrx_word' id='word_1_108' title='bbox 1053 2389 1272 2478; x_wconf 71' lang='lat' dir='ltr'>Pamphyliae</span> <span class='ocrx_word' id='word_1_109' title='bbox 1286 2391 1530 2478; x_wconf 84' lang='lat' dir='ltr'>praelegentes.</span> 
     </span>
     <span class='ocr_line' id='line_1_16' title="bbox 297 2488 1533 2585; baseline 0 -23"><span class='ocrx_word' id='word_1_110' title='bbox 297 2497 394 2578; x_wconf 93' lang='lat' dir='ltr'>-ll,</span> <span class='ocrx_word' id='word_1_111' title='bbox 407 2523 439 2584; x_wconf 77' lang='lat'>9.</span> <span class='ocrx_word' id='word_1_112' title='bbox 453 2488 622 2562; x_wconf 85' lang='lat' dir='ltr'>Galatiam</span> <span class='ocrx_word' id='word_1_113' title='bbox 638 2520 676 2561; x_wconf 87' lang='lat' dir='ltr'>ac</span> <span class='ocrx_word' id='word_1_114' title='bbox 694 2495 930 2585; x_wconf 66' lang='lat' dir='ltr'>Pamphyliam</span> <span class='ocrx_word' id='word_1_115' title='bbox 946 2497 1135 2585; x_wconf 89' lang='lat' dir='ltr'>provincias</span> <span class='ocrx_word' id='word_1_116' title='bbox 1151 2496 1335 2585; x_wconf 88' lang='lat' dir='ltr'>Calpurnio</span> <span class='ocrx_word' id='word_1_117' title='bbox 1351 2498 1533 2585; x_wconf 78' lang='lat' dir='ltr'>Asprenati</span> 
     </span>
     <span class='ocr_line' id='line_1_17' title="bbox 299 2603 820 2692; baseline 0 -23"><span class='ocrx_word' id='word_1_118' title='bbox 299 2605 462 2691; x_wconf 87' lang='lat' dir='ltr'>regendas</span> <span class='ocrx_word' id='word_1_119' title='bbox 482 2603 590 2668; x_wconf 81' lang='lat' dir='ltr'>Galba</span> <span class='ocrx_word' id='word_1_120' title='bbox 611 2604 820 2692; x_wconf 90' lang='lat' dir='ltr'>permiserat.</span> 
     </span>
    </p>

    <p class='ocr_par' dir='ltr' id='par_1_6' title="bbox 255 2710 1533 2904">
     <span class='ocr_line' id='line_1_18' title="bbox 255 2710 1533 2800; baseline 0 -23"><span class='ocrx_word' id='word_1_121' title='bbox 255 2711 426 2777; x_wconf 78' lang='lat' dir='ltr'>PANDA.</span> <span class='ocrx_word' id='word_1_122' title='bbox 449 2751 491 2760; x_wconf 95' lang='lat'>—</span> <span class='ocrx_word' id='word_1_123' title='bbox 517 2736 567 2792; x_wconf 70' lang='grc' dir='ltr'>ια,</span> <span class='ocrx_word' id='word_1_124' title='bbox 589 2710 639 2777; x_wconf 78' lang='lat' dir='ltr'>iti.</span> <span class='ocrx_word' id='word_1_125' title='bbox 660 2711 698 2775; x_wconf 92' lang='lat' dir='ltr'>ln</span> <span class='ocrx_word' id='word_1_126' title='bbox 714 2712 849 2776; x_wconf 81' lang='lat' dir='ltr'>Siracos</span> <span class='ocrx_word' id='word_1_127' title='bbox 864 2720 1009 2799; x_wconf 90' lang='lat' dir='ltr'>pergunt</span> <span class='ocrx_word' id='word_1_128' title='bbox 1024 2711 1162 2800; x_wconf 78' lang='lat' dir='ltr'>(Aquila</span> <span class='ocrx_word' id='word_1_129' title='bbox 1185 2734 1223 2777; x_wconf 89' lang='lat' dir='ltr'>ac</span> <span class='ocrx_word' id='word_1_130' title='bbox 1239 2713 1358 2800; x_wconf 68' lang='lat' dir='ltr'>Cotys)</span> <span class='ocrx_word' id='word_1_131' title='bbox 1374 2722 1407 2779; x_wconf 91' lang='lat' dir='ltr'>et</span> <span class='ocrx_word' id='word_1_132' title='bbox 1424 2721 1533 2778; x_wconf 91' lang='lat' dir='ltr'>trans-</span> 
     </span>
     <span class='ocr_line' id='line_1_19' title="bbox 298 2817 1392 2904; baseline 0 -22"><span class='ocrx_word' id='word_1_133' title='bbox 298 2818 404 2904; x_wconf 77' lang='lat' dir='ltr'>gressi</span> <span class='ocrx_word' id='word_1_134' title='bbox 424 2842 558 2883; x_wconf 91' lang='lat' dir='ltr'>amnem</span> <span class='ocrx_word' id='word_1_135' title='bbox 580 2817 772 2884; x_wconf 90' lang='lat' dir='ltr'>Pandam...</span> <span class='ocrx_word' id='word_1_136' title='bbox 1388 2844 1392 2852; x_wconf 91' lang='lat'><strong>·</strong></span> 
     </span>
    </p>

    <p class='ocr_par' dir='ltr' id='par_1_7' title="bbox 255 2924 1532 3205">
     <span class='ocr_line' id='line_1_20' title="bbox 255 2924 1532 3016; baseline 0.002 -25"><span class='ocrx_word' id='word_1_137' title='bbox 255 2924 568 2991; x_wconf 70' lang='lat' dir='ltr'>l‘ANlntTssiiln.</span> <span class='ocrx_word' id='word_1_138' title='bbox 594 2964 637 2974; x_wconf 94' lang='lat'><em>-</em></span> <span class='ocrx_word' id='word_1_139' title='bbox 671 2951 697 2994; x_wconf 86' lang='grc' dir='ltr'>ι,</span> <span class='ocrx_word' id='word_1_140' title='bbox 729 2925 782 2990; x_wconf 83' lang='lat'>53.</span> <span class='ocrx_word' id='word_1_141' title='bbox 812 2924 938 2991; x_wconf 89' lang='lat' dir='ltr'>lulia...</span> <span class='ocrx_word' id='word_1_142' title='bbox 960 2924 1003 2989; x_wconf 92' lang='lat' dir='ltr'>ob</span> <span class='ocrx_word' id='word_1_143' title='bbox 1030 2925 1274 3014; x_wconf 90' lang='lat' dir='ltr'>impudicitiam</span> <span class='ocrx_word' id='word_1_144' title='bbox 1299 2928 1380 2993; x_wconf 93' lang='lat' dir='ltr'>olim</span> <span class='ocrx_word' id='word_1_145' title='bbox 1400 2953 1418 2993; x_wconf 93' lang='lat' dir='ltr'>a</span> <span class='ocrx_word' id='word_1_146' title='bbox 1439 2936 1532 3016; x_wconf 87' lang='lat' dir='ltr'>patre</span> 
     </span>
     <span class='ocr_line' id='line_1_21' title="bbox 297 3032 1530 3119; baseline 0.003 -21"><span class='ocrx_word' id='word_1_147' title='bbox 297 3036 451 3119; x_wconf 69' lang='lat' dir='ltr'>Augusto</span> <span class='ocrx_word' id='word_1_148' title='bbox 474 3032 671 3098; x_wconf 89' lang='lat' dir='ltr'>Pandateria</span> <span class='ocrx_word' id='word_1_149' title='bbox 686 3032 837 3097; x_wconf 90' lang='lat' dir='ltr'>insula...</span> <span class='ocrx_word' id='word_1_150' title='bbox 856 3033 1014 3098; x_wconf 87' lang='lat' dir='ltr'>clausa...</span> <span class='ocrx_word' id='word_1_151' title='bbox 1032 3069 1071 3082; x_wconf 91' lang='lat'><em>-</em></span> <span class='ocrx_word' id='word_1_152' title='bbox 1088 3036 1138 3114; x_wconf 70' lang='lat' dir='ltr'>rt,</span> <span class='ocrx_word' id='word_1_153' title='bbox 1157 3033 1211 3100; x_wconf 79' lang='lat'>63.</span> <span class='ocrx_word' id='word_1_154' title='bbox 1231 3033 1360 3103; x_wconf 90' lang='lat' dir='ltr'>Nero...</span> <span class='ocrx_word' id='word_1_155' title='bbox 1379 3035 1530 3103; x_wconf 88' lang='lat' dir='ltr'>insula...</span> 
     </span>
     <span class='ocr_line' id='line_1_22' title="bbox 301 3138 863 3205; baseline -0.002 0"><span class='ocrx_word' id='word_1_156' title='bbox 301 3140 517 3205; x_wconf 69' lang='lat' dir='ltr'>Pandaterial</span> <span class='ocrx_word' id='word_1_157' title='bbox 539 3138 714 3205; x_wconf 89' lang='lat' dir='ltr'>Octaviam</span> <span class='ocrx_word' id='word_1_158' title='bbox 726 3140 863 3205; x_wconf 91' lang='lat' dir='ltr'>claudit.</span> 
     </span>
    </p>

    <p class='ocr_par' dir='ltr' id='par_1_8' title="bbox 257 3247 1533 3656">
     <span class='ocr_line' id='line_1_23' title="bbox 257 3247 1533 3339; baseline 0 -24"><span class='ocrx_word' id='word_1_159' title='bbox 257 3247 507 3316; x_wconf 77' lang='lat' dir='ltr'>PANNONIA.</span> <span class='ocrx_word' id='word_1_160' title='bbox 524 3285 568 3297; x_wconf 91' lang='lat'>—</span> <span class='ocrx_word' id='word_1_161' title='bbox 590 3273 615 3324; x_wconf 87' lang='lat' dir='ltr'>i,</span> <span class='ocrx_word' id='word_1_162' title='bbox 638 3251 692 3334; x_wconf 69' lang='lat'>47.</span> <span class='ocrx_word' id='word_1_163' title='bbox 720 3248 870 3312; x_wconf 78' lang='lat' dir='ltr'>Validior</span> <span class='ocrx_word' id='word_1_164' title='bbox 889 3271 948 3335; x_wconf 95' lang='lat' dir='ltr'>per</span> <span class='ocrx_word' id='word_1_165' title='bbox 962 3248 1178 3314; x_wconf 83' lang='lat' dir='ltr'>Germaniam</span> <span class='ocrx_word' id='word_1_166' title='bbox 1200 3250 1380 3326; x_wconf 86' lang='lat' dir='ltr'>exercitus,</span> <span class='ocrx_word' id='word_1_167' title='bbox 1397 3255 1533 3339; x_wconf 89' lang='lat' dir='ltr'>propior</span> 
     </span>
     <span class='ocr_line' id='line_1_24' title="bbox 298 3354 1532 3446; baseline 0 -24"><span class='ocrx_word' id='word_1_168' title='bbox 298 3356 386 3444; x_wconf 91' lang='lat' dir='ltr'>apud</span> <span class='ocrx_word' id='word_1_169' title='bbox 405 3355 625 3421; x_wconf 90' lang='lat' dir='ltr'>Pannoniam.</span> <span class='ocrx_word' id='word_1_170' title='bbox 636 3393 678 3403; x_wconf 93' lang='lat'><em>-</em></span> <span class='ocrx_word' id='word_1_171' title='bbox 690 3355 721 3433; x_wconf 87' lang='grc'>3,</span> <span class='ocrx_word' id='word_1_172' title='bbox 737 3380 768 3441; x_wconf 74' lang='lat' dir='ltr'>p.</span> <span class='ocrx_word' id='word_1_173' title='bbox 785 3355 905 3421; x_wconf 89' lang='lat' dir='ltr'>Piso...</span> <span class='ocrx_word' id='word_1_174' title='bbox 920 3354 1305 3443; x_wconf 85' lang='lat' dir='ltr'>adsequiturlegionem,</span> <span class='ocrx_word' id='word_1_175' title='bbox 1319 3381 1432 3446; x_wconf 91' lang='lat' dir='ltr'>quaee</span> <span class='ocrx_word' id='word_1_176' title='bbox 1447 3359 1532 3422; x_wconf 92' lang='lat' dir='ltr'>Pan-</span> 
     </span>
     <span class='ocr_line' id='line_1_25' title="bbox 297 3461 1529 3552; baseline 0.002 -24"><span class='ocrx_word' id='word_1_177' title='bbox 297 3465 396 3528; x_wconf 88' lang='lat' dir='ltr'>nonia</span> <span class='ocrx_word' id='word_1_178' title='bbox 413 3465 447 3527; x_wconf 95' lang='lat' dir='ltr'>in</span> <span class='ocrx_word' id='word_1_179' title='bbox 463 3461 593 3532; x_wconf 86' lang='lat' dir='ltr'>urbem.</span> <span class='ocrx_word' id='word_1_180' title='bbox 609 3461 686 3525; x_wconf 92' lang='lat' dir='ltr'>dein</span> <span class='ocrx_word' id='word_1_181' title='bbox 704 3462 870 3549; x_wconf 91' lang='lat' dir='ltr'>praesidio</span> <span class='ocrx_word' id='word_1_182' title='bbox 882 3462 1016 3527; x_wconf 79' lang='lat' dir='ltr'>africae</span> <span class='ocrx_word' id='word_1_183' title='bbox 1027 3461 1351 3541; x_wconf 57' lang='lat' dir='ltr'>ducebatur-lb.</span> <span class='ocrx_word' id='word_1_184' title='bbox 1365 3465 1529 3552; x_wconf 81' lang='lat' dir='ltr'>Riparn...</span> 
     </span>
     <span class='ocr_line' id='line_1_26' title="bbox 299 3568 1528 3656; baseline 0.002 -21"><span class='ocrx_word' id='word_1_185' title='bbox 299 3571 444 3635; x_wconf 78' lang='lat' dir='ltr'>lianuvii</span> <span class='ocrx_word' id='word_1_186' title='bbox 471 3568 642 3656; x_wconf 86' lang='lat' dir='ltr'>legionum</span> <span class='ocrx_word' id='word_1_187' title='bbox 662 3568 748 3633; x_wconf 90' lang='lat' dir='ltr'>duae</span> <span class='ocrx_word' id='word_1_188' title='bbox 769 3570 802 3632; x_wconf 95' lang='lat' dir='ltr'>in</span> <span class='ocrx_word' id='word_1_189' title='bbox 823 3569 1011 3644; x_wconf 88' lang='lat' dir='ltr'>Pannonia,</span> <span class='ocrx_word' id='word_1_190' title='bbox 1029 3570 1114 3634; x_wconf 89' lang='lat' dir='ltr'>duae</span> <span class='ocrx_word' id='word_1_191' title='bbox 1134 3570 1168 3634; x_wconf 91' lang='lat' dir='ltr'>iu</span> <span class='ocrx_word' id='word_1_192' title='bbox 1184 3571 1311 3636; x_wconf 84' lang='lat' dir='ltr'>Moesia</span> <span class='ocrx_word' id='word_1_193' title='bbox 1328 3571 1528 3651; x_wconf 89' lang='lat' dir='ltr'>attinebant,</span> 
     </span>
    </p>

    <p class='ocr_par' dir='ltr' id='par_1_9' title="bbox 243 3675 1531 4513">
     <span class='ocr_line' id='line_1_27' title="bbox 243 3675 1529 3766; baseline 0.002 -24"><span class='ocrx_word' id='word_1_194' title='bbox 243 3685 245 3689; x_wconf 78' lang='grc'>’</span> <span class='ocrx_word' id='word_1_195' title='bbox 299 3677 437 3742; x_wconf 92' lang='lat' dir='ltr'>totidem</span> <span class='ocrx_word' id='word_1_196' title='bbox 454 3677 540 3763; x_wconf 90' lang='lat' dir='ltr'>apud</span> <span class='ocrx_word' id='word_1_197' title='bbox 560 3675 762 3740; x_wconf 87' lang='lat' dir='ltr'>Delmatiam</span> <span class='ocrx_word' id='word_1_198' title='bbox 777 3675 961 3740; x_wconf 75' lang='lat' dir='ltr'>locatis-</span> <span class='ocrx_word' id='word_1_199' title='bbox 979 3701 1027 3749; x_wconf 84' lang='lat' dir='ltr'>ra,</span> <span class='ocrx_word' id='word_1_200' title='bbox 1047 3702 1099 3764; x_wconf 84' lang='lat'>29.</span> <span class='ocrx_word' id='word_1_201' title='bbox 1120 3677 1324 3744; x_wconf 87' lang='lat' dir='ltr'>Claudius...</span> <span class='ocrx_word' id='word_1_202' title='bbox 1354 3680 1529 3766; x_wconf 89' lang='lat' dir='ltr'>scripsit...</span> 
     </span>
     <span class='ocr_line' id='line_1_28' title="bbox 301 3781 1530 3874; baseline 0.003 -27"><span class='ocrx_word' id='word_1_203' title='bbox 301 3783 466 3872; x_wconf 91' lang='lat' dir='ltr'>Palpellio</span> <span class='ocrx_word' id='word_1_204' title='bbox 489 3783 616 3850; x_wconf 87' lang='lat' dir='ltr'>Histro.</span> <span class='ocrx_word' id='word_1_205' title='bbox 636 3784 692 3870; x_wconf 82' lang='lat' dir='ltr'>qui</span> <span class='ocrx_word' id='word_1_206' title='bbox 711 3781 920 3847; x_wconf 91' lang='lat' dir='ltr'>Pannoniam</span> <span class='ocrx_word' id='word_1_207' title='bbox 943 3782 1167 3870; x_wconf 85' lang='lat' dir='ltr'>praesidebat.</span> <span class='ocrx_word' id='word_1_208' title='bbox 1183 3784 1349 3870; x_wconf 87' lang='lat' dir='ltr'>legionem</span> <span class='ocrx_word' id='word_1_209' title='bbox 1363 3787 1530 3874; x_wconf 83' lang='lat' dir='ltr'>ipsaquee</span> 
     </span>
     <span class='ocr_line' id='line_1_29' title="bbox 300 3889 1531 3978; baseline 0.003 -23"><span class='ocrx_word' id='word_1_210' title='bbox 300 3891 471 3978; x_wconf 86' lang='lat' dir='ltr'>provincia</span> <span class='ocrx_word' id='word_1_211' title='bbox 492 3889 578 3955; x_wconf 89' lang='lat' dir='ltr'>lecta</span> <span class='ocrx_word' id='word_1_212' title='bbox 599 3890 721 3953; x_wconf 82' lang='lat' dir='ltr'>auxilia</span> <span class='ocrx_word' id='word_1_213' title='bbox 739 3911 798 3975; x_wconf 92' lang='lat' dir='ltr'>pro</span> <span class='ocrx_word' id='word_1_214' title='bbox 813 3890 881 3975; x_wconf 92' lang='lat' dir='ltr'>ripa</span> <span class='ocrx_word' id='word_1_215' title='bbox 896 3912 1108 3977; x_wconf 90' lang='lat' dir='ltr'>componere.</span> <span class='ocrx_word' id='word_1_216' title='bbox 1125 3929 1167 3941; x_wconf 96' lang='lat'>-</span> <span class='ocrx_word' id='word_1_217' title='bbox 1187 3915 1236 3969; x_wconf 85' lang='lat' dir='ltr'>ia,</span> <span class='ocrx_word' id='word_1_218' title='bbox 1255 3891 1308 3957; x_wconf 82' lang='lat'>30.</span> <span class='ocrx_word' id='word_1_219' title='bbox 1321 3892 1436 3959; x_wconf 87' lang='lat' dir='ltr'>Sacuti</span> <span class='ocrx_word' id='word_1_220' title='bbox 1452 3917 1531 3959; x_wconf 84' lang='lat' dir='ltr'>mox</span> 
     </span>
     <span class='ocr_line' id='line_1_30' title="bbox 297 3996 1527 4084; baseline 0.007 -26"><span class='ocrx_word' id='word_1_221' title='bbox 297 3998 496 4084; x_wconf 76' lang='lat' dir='ltr'>(Vannium)</span> <span class='ocrx_word' id='word_1_222' title='bbox 513 3996 653 4061; x_wconf 90' lang='lat' dir='ltr'>clientes</span> <span class='ocrx_word' id='word_1_223' title='bbox 664 4004 697 4060; x_wconf 91' lang='lat' dir='ltr'>et</span> <span class='ocrx_word' id='word_1_224' title='bbox 712 3997 858 4081; x_wconf 86' lang='lat' dir='ltr'>acceptis</span> <span class='ocrx_word' id='word_1_225' title='bbox 869 3996 960 4081; x_wconf 90' lang='lat' dir='ltr'>agris</span> <span class='ocrx_word' id='word_1_226' title='bbox 976 3997 1009 4060; x_wconf 92' lang='lat' dir='ltr'>in</span> <span class='ocrx_word' id='word_1_227' title='bbox 1022 3998 1197 4063; x_wconf 87' lang='lat' dir='ltr'>Pannonia</span> <span class='ocrx_word' id='word_1_228' title='bbox 1208 3998 1311 4064; x_wconf 90' lang='lat' dir='ltr'>locati</span> <span class='ocrx_word' id='word_1_229' title='bbox 1326 4007 1415 4065; x_wconf 88' lang='lat' dir='ltr'>sunt.</span> <span class='ocrx_word' id='word_1_230' title='bbox 1429 4002 1527 4078; x_wconf 86' lang='lat'>--15‚</span> 
     </span>
     <span class='ocr_line' id='line_1_31' title="bbox 300 4101 1529 4188; baseline 0.005 -20"><span class='ocrx_word' id='word_1_231' title='bbox 300 4106 353 4171; x_wconf 73' lang='lat'>25.</span> <span class='ocrx_word' id='word_1_232' title='bbox 372 4104 497 4181; x_wconf 75' lang='lat' dir='ltr'>Quinta</span> <span class='ocrx_word' id='word_1_233' title='bbox 512 4103 643 4168; x_wconf 87' lang='lat' dir='ltr'>decima</span> <span class='ocrx_word' id='word_1_234' title='bbox 658 4101 745 4188; x_wconf 91' lang='lat' dir='ltr'>logio</span> <span class='ocrx_word' id='word_1_235' title='bbox 761 4102 904 4166; x_wconf 89' lang='lat' dir='ltr'>ducente</span> <span class='ocrx_word' id='word_1_236' title='bbox 920 4102 1027 4167; x_wconf 77' lang='lat' dir='ltr'>llario</span> <span class='ocrx_word' id='word_1_237' title='bbox 1042 4102 1140 4168; x_wconf 85' lang='lat' dir='ltr'>Celso</span> <span class='ocrx_word' id='word_1_238' title='bbox 1158 4127 1178 4168; x_wconf 86' lang='lat' dir='ltr'>e</span> <span class='ocrx_word' id='word_1_239' title='bbox 1207 4103 1382 4171; x_wconf 91' lang='lat' dir='ltr'>Pannonia</span> <span class='ocrx_word' id='word_1_240' title='bbox 1402 4107 1529 4186; x_wconf 89' lang='lat' dir='ltr'>adiecta</span> 
     </span>
     <span class='ocr_line' id='line_1_32' title="bbox 299 4207 1530 4301; baseline 0.003 -26"><span class='ocrx_word' id='word_1_241' title='bbox 299 4210 541 4295; x_wconf 74' lang='lat' dir='ltr'>esttexereitui</span> <span class='ocrx_word' id='word_1_242' title='bbox 560 4208 763 4274; x_wconf 85' lang='lat' dir='ltr'>Corbulonis</span> <span class='ocrx_word' id='word_1_243' title='bbox 785 4207 874 4272; x_wconf 92' lang='lat' dir='ltr'>bello</span> <span class='ocrx_word' id='word_1_244' title='bbox 901 4208 1064 4274; x_wconf 85' lang='lat' dir='ltr'>adversus</span> <span class='ocrx_word' id='word_1_245' title='bbox 1085 4211 1229 4276; x_wconf 88' lang='lat' dir='ltr'>Parthos</span> <span class='ocrx_word' id='word_1_246' title='bbox 1252 4215 1461 4301; x_wconf 89' lang='lat' dir='ltr'>praepositi).</span> <span class='ocrx_word' id='word_1_247' title='bbox 1487 4255 1530 4264; x_wconf 94' lang='lat'>—</span> 
     </span>
     <span class='ocr_line' id='line_1_33' title="bbox 303 4315 1529 4405; baseline 0.004 -22"><span class='ocrx_word' id='word_1_248' title='bbox 303 4321 326 4398; x_wconf 91' lang='lat' dir='ltr'>l,</span> <span class='ocrx_word' id='word_1_249' title='bbox 341 4322 394 4405; x_wconf 81' lang='lat'>76.</span> <span class='ocrx_word' id='word_1_250' title='bbox 408 4319 542 4382; x_wconf 93' lang='lat' dir='ltr'>Primus</span> <span class='ocrx_word' id='word_1_251' title='bbox 567 4318 691 4382; x_wconf 78' lang='lat' dir='ltr'>othoni</span> <span class='ocrx_word' id='word_1_252' title='bbox 714 4317 869 4380; x_wconf 74' lang='lat' dir='ltr'>lidae-iam</span> <span class='ocrx_word' id='word_1_253' title='bbox 881 4315 1011 4381; x_wconf 90' lang='lat' dir='ltr'>addidit</span> <span class='ocrx_word' id='word_1_254' title='bbox 1021 4341 1062 4381; x_wconf 87' lang='lat' dir='ltr'>ox</span> <span class='ocrx_word' id='word_1_255' title='bbox 1081 4318 1215 4405; x_wconf 72' lang='lat' dir='ltr'>lllyrico</span> <span class='ocrx_word' id='word_1_256' title='bbox 1236 4322 1386 4398; x_wconf 93' lang='lat' dir='ltr'>nuntius,</span> <span class='ocrx_word' id='word_1_257' title='bbox 1401 4323 1529 4388; x_wconf 87' lang='lat' dir='ltr'>iurasse</span> 
     </span>
     <span class='ocr_line' id='line_1_34' title="bbox 301 4423 1526 4513; baseline 0.007 -25"><span class='ocrx_word' id='word_1_258' title='bbox 301 4427 423 4490; x_wconf 86' lang='lat' dir='ltr'>ineum</span> <span class='ocrx_word' id='word_1_259' title='bbox 441 4424 628 4488; x_wconf 87' lang='lat' dir='ltr'>Dalmatiae</span> <span class='ocrx_word' id='word_1_260' title='bbox 648 4448 685 4489; x_wconf 90' lang='lat' dir='ltr'>ac</span> <span class='ocrx_word' id='word_1_261' title='bbox 717 4423 910 4488; x_wconf 81' lang='lat' dir='ltr'>Pannoniae</span> <span class='ocrx_word' id='word_1_262' title='bbox 939 4431 972 4488; x_wconf 89' lang='lat' dir='ltr'>et</span> <span class='ocrx_word' id='word_1_263' title='bbox 999 4424 1145 4490; x_wconf 85' lang='lat' dir='ltr'>Moesiae.</span> <span class='ocrx_word' id='word_1_264' title='bbox 1170 4426 1332 4513; x_wconf 82' lang='lat' dir='ltr'>legiones.</span> <span class='ocrx_word' id='word_1_265' title='bbox 1354 4429 1454 4496; x_wconf 88' lang='lat' dir='ltr'>-ll.</span> <span class='ocrx_word' id='word_1_266' title='bbox 1478 4456 1526 4498; x_wconf 87' lang='lat' dir='ltr'>ii.</span> 
     </span>
    </p>
   </div>
   <div class='ocr_carea' id='block_1_3' title="bbox 253 4656 1527 5035">
    <p class='ocr_par' dir='ltr' id='par_1_10' title="bbox 288 4656 860 4719">
     <span class='ocr_line' id='line_1_35' title="bbox 288 4656 860 4719; baseline 0 -15"><span class='ocrx_word' id='word_1_267' title='bbox 288 4659 294 4691; x_wconf 87' lang='lat'><strong>¹</strong></span> <span class='ocrx_word' id='word_1_268' title='bbox 314 4657 376 4706; x_wconf 75' lang='lat' dir='ltr'>Sex.</span> <span class='ocrx_word' id='word_1_269' title='bbox 395 4656 540 4719; x_wconf 88' lang='lat' dir='ltr'>Palpellius</span> <span class='ocrx_word' id='word_1_270' title='bbox 560 4656 660 4704; x_wconf 83' lang='lat' dir='ltr'>llister.</span> <span class='ocrx_word' id='word_1_271' title='bbox 679 4656 802 4710; x_wconf 66' lang='lat' dir='ltr'>Pnosor„</span> <span class='ocrx_word' id='word_1_272' title='bbox 821 4657 860 4704; x_wconf 82' lang='lat'>53.</span> 
     </span>
    </p>

    <p class='ocr_par' dir='ltr' id='par_1_11' title="bbox 286 4735 1049 4801">
     <span class='ocr_line' id='line_1_36' title="bbox 286 4735 1049 4801; baseline -0.003 -13"><span class='ocrx_word' id='word_1_273' title='bbox 286 4741 297 4775; x_wconf 73' lang='lat'><em>²</em></span> <span class='ocrx_word' id='word_1_274' title='bbox 316 4738 342 4789; x_wconf 75' lang='grc' dir='ltr'><strong>Μ</strong></span> <span class='ocrx_word' id='word_1_275' title='bbox 359 4753 364 4787; x_wconf 91' lang='lat'>:</span> <span class='ocrx_word' id='word_1_276' title='bbox 378 4754 406 4801; x_wconf 89' lang='lat' dir='ltr'>p.</span> <span class='ocrx_word' id='word_1_277' title='bbox 423 4737 527 4785; x_wconf 87' lang='lat' dir='ltr'>atettio.</span> <span class='ocrx_word' id='word_1_278' title='bbox 542 4737 618 4787; x_wconf 77' lang='lat' dir='ltr'>Cora.</span> <span class='ocrx_word' id='word_1_279' title='bbox 637 4737 753 4797; x_wconf 84' lang='lat' dir='ltr'>Lipsius.</span> <span class='ocrx_word' id='word_1_280' title='bbox 767 4735 804 4785; x_wconf 84' lang='lat' dir='ltr'>Cl.</span> <span class='ocrx_word' id='word_1_281' title='bbox 825 4736 925 4783; x_wconf 82' lang='lat' dir='ltr'>llirrsn</span> <span class='ocrx_word' id='word_1_282' title='bbox 936 4738 970 4785; x_wconf 87' lang='lat' dir='ltr'>ad</span> <span class='ocrx_word' id='word_1_283' title='bbox 986 4738 1011 4786; x_wconf 88' lang='lat' dir='ltr'>ti.</span> <span class='ocrx_word' id='word_1_284' title='bbox 1031 4738 1049 4787; x_wconf 84' lang='lat' dir='ltr'>t.</span> 
     </span>
    </p>

    <p class='ocr_par' dir='ltr' id='par_1_12' title="bbox 284 4808 1031 4869">
     <span class='ocr_line' id='line_1_37' title="bbox 284 4808 1031 4869; baseline 0.001 -11"><span class='ocrx_word' id='word_1_285' title='bbox 284 4810 296 4847; x_wconf 83' lang='lat'>³</span> <span class='ocrx_word' id='word_1_286' title='bbox 313 4811 433 4865; x_wconf 69' lang='lat' dir='ltr'>Pnosor„</span> <span class='ocrx_word' id='word_1_287' title='bbox 446 4811 484 4859; x_wconf 78' lang='lat'>55.</span> <span class='ocrx_word' id='word_1_288' title='bbox 503 4836 532 4845; x_wconf 93' lang='lat'>—</span> <span class='ocrx_word' id='word_1_289' title='bbox 550 4810 627 4869; x_wconf 78' lang='lat' dir='ltr'>t&#39;ulg.</span> <span class='ocrx_word' id='word_1_290' title='bbox 639 4813 701 4856; x_wconf 87' lang='lat' dir='ltr'>unte</span> <span class='ocrx_word' id='word_1_291' title='bbox 716 4808 855 4869; x_wconf 82' lang='lat' dir='ltr'>Lipsium:</span> <span class='ocrx_word' id='word_1_292' title='bbox 875 4808 1031 4860; x_wconf 77' lang='lat' dir='ltr'>l&#39;armenea.</span> 
     </span>
    </p>

    <p class='ocr_par' dir='ltr' id='par_1_13' title="bbox 253 4888 1527 5035">
     <span class='ocr_line' id='line_1_38' title="bbox 284 4888 1527 4956; baseline 0.005 -19"><span class='ocrx_word' id='word_1_293' title='bbox 284 4893 376 4939; x_wconf 70' lang='lat' dir='ltr'>illurn</span> <span class='ocrx_word' id='word_1_294' title='bbox 394 4892 557 4952; x_wconf 85' lang='lat' dir='ltr'>scripturam</span> <span class='ocrx_word' id='word_1_295' title='bbox 574 4890 701 4936; x_wconf 79' lang='lat' dir='ltr'>exliilierc</span> <span class='ocrx_word' id='word_1_296' title='bbox 718 4888 753 4939; x_wconf 75' lang='grc' dir='ltr'>Μ.</span> <span class='ocrx_word' id='word_1_297' title='bbox 775 4904 826 4935; x_wconf 91' lang='lat' dir='ltr'>uon</span> <span class='ocrx_word' id='word_1_298' title='bbox 849 4888 1063 4951; x_wconf 71' lang='lat' dir='ltr'>panaterteriaru.</span> <span class='ocrx_word' id='word_1_299' title='bbox 1080 4892 1153 4953; x_wconf 84' lang='lat' dir='ltr'>quod</span> <span class='ocrx_word' id='word_1_300' title='bbox 1171 4892 1275 4954; x_wconf 81' lang='lat' dir='ltr'>priores</span> <span class='ocrx_word' id='word_1_301' title='bbox 1293 4894 1343 4941; x_wconf 83' lang='lat' dir='ltr'>sibi</span> <span class='ocrx_word' id='word_1_302' title='bbox 1363 4895 1459 4956; x_wconf 78' lang='lat' dir='ltr'>legi-ise</span> <span class='ocrx_word' id='word_1_303' title='bbox 1477 4897 1527 4943; x_wconf 80' lang='lat' dir='ltr'>risi</span> 
     </span>
     <span class='ocr_line' id='line_1_39' title="bbox 253 4968 1216 5035; baseline -0.001 -15"><span class='ocrx_word' id='word_1_304' title='bbox 253 4975 338 5020; x_wconf 84' lang='lat' dir='ltr'>erant.</span> <span class='ocrx_word' id='word_1_305' title='bbox 357 4974 473 5020; x_wconf 76' lang='lat' dir='ltr'>testatur</span> <span class='ocrx_word' id='word_1_306' title='bbox 489 4973 638 5018; x_wconf 64' lang='lat' dir='ltr'>Asarinum.</span> <span class='ocrx_word' id='word_1_307' title='bbox 654 4969 689 5016; x_wconf 82' lang='lat' dir='ltr'>De</span> <span class='ocrx_word' id='word_1_308' title='bbox 707 4968 848 5016; x_wconf 69' lang='lat' dir='ltr'>vorticibus</span> <span class='ocrx_word' id='word_1_309' title='bbox 865 4970 939 5019; x_wconf 75' lang='lat' dir='ltr'>ital.</span> <span class='ocrx_word' id='word_1_310' title='bbox 955 4973 1026 5019; x_wconf 79' lang='lat' dir='ltr'>Anu.</span> <span class='ocrx_word' id='word_1_311' title='bbox 1045 4971 1116 5022; x_wconf 75' lang='lat' dir='ltr'>Tac..</span> <span class='ocrx_word' id='word_1_312' title='bbox 1135 4987 1160 5034; x_wconf 90' lang='lat' dir='ltr'>p.</span> <span class='ocrx_word' id='word_1_313' title='bbox 1180 4989 1216 5035; x_wconf 78' lang='lat' dir='ltr'>ip.</span> 
     </span>
    </p>
   </div>
   <div class='ocr_carea' id='block_1_4' title="bbox 0 0 1872 6228">
    <p class='ocr_par' dir='ltr' id='par_1_14' title="bbox 0 0 1872 6228">
     <span class='ocr_line' id='line_1_40' title="bbox 0 0 1872 6228; baseline 0 0"><span class='ocrx_word' id='word_1_314' title='bbox 0 0 1872 6228; x_wconf 95' lang='lat' dir='ltr'> </span> 
     </span>
    </p>
   </div>
  </div>
 </body>
</html>
