3709 6234
284 834 335 891 108
838 839 1008 892 AVGVSTVS

327 979 424 1044 sedes
438 979 572 1044 curules
588 980 804 1045 sacerdotum
816 979 1060 1067 Augustalium
1074 977 1171 1045 locis.
1190 1017 1229 1029 -
1245 979 1276 1058 3,
1295 978 1338 1058 64
1367 981 1451 1068 (Pro
1474 981 1563 1049 inco·

328 1086 481 1152 lumitate
498 1087 601 1154 Iuliae
631 1087 821 1175 Augustae)
850 1087 964 1153 ludi...
987 1087 1103 1174 magni
1120 1086 1163 1152 ab
1187 1095 1307 1153 senatu
1320 1087 1561 1158 decernuntur.

327 1218 413 1282 quos
426 1195 603 1283 pontifices
618 1203 651 1261 et
666 1219 813 1282 augures
832 1203 866 1260 et
886 1194 1146 1283 quindecimviri
1174 1195 1390 1282 septemviris
1407 1195 1511 1261 simul
1530 1203 1562 1261 et

326 1301 500 1367 sodalibus
521 1302 768 1390 Augustalibus
779 1302 917 1368 ederent
937 1354 958 1369 ..
979 1302 1074 1368 Dixit
1089 1302 1214 1368 Caesar
1242 1301 1468 1391 (Tiberiusl...
1489 1303 1563 1368 ideo

325 1409 534 1497 Augustales
547 1410 708 1485 adiectos,
721 1410 799 1498 quia
811 1410 985 1499 proprium
996 1410 1068 1475 eius
1083 1409 1205 1475 domus
1218 1410 1444 1476 sacerdotium
1459 1419 1560 1487 esset,

326 1541 385 1604 pro
406 1541 472 1605 qua
488 1526 566 1583 vota
586 1517 871 1606 persolverentur.
889 1556 932 1567 --
949 1516 992 1594 ll,
1006 1516 1061 1605 95.
1081 1515 1265 1606 (Vitellius)
1283 1516 1422 1582 interius
1437 1517 1563 1583 Neroni

327 1625 444 1713 (lecit).
468 1627 593 1691 Caesae
617 1625 749 1714 publice
765 1626 922 1691 victimae
942 1633 1188 1713 cremataeque.
1212 1623 1332 1692 Facem
1354 1624 1563 1713 Augustales

326 1732 515 1797 subdidere.
535 1732 633 1811 Ouod
652 1732 890 1814 sacerdotium,
904 1740 941 1797 ut
962 1731 1128 1798 llomulus
1142 1731 1168 1798 T
1170 1732 1238 1797 atio
1260 1733 1344 1820 regi,
1361 1733 1408 1801 ita
1438 1732 1564 1799 Caesar

326 1839 352 1906 Τ
355 1839 480 1904 iberius
492 1840 595 1906 luliae
610 1841 702 1928 genti
719 1840 876 1907 sacravit.

283 1948 575 2016 Al'Gl'STlANl.
597 1987 638 1997 -
660 1952 708 2026 rit,
732 1948 781 2014 15.
798 1949 959 2036 Tuncque
974 1948 1120 2035 primum
1136 1947 1319 2035 conscripti
1336 1955 1417 2013 sunt
1432 1948 1563 2036 equites

328 2056 470 2121 llomani
487 2065 712 2142 cognomento
728 2057 1019 2142 Augustianorum
1035 2055 1056 2130 ¹,
1072 2063 1181 2120 aetate
1197 2078 1236 2120 ac
1249 2054 1369 2120 robore
1388 2056 1562 2144 conspicui

326 2171 359 2229 et
374 2186 452 2252 pars
473 2165 608 2250 ingenio
627 2188 796 2252 procaoeS,
819 2164 876 2229 alii
897 2164 930 2227 in
945 2186 1040 2251 spem
1055 2162 1240 2250 potentiae.
1259 2162 1284 2226 li
1300 2162 1373 2228 dies
1387 2185 1426 2227 ac
1448 2170 1563 2228 noctes

328 2270 504 2359 plausibus
520 2295 712 2360 personare.
735 2271 879 2336 sormam
893 2270 1056 2360 principis
1071 2291 1257 2358 vocemque
1273 2270 1373 2334 deum
1388 2270 1563 2336 vocabulis

327 2378 550 2467 appellantes
570 2381 666 2467 quasi
687 2402 745 2466 per
761 2380 921 2445 virtutem
938 2377 1019 2443 clari
1035 2377 1256 2466 honoratique
1281 2400 1392 2464 agere.

284 2486 672 2552 Al'tll'Sthlltl'NVhl.
689 2526 732 2535 -
748 2486 779 2562 3,
792 2488 847 2564 43.
863 2485 1150 2573 Augustodunum
1166 2493 1267 2574 caput
1280 2485 1393 2573 gentis
1407 2486 1562 2570 (Aeduo-

328 2594 416 2681 rum)
432 2594 570 2658 armatis
603 2594 800 2660 cohortibus
820 2593 979 2659 Sacrovir
997 2600 1233 2681 occupaverat,
1262 2601 1301 2659 ut
1316 2593 1564 2659 nobilissimam

329 2701 514 2768 Galliarum
529 2702 696 2781 subolem,
714 2702 911 2767 liberalibus
926 2701 1048 2767 studiis
1063 2701 1109 2766 ihi
1124 2708 1310 2789 operatam,
1324 2709 1357 2767 et
1372 2724 1411 2765 eo
1424 2701 1564 2789 pignore

328 2817 484 2897 parentes
516 2810 791 2899 propinquosque
820 2833 935 2875 eorum
969 2809 1180 2895 adiungeret.
1211 2847 1254 2857 —
1275 2808 1307 2887 3,
1329 2807 1384 2885 45.
1416 2807 1562 2876 Silius...

328 2916 614 3002 Augustodunum
632 2917 716 3006 petit
732 2941 875 3005 propero
895 2918 1070 3003 agmine...
1088 2955 1131 2966 -·
1152 2915 1183 2997 3,
1207 2916 1261 2992 46.
1278 2915 1436 2981 Sacrovir
1456 2915 1564 3004 primo

328 3024 628 3110 Augustodunum,
660 3025 737 3090 dein
782 3034 874 3090 metu
910 3023 1094 3089 deditionis
1123 3024 1155 3087 in
1181 3021 1298 3088 villam
1338 3023 1563 3112 propinquam

330 3155 408 3196 cum
424 3131 596 3196 fidissimis
612 3134 734 3220 pergit.

286 3238 534 3304 AVGVS'l'Vhl
551 3239 934 3316 NOhlEN,Al'('1l''Sl'l
955 3238 1128 3316 NOMEN,
1146 3237 1340 3305 Al'GVSTl
1355 3237 1565 3303 VOCABl'-

330 3346 437 3412 [ΝΜ.
461 3386 503 3395 -
529 3369 556 3427 ι,
574 3350 605 3412 8.
637 3348 732 3411 livia
747 3348 780 3411 in
811 3347 972 3412 familiam
997 3347 1117 3412 Iuliam
1136 3369 1326 3434 nomenque
1347 3343 1567 3432 Augustuml

331 3453 572 3519 adsurnebatur
609 3455 703 3540 (hivi
718 3455 863 3542 Augusti
880 3454 1109 3539 testamento).
1137 3492 1181 3502 -
1210 3453 1235 3532 l,
1270 3455 1324 3540 47.
1364 3452 1566 3517 Decernitur

329 3562 496 3629 Othoni...
540 3586 662 3627 nomen
691 3562 838 3649 Augusti
874 3570 907 3627 et
944 3585 1062 3626 omnes
1100 3561 1291 3649 principum
1331 3560 1490 3626 honores.
1522 3595 1567 3610 -

331 3670 374 3742 ΙΙ,
406 3671 460 3737 tir.
498 3669 687 3757 (l'itellius)
702 3669 876 3757 praemisit
895 3669 930 3733 in
946 3669 1065 3734 urbem
1086 3667 1247 3748 edictum,
1275 3690 1342 3755 quo
1362 3666 1565 3732 vocabulum

328 3779 476 3864 Augusti
498 3777 660 3854 ditlerret,
692 3777 847 3842 Caesaris
871 3800 939 3840 nou
970 3776 1143 3863 reciperet.
1165 3812 1205 3826 -
1233 3774 1276 3851 ll,
1294 3798 1349 3861 9⁰·
1385 3772 1565 3839 Abnuenti

329 3883 538 3971 (Vitellio)...
557 3908 679 3948 nomen
710 3884 857 3970 Augusti
891 3906 1100 3969 expressere,
1130 3889 1168 3947 ut
1187 3881 1382 3947 adsumeret
1414 3880 1567 3966 (senatus

331 3990 571 4079 populusque).

288 4098 563 4175 Al'GVSTVS,3
589 4099 781 4168 CAESAR.
814 4098 949 4164 blt't's
979 4096 1227 4175 Al'GVSTVS,
1269 4095 1452 4162 CAESAR
1487 4095 1567 4162 Av-

322 4410 641 4476 ¹M:auqustlauorum.
659 4415 734 4462 Corr.
765 4415 932 4476 Nipperdey.
954 4415 994 4463 Ct.
1021 4415 1105 4466 Suet..
1124 4413 1260 4468 Neroab.
1291 4411 1370 4473 t'ulg.
1392 4425 1454 4459 cum
1475 4411 1567 4459 dett:

286 4494 526 4553 Augustianorum.
1515 4544 1519 4551 ,

317 4561 385 4612 ²M:
401 4569 535 4628 auqrratae
549 4567 630 4629 (corr.
644 4582 676 4613 ex
694 4569 866 4629 antiquatam
884 4569 1000 4618 videtur.
1016 4567 1058 4615 vel
1083 4581 1115 4614 ex
1131 4568 1271 4629 augusta).
1296 4565 1370 4614 Corr.
1392 4563 1446 4613 lae.
1463 4563 1568 4612 Grono-

287 4642 356 4689 vius.
369 4670 399 4678 —
416 4646 611 4695 «flea-altnlicn
627 4647 690 4695 hest
701 4663 762 4695 man
775 4651 931 4711 Auqrrstae:
944 4649 1011 4697 aber
1026 4649 1063 4696 sie
1077 4663 1135 4695 war
1145 4648 1188 4695 die
1201 4647 1333 4707 eustadio
1347 4646 1476 4709 Araquata
1486 4645 1566 4704 hiesu,

287 4722 515 4773 vorherbestand
539 4728 630 4775 dieser
654 4728 841 4791 Numeuicht3
858 4730 897 4776 sic
922 4729 1024 4778 konnte
1055 4728 1113 4776 also
1136 4728 1212 4776 nieht
1229 4728 1257 4774 in
1285 4728 1330 4775 ihn
1355 4725 1567 4790 aufiqenommen

288 4805 398 4852 werden
420 4823 431 4850 a
451 4807 778 4869 Nmrarrner·Ascensus)
796 4837 813 4845 —
832 4811 872 4858 Ct.
888 4810 1001 4858 Frrrr'um
1018 4824 1123 4868 nomen,
1136 4808 1326 4872 Sempronium
1343 4806 1566 4858 nonnemlunium

291 4898 398 4933 nomen.

320 4965 331 5000 ³
349 4970 471 5030 Piraeon,
487 4970 515 5018 l..
534 4978 584 5029 rto.
