3709 6234
657 897 813 951 AFRANtt'S
832 899 1033 960 oviartauvs
1451 894 1486 947 27

249 1043 375 1108 pavore
398 1021 591 1087 exanimis...
611 1021 709 1101 Quod
724 1029 842 1086 contra
866 1020 1057 1086 subsidium
1083 1020 1157 1100 sibi,
1179 1019 1243 1084 nisi
1264 1018 1346 1109 quid
1359 1019 1487 1084 Burrus

248 1136 283 1193 et
312 1128 461 1194 Seneca?
489 1128 582 1208 Quos
616 1129 732 1194 statim
765 1130 945 1209 acciverat,
978 1129 1155 1206 incertum,
1188 1150 1230 1193 an
1270 1126 1424 1214 aperiens
1452 1133 1487 1192 et

247 1244 326 1301 ante
359 1236 506 1322 ignaros
535 1234 641 1322 lgitur
664 1236 804 1323 longum
830 1236 1006 1325 utriusque
1025 1234 1240 1301 sitentium...
1259 1235 1342 1299 Post
1357 1233 1485 1300 Seneca

248 1343 412 1409 hactenus
434 1343 635 1431 promptius,
662 1351 699 1409 ut
727 1344 909 1432 respiceret
943 1345 1089 1408 Burrum
1119 1366 1156 1409 ac
1186 1341 1425 1422 sciscitaretur,
1442 1364 1485 1406 an

249 1449 348 1516 militi
368 1450 566 1539 imperanda
580 1451 699 1517 caedes
712 1459 814 1522 esset.
833 1451 894 1517 Ille
909 1452 1143 1540 praetorianos
1152 1450 1214 1516 toti
1228 1448 1412 1516 Caesarum
1427 1447 1486 1513 do·

248 1558 319 1623 mni
351 1558 574 1629 obstrictos...
597 1559 788 1647 respondit;
811 1567 1021 1648 perpetraret
1047 1559 1212 1627 Anicetus
1237 1557 1417 1646 promissa.
1442 1594 1485 1607 -

252 1667 303 1745 14,
331 1689 379 1730 ιο.
410 1666 520 1732 Sedu
555 1666 698 1732 Caesare
723 1666 872 1755 perfecto
891 1668 1028 1732 demum
1058 1666 1184 1733 scelere
1200 1664 1399 1753 magnitudo
1411 1664 1484 1729 eius

246 1772 419 1839 intellecta
440 1782 533 1840 est...
553 1776 665 1863 Atque
681 1798 758 1840 eum
773 1783 909 1842 auctore
928 1777 1035 1841 Burro
1051 1774 1159 1862 prima
1175 1772 1411 1839 centurionum
1428 1771 1486 1837 tri·

246 1879 480 1970 bunorumque
493 1881 642 1947 adulatio
655 1882 698 1947 ad
711 1906 806 1971 spem
818 1883 978 1949 firmavit.
998 1921 1049 1949 .·-
1062 1904 1074 1948 1
1085 1890 1114 1960 t,
1139 1884 1188 1960 14,
1207 1880 1313 1946 Vetus
1329 1878 1483 1968 (Neroni)

247 1988 369 2076 cupido
385 1996 456 2054 erat
471 1988 639 2056 curriculo
650 1989 891 2079 quadrigarum
905 1990 1062 2057 insistere
1072 1991 1147 2078 (et).
1167 1988 1304 2057 ‚eithara
1317 1986 1485 2053 ludicrum

248 2095 283 2159 in
302 2096 439 2161 modum
459 2119 592 2163 canere.
619 2097 688 2163 Nec
710 2098 776 2163 iam
801 2098 875 2163 sisti
902 2105 1047 2186 poterat,
1065 2119 1142 2162 cum
1161 2097 1308 2164 Senecae
1324 2118 1361 2161 ac
1379 2095 1484 2161 Burro

247 2204 370 2282 visum,
394 2214 598 2293 neutraque
620 2207 841 2294 pervinceret,
865 2205 1008 2272 alterum
1033 2204 1234 2284 concederc;
1265 2203 1484 2290 clausumque

247 2310 335 2375 vatic
356 2312 518 2380 Vaticana
543 2315 703 2402 spatium,
734 2314 853 2403 inquo
883 2335 989 2402 equos
1004 2320 1178 2400 regeret...
1200 2315 1311 2390 -14,
1333 2310 1381 2376 15.
1404 2309 1485 2373 Pos-

246 2426 374 2485 tremus
389 2422 461 2509 ipse
477 2422 580 2509 (Nero
596 2421 685 2487 ludis
700 2420 933 2511 Iuvenalibus)
951 2444 1110 2488 scaenam
1136 2420 1286 2488 incedit..
1321 2421 1484 2485 Accesse-

246 2534 299 2592 rat
328 2530 450 2594 cohors
477 2529 636 2611 militum,
659 2530 875 2595 centuriones
898 2528 1093 2618 tribunique
1118 2538 1153 2594 et
1178 2550 1332 2593 maerens
1357 2528 1484 2592 Burrus

246 2657 284 2700 ac
298 2634 456 2704 laudans.
475 2677 517 2692 -
540 2640 591 2718 ld,
611 2640 663 2704 51.
683 2637 902 2705 Concessit...
928 2638 997 2704 vita
1015 2639 1153 2712 Burrus,
1171 2637 1337 2701 incertum
1352 2632 1484 2700 valetu-

245 2741 324 2807 dine
353 2765 396 2807 an
421 2766 595 2810 veneno...
621 2744 740 2809 Plures
762 2744 856 2808 iussu
884 2743 1071 2811 Neronis...
1098 2743 1232 2810 inlitum
1247 2743 1398 2831 palatum
1412 2743 1484 2808 eius

247 2849 348 2914 noxio
366 2850 588 2917 medicamine
610 2852 870 2932 adseverabant,
898 2860 931 2917 et
957 2854 1113 2932 Burrum,
1142 2850 1315 2917 intellecto
1344 2851 1481 2930 scelere,

245 2978 321 3021 cum
338 2957 381 3023 ad
397 2957 576 3024 visendum
602 2982 679 3024 eum
695 2960 854 3048 princeps
869 2960 1032 3039 venisset,
1050 2959 1249 3047 adspectum
1263 2959 1335 3024 eius
1350 2981 1483 3023 aversa-

246 3072 317 3128 tum
344 3064 531 3130 sciscitanti
560 3066 724 3132 hactenus
752 3065 998 3155 respondisse:
1027 3096 1042 3128 a
1067 3066 1140 3153 Ego
1156 3089 1210 3133 me
1226 3065 1312 3131 bene
1326 3064 1444 3132 habeo.
1466 3094 1481 3125 a

244 3171 383 3237 Civitati
402 3172 530 3259 grande
553 3173 757 3240 desiderium
784 3175 856 3239 eius
873 3174 1000 3240 mansit
1031 3198 1091 3262 per
1121 3173 1319 3239 memoriam
1345 3172 1483 3238 virtutis

244 3286 319 3345 et...
333 3316 378 3329 -
402 3281 451 3358 ld,
470 3279 524 3347 52.
542 3280 633 3345 Mors
653 3281 750 3345 Burri
766 3281 904 3369 infregit
928 3282 1076 3347 Senecae
1101 3282 1300 3369 potentiam,
1323 3280 1401 3368 quia
1421 3303 1482 3345 nec

244 3383 342 3449 bonis
366 3385 496 3450 artibus
515 3386 604 3452 idem
626 3388 748 3452 virium
768 3396 841 3453 erat
867 3386 974 3452 altero
999 3384 1094 3452 velut
1109 3386 1316 3452 duceamoto
1338 3394 1412 3454 et...
1439 3425 1482 3436 -

248 3492 298 3570 111,
322 3488 377 3580 57.
400 3491 527 3577 (Verba
551 3492 632 3559 facit
655 3494 744 3583 apud
770 3494 940 3559 Neronem
969 3492 1169 3582 Tigellinus)
1189 3516 1196 3560 ε
1221 3519 1236 3557 a
1265 3494 1339 3559 Non
1369 3516 1418 3576 se,
1443 3502 1482 3559 ut

243 3599 402 3674 Burrum,
433 3599 586 3666 diversas
608 3624 698 3689 spes,
721 3601 780 3666 scd
808 3600 916 3666 solam
937 3600 1204 3667 incolumitatem
1227 3601 1372 3665 Neronis
1387 3624 1482 3688 spec·

241 3714 360 3773 tare.»
380 3743 425 3759 -
445 3709 494 3787 14,
517 3707 573 3773 60.
595 3708 793 3775 Movetur...
824 3710 933 3796 primo
961 3706 1116 3796 (Octavia
1144 3732 1162 3772 a
1191 3708 1339 3795 Nerone)
1372 3707 1481 3772 civilis

242 3813 378 3880 discidii
405 3814 516 3901 speeie
543 3814 749 3903 domumque
779 3816 888 3894 Burri,
913 3815 1050 3902 praedia
1071 3814 1194 3894 Plauti,
1225 3814 1372 3881 infausta
1391 3814 1479 3881 dona

242 3922 395 4010 accipit¹.

196 4028 431 4095 AFRANIVS
465 4028 754 4107 vattan'vs,
794 4028 1100 4110 Qt'tutlmvv'st.
1130 4029 1481 4119 -15,49.Flavius

241 4136 430 4202 Scaevinus
461 4143 493 4201 et
515 4135 678 4202 Afranius
705 4136 920 4215 Quintianus,
955 4144 1096 4224 uterque
1134 4137 1295 4202 senatorii
1337 4137 1477 4218 ordinis,

241 4251 358 4308 contra
383 4241 508 4307 samam
533 4244 584 4308 sui
608 4244 811 4332 principium
831 4245 916 4309 tanti
932 4244 1090 4310 facinoris
1103 4244 1314 4333 capessivere
1348 4245 1479 4332 (coniu-

240 4349 382 4414 rationis
410 4350 449 4416 C.
478 4349 669 4438 Pisonis)...
693 4350 899 4431 Quintianus
922 4350 1066 4416 mollitia
1086 4352 1236 4439 corporis
1247 4350 1383 4416 infamis
1403 4361 1436 4418 et
1461 4378 1479 4417 a

240 4456 375 4521 Nerone
393 4454 557 4544 probroso
582 4459 731 4523 carmine
758 4458 954 4525 diffamatus
968 4458 1191 4524 contumelias
1206 4458 1315 4523 ultum
1332 4456 1413 4526 ibat.
1435 4498 1479 4510 -

245 4568 295 4644 15,
324 4565 379 4631 56.
411 4565 568 4630 Lucanus
593 4565 868 4655 Quintianusque
891 4575 926 4632 et
956 4566 1096 4634 Senecio
1119 4566 1177 4631 diu
1196 4565 1364 4649 abnuere;
1386 4574 1476 4654 post,

240 4673 406 4760 promisse
423 4671 624 4759 impunitate
639 4674 801 4762 corrupti,
817 4697 884 4761 quo
898 4672 1092 4739 tarditatem
1106 4681 1363 4754 excusarent...,
1376 4673 1478 4752 Quin-

229 4933 239 4968 t
256 4932 290 4984 t'.
304 4934 397 4993 etiarn,
413 4933 501 4994 1³,1³,
520 4933 555 4983 ra.

228 5013 240 5048 ²
258 5012 422 5063 ttbenenus:
439 5013 637 5075 Quintilianus,
653 5014 780 5080 Lipsius:
800 5015 990 5075 Quinctianae.
