3709 6234
686 870 830 923 POPVLVS
854 867 1006 922 uoutnvs
1433 863 1487 920 579

251 1007 318 1073 acri
338 1008 439 1074 etiam
452 1016 523 1074 tum
537 1009 654 1098 populi
672 1011 815 1075 Romani
830 1009 998 1076 libertate.
1021 1036 1036 1068 a
1058 1047 1101 1058 -
1122 1011 1171 1088 ιή,
1208 1010 1257 1085 nl.
1285 1006 1366 1071 Mox
1394 1006 1484 1071 ultro

249 1116 361 1181 vocari
383 1115 528 1203 populus
552 1118 724 1182 llomanus
737 1117 964 1207 laudibusque
980 1116 1143 1182 extollere
1158 1114 1340 1197 (Neronem
1350 1114 1384 1179 in
1397 1113 1486 1179 valle

252 1224 413 1288 Vaticana
434 1246 540 1311 equos
549 1226 748 1311 regentem).
765 1265 807 1275 -
829 1227 878 1303 ιά,
905 1225 956 1291 18.
975 1225 1157 1312 Agrorum,
1170 1246 1256 1311 quos
1272 1223 1342 1306 regi
1362 1221 1487 1310 Apioni

250 1331 545 1419 quondamavitos
565 1340 598 1396 et
614 1332 738 1420 populo
763 1334 914 1397 llomano
935 1355 1012 1397 oum
1034 1354 1137 1419 regno
1159 1330 1334 1396 relictos...
1358 1367 1402 1383 --
1435 1332 1485 1405 id.

251 1436 494 1521 61.(Queritur
524 1439 680 1527 Poppaea
699 1439 789 1527 apud
809 1439 991 1526 Neronem)
1023 1463 1099 1505 a...
1122 1436 1487 1525 Mallepopulumllo-

252 1567 389 1609 manum
407 1545 553 1609 tibicinis
574 1546 734 1634 Aegyptii
752 1545 904 1611 subolem
923 1546 1140 1635 imperatorio
1166 1544 1300 1631 fastigio
1317 1544 1457 1609 induci?
1471 1571 1486 1602 »

252 1690 295 1699 -
315 1654 364 1730 ιῖ),
379 1655 431 1718 25.
450 1652 488 1716 ln
509 1660 642 1718 tantum
664 1653 766 1718 lerme
794 1654 931 1718 modum
948 1661 1044 1719 aucta
1066 1652 1293 1740 (Corbulonis)
1308 1657 1483 1739 potestate.

253 1781 353 1846 quem
371 1759 516 1847 populus
535 1761 707 1825 llomanus
723 1761 785 1827 Cn.
806 1761 965 1848 Pompeio
988 1760 1114 1826 bellum
1147 1759 1325 1848 piraticum
1345 1767 1482 1846 gesturo

253 1865 403 1932 dederat.
424 1906 464 1915 --
491 1866 933 1956 15,36.(1.0quituruer0)
963 1893 979 1933 e
1000 1868 1044 1933 vt
1072 1868 1107 1932 in
1132 1867 1275 1956 privatis
1301 1866 1488 1932 necessitu-

253 1972 390 2037 dinibus
406 1974 560 2059 proxima
581 1974 722 2061 pignora
740 1974 986 2063 praevalerent,
1005 1975 1051 2040 ita
1068 1975 1161 2060 apud
1174 1997 1207 2038 se
1232 1972 1392 2061 populum
1425 1973 1489 2037 llo-

254 2103 392 2144 manum
417 2080 485 2144 vim
507 2080 685 2168 plurimam
703 2081 836 2148 babere.
860 2134 867 2147 .
888 2107 904 2145 a
928 2120 972 2132 -
994 2080 1043 2157 15,
1073 2083 1127 2158 (r.
1152 2079 1338 2146 llelubrum
1368 2080 1490 2145 Vestae

253 2210 330 2251 cum
349 2187 532 2252 Penatibus
548 2188 663 2276 populi
679 2190 861 2255 llonumi...
879 2226 923 2239 -
948 2189 996 2260 15.
1020 2189 1074 2265 (5.
1116 2188 1222 2262 ΔΙιπο,
1250 2186 1340 2276 quod
1374 2187 1490 2250 trium·

255 2292 342 2381 phis.
361 2293 451 2382 quod
467 2296 556 2359 votis
571 2295 682 2360 omnis
699 2296 813 2383 populi
828 2296 970 2360 llomani
987 2301 1080 2360 aetas
1099 2317 1259 2382 prospere
1276 2301 1333 2359 urit
1353 2294 1386 2357 in
1399 2301 1491 2359 metu

256 2409 447 2466 sacraverat
478 2401 662 2472 -16‚aa.
687 2428 702 2466 a
737 2402 864 2467 l)iurna
886 2402 1003 2490 populi
1026 2402 1170 2467 llomani
1195 2425 1254 2489 pcr
1284 2401 1489 2489 provincias,

254 2532 313 2596 per
336 2509 504 2574 exereitus
534 2510 682 2575 curatius
707 2509 909 2596 leguntur...
937 2534 954 2572 u
975 2548 1018 2557 -
1057 2508 1082 2586 Ι,
1109 2533 1137 2574 r.
1176 2510 1264 2573 Dum
1293 2532 1346 2573 res
1375 2506 1490 2596 populi

256 2614 398 2679 llomani
417 2615 700 2681 memorabantur.
717 2655 760 2664 -
777 2616 801 2692 Ι,
821 2616 852 2680 3.
879 2616 949 2680 Nec
965 2616 1055 2680 enim
1080 2639 1243 2705 umquam
1269 2614 1491 2681 atrocioribus

255 2722 368 2810 populi
398 2724 543 2788 llomani
586 2721 781 2789 cladibus...
818 2721 1043 2811 adprobatum
1063 2730 1156 2789 cst...
1180 2761 1223 2773 -
1248 2722 1274 2798 Ι,
1305 2747 1354 2786 12.
1393 2721 1492 2786 «Su·
1523 2787 1528 2798 ,

254 2831 394 2917 periuris
424 2830 624 2894 Germaniae
651 2829 844 2918 legiones..
876 2830 1115 2918 imperatorem
1150 2830 1251 2896 alium
1284 2829 1435 2916 llagitare
1458 2836 1492 2893 et

255 2937 387 3002 senatui
400 2960 439 3000 ac
455 2936 580 3023 populo
594 2938 746 3002 llomano
760 2936 937 3002 arbitrium
953 2936 1101 3024 eligendi
1116 2939 1322 3025 permittere.
1362 2965 1377 2995 a
1401 2975 1444 2985 —
1464 2935 1489 3004 l.

261 3043 310 3110 rtl.
327 3043 508 3131 (Loquitur
524 3042 647 3129 Galba)
680 3071 694 3102 u
715 3042 812 3107 Nunc
836 3066 875 3108 eo
900 3043 1112 3108 necessitatis
1136 3044 1335 3133 iampridem
1352 3050 1491 3108 ventum

255 3159 319 3228 est,
336 3158 373 3216 ut
388 3173 449 3215 nec
473 3173 545 3215 mea
565 3157 723 3215 senectus
747 3150 898 3216 conterre
929 3150 1007 3238 plus
1034 3150 1157 3239 populo
1194 3152 1345 3215 llomano
1376 3157 1491 3237 posset

255 3280 357 3344 qumn
373 3255 499 3322 bonum
521 3281 793 3323 successorem...
820 3282 895 3318 n-
912 3257 938 3332 Ι,
957 3259 1010 3322 25.
1028 3259 1214 3346 Suscepere
1235 3258 1301 3322 duo
1332 3258 1488 3343 manipu-

255 3364 530 3452 laresimperium
548 3365 662 3452 populi
682 3365 824 3429 llomani
840 3364 1153 3434 transferendum...
1171 3404 1213 3414 -
1231 3365 1254 3446 l,
1268 3365 1321 3453 37.
1337 3395 1351 3422 a
1377 3364 1491 3428 llonec

257 3470 478 3555 dubitabitur,
505 3473 740 3559 imperatorem
766 3472 883 3559 populi
908 3472 1050 3537 llomani
1080 3472 1113 3536 in
1141 3472 1260 3537 castris
1290 3495 1331 3535 an
1361 3471 1492 3535 bostem

257 3578 419 3644 babeatis.
435 3604 451 3642 u
473 3615 515 3629 -
543 3576 567 3658 Ι,
586 3578 640 3644 38.
656 3602 673 3642 i<
692 3578 784 3643 ldem
806 3588 956 3648 senatus.
974 3580 1062 3643 idem
1073 3578 1188 3666 populi
1207 3579 1348 3642 llornani
1360 3579 1492 3642 animus

257 3699 319 3757 est.
340 3721 355 3750 a
373 3693 455 3767 -Ι,
475 3692 528 3756 55.
547 3693 750 3780 (Superioris
773 3692 972 3757 Germaniae
993 3690 1201 3778 legiones)...
1220 3700 1357 3756 senatus
1385 3714 1491 3780 popu-

255 3798 346 3887 lique
363 3800 505 3863 timiam
515 3798 708 3865 oblitterata
725 3800 792 3863 iam
816 3800 951 3864 nomina
973 3806 1184 3863 sacramento
1205 3796 1429 3863 advocabant.
1448 3838 1491 3848 -

258 3905 283 3986 Ι,
306 3904 359 3971 56.
378 3906 586 3993 .tquilit'er...
608 3906 744 3972 vitellio
765 3907 910 3980 nuntiat.
932 3913 1087 3995 quartam
1113 3913 1147 3970 et
1166 3905 1490 3970 duoetvicensimam

255 4012 447 4100 legiones..
466 4014 499 4076 in
515 4022 653 4078 senatus
670 4037 708 4078 ac
723 4012 840 4101 populi
863 4001 1005 4078 llomani
1026 4013 1129 4079 verba
1146 4012 1315 4078 iurasse...
1333 4050 1376 4063 -
1394 4011 1419 4090 Ι,
1435 4012 1488 4102 57.

256 4119 417 4206 Superior
437 4120 616 4197 exercitus,
633 4120 796 4207 speciosis
811 4128 950 4185 senatus
965 4119 1149 4208 populique
1184 4119 1326 4185 llornani
1348 4121 1492 4184 nomini·

256 4226 319 4291 bus
334 4225 516 4304 relictis...
550 4227 687 4293 Vitellio
712 4228 866 4293 accessit.
893 4267 935 4276 —
976 4228 1001 4302 l,
1027 4228 1082 4317 73.
1116 4226 1234 4292 Calvia
1252 4226 1489 4314 Crispinilla..

194 4361 198 4370 ·
257 4333 378 4406 latriam
399 4334 523 4422 populo
541 4335 692 4399 ltomano
713 4334 803 4400 baud
818 4334 961 4400 obscure
980 4334 1139 4400 molita...
1157 4373 1199 4382 -
1222 4333 1246 4406 Ι,
1265 4337 1319 4422 89.
1345 4334 1396 4399 Ex
1425 4359 1492 4422 quo

257 4441 363 4504 ltivus
379 4442 556 4527 Augustus
572 4466 625 4506 res
640 4444 825 4507 Caesarum
849 4442 1051 4531 composuit,
1069 4441 1185 4529 procul
1198 4449 1236 4506 et
1250 4441 1284 4505 in
1302 4442 1401 4507 unius
1416 4441 1467 4506 sol
1484 4482 1490 4488 -

255 4547 464 4613 licitudinem
488 4558 545 4614 aiut
560 4547 663 4614 decus
692 4547 839 4637 populus
866 4550 1038 4614 llomanus
1070 4547 1267 4614 bellaverat.
1286 4586 1330 4598 -
1350 4548 1410 4622 ΙΙΙ,
1434 4551 1488 4625 (6.

256 4655 387 4724 adluit.
401 4663 437 4719 ut
455 4679 553 4743 saepe
564 4655 659 4722 alias.
674 4656 808 4722 fortuna
823 4656 939 4745 populi
959 4657 1112 4722 ltomani.
1134 4695 1179 4705 -
1199 4654 1260 4730 ΙΙΙ,
1285 4654 1338 4720 tio.
1368 4656 1490 4740 (Verba

257 4763 335 4828 [aicit
351 4763 439 4849 apud
456 4764 579 4828 milites
595 4764 767 4829 Antonius
797 4764 944 4853 Primus)
989 4792 1004 4822 a
1032 4764 1159 4828 Maiora
1190 4762 1258 4827 illis
1287 4763 1434 4850 praemia
1458 4773 1491 4829 et

259 4870 365 4935 multo
378 4870 561 4934 maiximum
577 4871 692 4941 decus.
710 4872 737 4934 si
756 4870 1024 4937 incolumitatem
1049 4871 1180 4935 senatui
1206 4868 1399 4958 populoque
1418 4872 1466 4935 llo
1484 4911 1490 4916 ·

261 5001 360 5042 mano
381 4978 453 5041 sine
473 4979 871 5066 sauguine‹platesissent
893 4978 1028 5060 »-—lll‚
1047 5003 1101 5068 72.
1121 4978 1157 5042 ld
1173 4978 1302 5043 lacinus
1318 4977 1492 5065 (Capitolii

307 5385 631 5521 fl
