3709 6234
354 853 406 910 53⁴
911 856 1081 913 euasurus

396 1002 603 1078 conniveret,
620 1025 638 1067 a
653 1000 789 1066 Phoebo
802 999 924 1066 liberto
940 999 1142 1087 increpitum
1156 1022 1323 1088 aegreque
1336 1000 1515 1066 meliorum
1525 1002 1634 1089 preci·

395 1108 459 1174 bus
474 1109 646 1175 obtectum
667 1107 723 1196 (ab
741 1107 790 1173 ira
805 1106 1006 1194 Neronis)...

350 1215 616 1284 PHOENICES.
634 1254 678 1265 -
703 1240 752 1296 rr,
788 1218 838 1292 ιά.
856 1214 1060 1303 Aegyptii...
1093 1213 1284 1280 litterarum
1305 1223 1414 1281 semet
1439 1216 1634 1282 inventores

393 1324 584 1412 perhibent,
612 1323 691 1389 inde
718 1322 919 1402 Phoenicas,
958 1322 1037 1410 quia
1066 1322 1151 1387 mari
1182 1321 1450 1410 praepollebant,
1475 1322 1634 1389 intulisse

393 1432 554 1498 Graeciae
568 1430 781 1521 gloriamque
795 1429 950 1517 adeptos,
966 1437 1141 1518 tamquam
1156 1429 1377 1518 reppererint,
1394 1453 1480 1518 quae
1494 1453 1633 1519 accepe-

393 1546 480 1605 rant.
495 1538 627 1627 Quippe
638 1539 727 1603 fama
742 1545 793 1603 est
809 1537 975 1604 Cadmum
991 1536 1100 1602 classe
1116 1536 1323 1602 Phoenicum
1338 1545 1474 1603 vectum
1489 1536 1633 1603 rudibus

388 1645 500 1711 adhuc
512 1647 718 1712 Graecorum
731 1643 866 1734 populis
887 1645 969 1710 artis
985 1644 1057 1709 eius
1072 1650 1244 1709 auctorem
1257 1644 1374 1710 fuisse.
1391 1683 1434 1694 —
1453 1645 1495 1724 V,
1514 1644 1547 1709 6.
1575 1645 1632 1710 Ab

391 1776 512 1818 occasu
527 1752 711 1818 Phoenices
725 1760 759 1818 et
780 1775 872 1817 mare
887 1751 1057 1840 (obiacent
1076 1759 1184 1817 terrae
1198 1751 1426 1840 ludaeorum).

346 1859 614 1927 PHOENlSSA.
637 1900 679 1909 -
709 1860 759 1940 16,
790 1884 818 1925 ι.
847 1858 935 1923 Dido
960 1858 1182 1924 Phoenissam
1206 1858 1295 1947 Tyro
1319 1858 1510 1947 profugam.

346 1966 628 2033 PHRAATES¹.
651 2006 692 2017 -
711 1990 742 2048 a,
765 1992 791 2034 ι.
810 1967 971 2031 Vonones
994 1965 1093 2031 obses
1122 1967 1280 2054 Augusto
1306 1967 1436 2032 datusa
1451 1967 1628 2034 Phraatef.

388 2074 475 2139 Nam
493 2074 686 2155 Phraates3,
701 2097 908 2164 quamquam
923 2073 1111 2161 depulisset
1129 2074 1297 2139 exercitus
1316 2074 1487 2162 ducesque
1503 2075 1630 2139 Roma-

393 2205 467 2258 nos,
488 2189 610 2247 cuncta
638 2182 873 2248 venerantium
901 2181 1012 2245 officia
1032 2180 1074 2245 ad
1090 2181 1286 2268 Augustum
1310 2187 1469 2246 verterat.
1486 2220 1530 2231 —
1545 2205 1577 2260 a,
1597 2207 1629 2248 a.

393 2289 474 2354 Post
507 2289 609 2355 linem
637 2288 852 2356 Phraatis⁴...
883 2311 1005 2353 venere
1038 2288 1072 2351 in
1104 2286 1222 2353 urbem
1253 2288 1356 2376 legati
1378 2313 1397 2352 a
1423 2288 1631 2376 primoribus

392 2396 526 2460 Parthis
552 2395 609 2483 qui
625 2396 801 2459 Vononem
828 2394 1098 2459 vetustissimum
1113 2392 1297 2459 liberorum
1312 2394 1384 2459 eius
1400 2394 1558 2461 accirent.
1587 2433 1630 2444 -

390 2502 423 2579 6,
459 2503 513 2568 31.
540 2502 673 2589 (Legati
700 2500 865 2566 nobilium
896 2500 1113 2590 Parthorum)
1140 2500 1318 2566 Phraaten·
1347 2501 1437 2588 regis
1471 2501 1629 2567 Phraatis

390 2610 497 2675 lilium
517 2610 623 2674 Roma
638 2609 834 2698 poscebant.
856 2648 899 2659 -
914 2610 946 2688 6,
970 2609 1024 2675 37.
1052 2609 1125 2697 (L.)
1140 2608 1340 2676 Vitellius...
1370 2620 1485 2674 monet
1498 2609 1631 2674 Tirida-

392 2724 448 2783 ten
476 2718 707 2806 primoresque
740 2717 985 2806 (Parthorum),
1008 2718 1098 2783 hunc
1112 2717 1268 2782 Phraatis
1285 2716 1340 2781 avi
1355 2724 1389 2782 et
1401 2716 1519 2782 altoris
1539 2717 1628 2783 Cae-

388 2824 515 2891 saris...
531 2864 574 2873 —
590 2849 640 2904 ra,
656 2848 705 2889 ιο.
715 2825 832 2913 Legati
843 2824 1047 2890 Parthorum
1061 2824 1104 2889 ad
1116 2825 1386 2914 expetendum...
1405 2823 1626 2890 Meherdaten

389 2933 485 2997 missi
512 2940 667 2998 senatum
693 2932 996 3019 ingrediuntur-,1
1016 2933 1133 3002 «Se...
1156 2931 1265 2997 filium
1279 2932 1443 3013 Vononis,
1468 2939 1628 3020 nepotem

392 3039 568 3106 Phraatis5
586 3062 797 3105 accersere...
819 3066 834 3100 ιι

344 3147 624 3214 PHRAATEsss.
642 3185 684 3198 -
704 3146 737 3229 6,
768 3146 823 3212 31.
855 3146 1009 3234 (Nobiles
1025 3147 1153 3234 Parthi)
1171 3146 1339 3212 Phraaten
1357 3148 1446 3234 regis
1472 3147 1628 3213 Phraatis

388 3254 496 3319 lilium
527 3255 633 3319 ltoma
659 3254 855 3342 poscebant.
885 3294 928 3303 -
954 3254 986 3331 6,
1021 3252 1075 3321 32.
1112 3253 1272 3343 Cupitum
1298 3253 1332 3318 id
1353 3253 1506 3328 Tiberio:
1528 3263 1628 3320 ornat

387 3362 555 3427 Phraaten
590 3362 802 3449 accingitque
837 3370 1015 3450 paternum
1044 3361 1086 3426 ad
1107 3360 1324 3448 fastigium...
1358 3362 1519 3426 Phraates
1535 3363 1626 3450 apud

386 3469 532 3555 Syriam,
547 3469 628 3534 dum
644 3469 769 3533 omisso
786 3468 879 3534 cultu
894 3470 1060 3544 ltoman0‚
1078 3469 1131 3534 cui
1147 3493 1206 3556 per
1222 3475 1272 3533 tot
1291 3492 1399 3533 annos
1420 3471 1624 3543 insueverat,

386 3576 541 3641 instituta
559 3577 759 3641 Parthorum
777 3577 892 3649 sumit,
905 3577 1023 3664 patriis
1040 3575 1189 3640 moribus
1208 3576 1316 3664 impar
1333 3576 1449 3640 morbo
1465 3576 1626 3665 absump-

387 3693 442 3748 tus
458 3684 542 3750 est⁷.

344 3790 600 3855 Plllatnt'ES.
623 3830 667 3841 -
686 3791 718 3872 6,
748 3795 802 3869 (a.
831 3790 1039 3857 Tiridates...
1071 3789 1281 3866 consultans
1315 3814 1461 3878 quonam
1483 3790 1535 3854 die
1557 3790 1627 3854 sol-

386 3896 509 3962 lemnia
524 3900 618 3985 regni
639 3906 840 3986 capesseret,
872 3898 1004 3963 litteras
1031 3897 1188 3961 Phraatis
1207 3905 1240 3962 et
1275 3898 1444 3974 llieroniS,
1465 3897 1521 3984 qui
1538 3896 1627 3961 vali-

386 4004 543 4068 dissimas
572 4006 800 4092 praefecturas
833 4004 1043 4083 obtinebant,
1071 4004 1204 4092 accipit,
1236 4003 1372 4069 brevem
1392 4027 1520 4068 moram
1549 4027 1626 4090 pre-

385 4112 578 4178 cantium...
613 4153 655 4161 -
683 4113 715 4195 6,
746 4114 798 4189 (It.
830 4112 993 4176 Phraates
1026 4120 1060 4176 et
1089 4112 1191 4175 lliero
1210 4119 1243 4176 et
1263 4112 1290 4175 si
1310 4112 1368 4199 qui
1384 4110 1440 4175 alii
1455 4110 1625 4175 delectum

385 4219 547 4306 capiendo
576 4220 757 4284 diademati
788 4219 877 4284 diem
907 4218 996 4283 haud
1034 4218 1364 4299 concelebraverant,
1402 4243 1479 4306 pars
1516 4226 1622 4294 metu,

386 4327 523 4416 quidam
545 4327 671 4392 invidia
687 4327 720 4391 in
736 4326 1005 4413 Abdagaesen...
1024 4325 1065 4390 ad
1090 4325 1303 4390 Artabanum
1317 4334 1458 4396 vertere.

372 4525 380 4560 t
398 4523 527 4571 Phraates
541 4522 586 4570 1v.
605 4522 725 4574 l‘aosor..
745 4520 800 4584 296.
817 4521 889 4571 Mox.
908 4523 975 4570 Anu.
990 4537 996 4570 ε
1014 4521 1137 4570 Phratea.

372 4606 383 4640 ²
401 4604 427 4655 m
446 4620 451 4653 :
467 4603 597 4666 aprabate
611 4603 693 4666 (corr.
706 4618 712 4651 :
726 4602 899 4664 aphrahate).

372 4686 383 4718 ³
403 4685 428 4736 Μ
443 4698 450 4732 t
466 4684 596 4746 prahatcs
611 4685 693 4745 (corr.
707 4699 713 4730 t
729 4682 900 4744 phrahates).

372 4766 384 4800 ⁴
399 4765 426 4816 m
441 4780 447 4813 :
462 4763 588 4827 prabatio
601 4765 680 4824 (corr.
694 4778 699 4811 :
714 4761 881 4824 phrahatis).

372 4845 383 4880 ⁸
402 4846 425 4895 Μ
441 4861 447 4893 :
463 4844 578 4907 praelis.

371 4926 518 4981 annosos..
534 4941 587 4987 ²97·

371 5008 382 5043 7
402 5007 434 5056 V.
451 5007 532 5057 ctiam
551 5022 586 5058 12.
606 5021 642 5055 ιι.
