3709 6234
745 893 777 943 A.
801 890 971 944 t'trtltttt's
1443 883 1497 937 747

261 1033 337 1113 lius,
352 1042 469 1099 utnon
491 1033 568 1122 plus
583 1033 681 1098 militi
701 1034 856 1099 liceret...
875 1032 1102 1097 Contionante
1123 1030 1260 1095 Vitellio
1282 1028 1497 1118 postulantur

261 1139 304 1204 ad
319 1141 522 1229 supplicium
540 1139 712 1206 Asiaticus
736 1147 769 1205 ct
787 1139 911 1205 Flavus
935 1147 969 1204 et
985 1138 1128 1203 llulinus
1158 1138 1260 1202 duces
1294 1137 1495 1216 Galliarum,

261 1248 352 1336 quod
388 1271 447 1335 pro
481 1247 622 1313 Vindice
651 1247 848 1327 bellassent,
879 1270 940 1311 nec
969 1245 1144 1311 coercebat
1179 1245 1367 1310 eiusmodi
1397 1265 1519 1309 voees·

263 1354 437 1434 Vitellius;
456 1379 557 1445 super
572 1355 707 1421 insitam
729 1355 826 1420 inerti
840 1354 953 1419 animo
969 1354 1181 1441 ignaviam...
1199 1392 1243 1401 -
1264 1353 1308 1432 ll,
1325 1355 1379 1442 95.
1408 1352 1496 1431 Quin

260 1469 294 1526 et
308 1460 455 1526 natalem
474 1461 599 1527 Vitellii
616 1461 704 1526 diem
721 1461 863 1527 Caecina
889 1485 927 1526 ac
950 1460 1075 1525 Valens
1093 1460 1193 1524 editis
1214 1468 1284 1525 tota
1298 1458 1382 1524 urbe
1406 1461 1497 1524 vica-

262 1568 320 1635 tim
342 1568 586 1655 gladiatoribus
603 1568 856 1634 celebravere...
874 1567 1033 1632 Nondum
1049 1575 1192 1657 quartus
1207 1591 1224 1632 a
1245 1568 1386 1633 victoria
1403 1590 1497 1631 men-

259 1675 318 1752 siS,
336 1684 367 1740 et
390 1675 531 1741 libertus
553 1676 678 1740 Vitellii
695 1676 868 1741 Asiaticus
890 1675 1088 1762 Polyclitos,
1121 1675 1298 1740 Patrobios
1321 1683 1352 1739 et
1383 1684 1497 1739 vetera

261 1782 415 1849 odiorum
442 1784 580 1850 nomina
601 1784 809 1873 aequabat...
833 1784 945 1848 Vnum
969 1783 1011 1848 ad
1031 1784 1219 1870 potentiam
1246 1784 1318 1859 iter,
1346 1782 1497 1870 prodigis

259 1891 369 1979 epulis
390 1901 424 1957 et
436 1898 586 1979 sumptu,
604 1890 683 1979 gula
699 1914 873 1979 ganeaque
895 1892 1018 1956 satiare
1034 1889 1256 1978 inexplebiles
1267 1890 1393 1955 Vitellii
1422 1889 1497 1954 libi·

258 1998 394 2064 dines...
409 1998 533 2064 Misera
545 1999 793 2065 ciritaseodem
809 1997 1089 2070 annoOthonem,
1109 1998 1281 2064 Vitellium
1302 2021 1498 2086 passa...-

262 2106 304 2182 ll,
327 2106 383 2194 96.
409 2107 518 2170 Prima
538 2105 672 2172 Vitellio
689 2107 806 2172 tertiae
823 2106 967 2193 legionis
993 2105 1137 2170 delectio
1156 2106 1372 2172 nuntiatur...
1393 2106 1498 2169 Vnius

261 2211 406 2301 legionis
435 2237 509 2278 eam
542 2214 756 2292 seditionem,
794 2215 914 2279 ceteris
941 2213 1145 2279 exercitibus
1178 2221 1332 2279 constare
1356 2213 1494 2277 tidem...
1541 2296 1545 2308 .

262 2319 421 2386 Vitellius
436 2321 526 2409 apud
547 2321 672 2387 milites
693 2321 892 2387 disseruit...
918 2360 962 2370 -
982 2321 1025 2402 ll,
1051 2346 1106 2411 97.
1123 2321 1239 2409 Neque
1265 2345 1306 2385 cx
1324 2320 1498 2409 llispaniis

259 2426 542 2515 properabatur...
560 2429 676 2494 Trium
694 2429 864 2515 legionum
880 2428 983 2514 legati
1005 2480 1026 2494 ..
1052 2430 1221 2517 prosperis
1246 2428 1372 2492 Vitellii
1397 2428 1498 2493 rebus

259 2537 418 2600 certaturi
439 2536 482 2601 atl
502 2535 714 2624 obsequium.
732 2537 908 2601 adversam
923 2539 996 2601 eius
1011 2537 1181 2601 fortunam
1197 2559 1356 2623 exaequo
1371 2535 1498 2601 detrec-

263 2641 392 2708 tabant.
414 2643 450 2708 ln
466 2643 581 2708 Africa
598 2642 685 2730 legio
699 2644 921 2732 cohortesque
933 2644 1084 2709 delectae
1099 2669 1117 2709 a
1136 2642 1255 2708 Clodio
1274 2642 1402 2709 Macro.
1419 2667 1497 2709 mox

261 2749 408 2814 aGalba
429 2750 602 2825 dimissae,
635 2775 750 2816 rursus
771 2753 863 2817 iussu
888 2751 1015 2816 Vitellii
1045 2752 1199 2816 militiam
1228 2774 1357 2838 cepere.
1389 2752 1496 2816 Simul

263 2867 374 2924 cetera
391 2858 549 2924 iuventus
564 2857 664 2924 dabat
692 2859 832 2947 impigre
855 2859 1001 2924 nemina.
1022 2857 1154 2946 Quippe
1175 2859 1343 2945 integrum
1371 2858 1438 2925 illic
1458 2882 1496 2924 ac

259 2964 478 3031 favorabilem
492 2965 768 3052 proconsulatum
794 2965 964 3044 Vitellius,
991 2966 1159 3030 famosum
1178 2966 1390 3053 invisumque
1408 2968 1497 3031 Ves-

260 3074 420 3161 pasianus
440 3081 567 3160 egerat.
596 3114 638 3123 —
670 3073 711 3149 ΙΙ,
743 3077 798 3161 98.
821 3075 872 3138 Ac
899 3075 1008 3161 primo
1029 3072 1185 3138 Valerius
1216 3074 1338 3138 Festus
1365 3074 1496 3160 legatus

257 3181 369 3245 studia
392 3182 649 3269 provincialium
670 3204 747 3246 cum
772 3181 837 3245 title
869 3182 973 3258 iuvit;
1001 3205 1079 3245 mox
1102 3180 1254 3252 nutabat.
1272 3182 1384 3268 palam
1407 3182 1499 3274 epis-¹

261 3288 341 3353 tulis
351 3287 538 3377 edictisque
554 3288 744 3362 Vitellium,
762 3290 904 3353 occultis
924 3289 1052 3353 nuntiis
1070 3289 1316 3376 Vespasianum
1333 3290 1494 3354 locens...

258 3395 465 3482 Deprehensi
480 3418 557 3460 cum
572 3395 695 3459 litteris
711 3395 897 3483 edictisque
911 3395 1150 3482 Vespasiani...
1170 3395 1316 3459 militum
1329 3404 1360 3459 ct
1379 3405 1489 3461 centu·

257 3503 388 3567 rionum
404 3501 543 3590 quidam
563 3503 606 3567 ad
630 3502 804 3567 Vitellium
830 3503 922 3567 missi
955 3510 1130 3567 necantur.
1155 3502 1273 3566 l'lures
1300 3502 1491 3571 lelellerc...

259 3610 308 3675 lta
324 3610 449 3675 Vitellii
473 3618 611 3698 paratus
625 3610 863 3689 noscebantur,
879 3610 1078 3697 Vespasiani
1095 3610 1317 3674 consiliorum
1333 3610 1495 3699 pleraque

256 3719 384 3806 ignota,
403 3718 550 3804 primum
572 3718 725 3783 socordia
748 3718 916 3785 Vitellii...
936 3757 981 3769 —
1004 3719 1045 3793 ll,
1068 3743 1122 3807 99.
1145 3719 1321 3806 (Caecina)
1341 3719 1494 3785 odiorum

261 3823 475 3913 invidiaeque
492 3849 570 3912 erga
591 3825 733 3891 Fabium
747 3825 924 3891 Valentem
942 3825 1198 3902 admonebatur,
1220 3835 1255 3890 ut
1280 3827 1387 3913 impar
1406 3829 1496 3914 apud

260 3931 435 3999 Vitellium
459 3933 602 4019 gratiam
628 3934 785 4022 viresque
812 3934 901 4022 apud
930 3958 1056 3999 nevum
1078 3935 1263 4022 principem
1284 3944 1428 4022 pararet.
1451 3975 1494 3985 —

260 4040 302 4117 ll,
326 4064 396 4105 roo.
424 4041 567 4106 Caecina
584 4064 600 4105 e
620 4040 802 4128 complexu
828 4042 956 4107 Vitellii
981 4043 1089 4107 multo
1118 4065 1195 4106 cum
1216 4043 1341 4107 honore
1369 4043 1496 4129 digres-

260 4171 360 4215 sus...
382 4146 530 4213 Lucilius
551 4150 677 4213 Bassus
713 4158 787 4237 post
819 4150 1063 4237 praefecturam
1083 4151 1155 4214 alae.
1187 4150 1376 4215 llavennati
1393 4151 1494 4216 simul

257 4281 295 4320 ac
327 4256 511 4321 Misenensi
539 4257 705 4321 classibus
732 4283 749 4322 a
787 4257 922 4322 Vitellio
963 4258 1218 4346 praepositus...
1259 4296 1301 4307 -
1337 4259 1379 4332 ll,
1420 4283 1492 4325 ror.

257 4363 362 4428 Nobis
376 4387 478 4451 super
500 4365 636 4429 insitam
656 4365 872 4431 levitatem...
903 4365 1129 4431 aemulatione
1158 4365 1258 4430 etiam
1289 4365 1493 4454 invidiaque.

257 4494 298 4536 ne
348 4471 389 4535 ab
432 4471 507 4535 aliis
547 4471 636 4559 apud
689 4472 862 4538 Vitellium
914 4474 1134 4546 anteirentur,
1188 4474 1390 4560 pervertisse
1430 4474 1493 4561 ipsi

258 4579 430 4644 Vitellium
468 4578 637 4646 ridentur.
675 4581 818 4645 tiaecina
852 4580 1004 4666 legiones
1040 4579 1223 4644 adsecutus
1259 4582 1494 4646 centurionum

255 4685 467 4773 militumque
483 4687 614 4751 animos
638 4688 828 4753 obstinatos
854 4711 914 4776 pru
933 4688 1069 4752 Vitellio
1086 4687 1187 4751 variis
1202 4686 1332 4751 artibus
1354 4687 1492 4752 subrue-

256 4793 355 4861 bat...
378 4832 416 4842 -
440 4793 500 4874 lll,
524 4820 550 4860 1.
574 4794 703 4873 Quibus
718 4795 862 4883 opperiri
877 4795 1043 4860 auxilia...
1063 4793 1251 4863 videbatur.
1271 4796 1490 4860 Germanica·

256 4925 330 4966 rum
359 4900 530 4986 legionum
557 4902 626 4966 vim
657 4903 847 4991 famamque
875 4901 1086 4967 extollebant
1120 4910 1152 4966 et
1192 4901 1370 4966 advenisse
1414 4925 1493 4967 mox

258 5032 334 5072 cum
361 5006 495 5071 Vitellio
519 5009 702 5073 ltritannici
733 5010 903 5074 exercitus
918 5008 1050 5074 robora.
1065 5047 1106 5058 -
1124 5008 1183 5078 lll.
1203 5033 1233 5072 2.
1257 5008 1313 5072 Ad
1332 5031 1370 5072 ea
1385 5009 1496 5074 Anto-

501 5305 904 5508 fl
