3709 6234
379 871 433 925 tuo
546 880 550 887 ·
884 945 886 950 Ι
945 873 1091 927 rraamvs

422 1015 567 1103 epistula
583 1021 749 1102 precatuS,
772 1014 873 1080 vertit
889 1015 924 1080 iu
940 1015 1144 1082 Sabinum...
1170 1015 1353 1101 (Damnato
1377 1015 1505 1081 Sabino
1536 1016 1678 1102 cogita-

425 1126 507 1192 bant
526 1123 632 1213 cives)
652 1150 718 1190 non
742 1125 994 1214 imprudentem
1009 1125 1180 1192 Tiberium
1202 1132 1332 1191 tantam
1348 1124 1513 1190 invidiam
1530 1126 1674 1196 adisse:

424 1233 615 1321 quaesitum
642 1232 921 1321 meditatumque.
949 1255 991 1298 ne
1015 1233 1138 1322 quid...
1154 1268 1198 1283 -
1214 1234 1245 1308 d,
1265 1230 1672 1319 71..tvebatani1nus...

425 1341 583 1406 statim...
610 1363 796 1406 memorare
815 1340 939 1418 exitus,
958 1363 1044 1428 quos
1062 1340 1215 1406 Latinius
1235 1347 1336 1427 atque
1352 1339 1477 1427 Opsius
1492 1339 1674 1428 ceterique

425 1449 543 1537 llagitii
572 1450 643 1514 eius
672 1457 859 1535 repertores
883 1447 1041 1527 habuere,
1067 1471 1135 1512 non
1163 1446 1264 1512 modo
1285 1455 1464 1535 postquam
1479 1447 1520 1514 C.
1540 1446 1675 1513 Caesar

380 1620 382 1624 .
423 1580 535 1621 rerum
556 1557 684 1643 potitus
703 1563 766 1631 est,
784 1554 843 1619 sed
862 1554 1026 1620 incolumi
1047 1555 1190 1631 Tiberio,
1219 1555 1276 1643 qui
1298 1554 1462 1620 scelerum
1487 1556 1672 1621 ministros

425 1672 462 1729 ut
480 1664 627 1751 perverti
640 1662 682 1728 ab
697 1662 773 1728 aliis
789 1661 938 1740 nolebat,
956 1662 1002 1727 ita
1018 1661 1218 1751 plerumque
1239 1661 1381 1727 satiatus
1412 1670 1445 1727 et
1473 1661 1604 1728 oblatis
1634 1663 1671 1727 in

423 1768 577 1834 eamdem
607 1792 743 1856 operam
777 1767 971 1834 recentibus
1003 1775 1135 1833 veteres
1177 1775 1211 1833 et
1244 1791 1445 1856 praegraves
1485 1770 1670 1836 adflixit...

423 1876 560 1941 Nullam
577 1898 683 1965 aeque
710 1875 875 1956 Tiberius,
915 1883 954 1940 ut
983 1873 1130 1956 rebatur,
1165 1898 1206 1940 ex
1242 1875 1425 1941 virtutibus
1454 1876 1526 1941 suis
1561 1901 1669 1967 quam

422 1982 729 2048 dissimulationem
751 1982 935 2070 diligebat;
958 2007 997 2048 eo
1017 1983 1149 2070 aegrius
1173 1983 1301 2071 accepit
1325 1982 1453 2049 recludi
1466 1983 1526 2071 (ab
1542 1985 1670 2050 Asinio

422 2090 548 2177 Gallo),
575 2114 661 2179 quae
693 2099 871 2179 premeret.
904 2127 949 2141 -
974 2096 1006 2172 d,
1039 2092 1092 2179 74.
1112 2090 1250 2155 Clarum
1275 2090 1352 2155 inde
1367 2090 1455 2157 inter
1474 2092 1670 2158 Germanos

423 2197 568 2263 Frisium
608 2221 743 2277 nomen,
780 2197 1017 2263 dissimulante
1053 2197 1186 2263 Tiberio
1215 2196 1352 2268 damna,
1383 2221 1424 2263 ne
1452 2199 1507 2263 eui
1534 2198 1669 2265 bellum

423 2306 676 2393 permitteret...
714 2305 927 2394 Quamquam
969 2305 1115 2370 diversis
1144 2328 1245 2392 super
1275 2304 1376 2371 rebus
1404 2305 1671 2373 consulerentur

421 2413 576 2500 (patres),
609 2436 702 2479 aram
728 2412 939 2493 clementiae,
976 2436 1067 2478 aram
1101 2412 1268 2478 amicitiae
1302 2412 1496 2501 effigiesque
1536 2413 1669 2479 circum

423 2519 579 2585 Caesaris
603 2543 641 2585 ao
666 2520 780 2585 Seiani
801 2543 1004 2587 censuere...
1027 2559 1070 2568 —
1089 2522 1123 2602 ά,
1138 2519 1191 2606 75.
1213 2520 1368 2586 Tiberius
1384 2528 1520 2609 neptem
1538 2522 1671 2610 Agrip-

421 2627 535 2714 pinam
559 2628 761 2693 Germanico
789 2634 898 2693 ortam
917 2651 995 2693 cum
1009 2651 1122 2693 coram
1143 2626 1206 2693 Cn.
1230 2626 1377 2693 Domitio
1394 2627 1611 2704 tradidisset,
1633 2629 1670 2693 in

422 2733 503 2799 urbe
521 2734 683 2800 celebrari
704 2735 840 2822 nuptias
861 2736 972 2800 iussit.
995 2773 1037 2784 -
1063 2734 1096 2808 5,
1122 2760 1155 2798 a.
1185 2733 1350 2815 Tiberius,
1374 2734 1466 2823 quod
1494 2736 1672 2824 supremis

424 2842 457 2906 in
498 2849 640 2908 matrem
672 2841 793 2907 olliciis
819 2842 994 2919 defuisset,
1028 2842 1113 2906 nihil
1157 2848 1286 2907 mutata
1316 2843 1521 2909 amoenitate
1558 2844 1667 2922 vitae,
1751 2845 1754 2850 ’

421 2948 690 3036 magnitudinem
723 2950 936 3036 negotiorum
969 2972 1028 3037 per
1060 2949 1191 3016 litteras
1225 2950 1411 3026 excusavit,
1445 2949 1671 3040 honoresque

421 3056 602 3121 memoriae
646 3056 759 3122 eius...
806 3056 1000 3122 decretos...
1041 3056 1269 3129 imminuit
1308 3057 1443 3121 Fufium
1484 3057 1670 3124 consulem

421 3162 557 3251 oblique
586 3163 861 3251 perstringens...
893 3164 1000 3229 Dieax
1026 3164 1115 3229 idern
1132 3172 1167 3230 et
1190 3163 1360 3229 Tiberium
1383 3162 1511 3230 acerbis
1532 3164 1671 3231 facetiis

421 3270 565 3335 inridere
581 3270 800 3337 solitus...-
816 3271 849 3349 5,
875 3270 906 3337 3.
932 3272 1099 3338 Incolumi
1123 3273 1281 3358 Augusta
1309 3279 1381 3337 erat
1408 3271 1517 3337 adhuc
1551 3274 1670 3361 perlu-

419 3379 524 3460 giuui,
561 3379 640 3465 quia
669 3377 801 3443 'liberio
835 3380 1059 3444 inveteratum
1105 3403 1182 3466 erga
1228 3387 1369 3444 matrem
1413 3378 1666 3468 obsequium...

420 3485 586 3565 Tiberius,
605 3486 667 3551 etsi
684 3485 813 3550 inlense
829 3487 984 3551 invectus
997 3487 1046 3571 (in
1060 3487 1285 3574 Agrippinam
1302 3510 1339 3551 ac
1352 3486 1538 3568 Neronem)
1551 3497 1667 3554 cetera

419 3592 578 3677 ambigua
593 3592 787 3680 reliquerat.
805 3632 848 3642 —
864 3593 895 3671 5,
915 3597 947 3670 Δ.
970 3594 1048 3658 Fuit
1058 3594 1092 3658 in
1108 3602 1228 3658 senatu
1243 3594 1360 3658 lunius
1378 3594 1551 3670 llusticuS,
1572 3619 1669 3661 com-

420 3700 584 3785 ponendis
612 3708 745 3786 patrum
770 3702 854 3765 actis
872 3700 1025 3766 delectus
1044 3726 1062 3765 a
1082 3701 1265 3766 Caesare...
1285 3700 1479 3788 Populus..
1516 3702 1669 3768 circum-

422 3807 512 3871 sistit
549 3808 676 3871 curiam
715 3808 902 3895 faustisque
932 3809 965 3871 in
992 3808 1171 3874 Caesarem
1197 3806 1367 3872 ominibus
1398 3807 1500 3872 falsas
1531 3809 1672 3876 litteras

421 3922 453 3978 et
500 3915 650 4002 principe
701 3915 807 3979 invito
855 3916 996 3980 exitium
1044 3915 1159 3980 domui
1208 3916 1279 3980 eius
1322 3915 1453 3981 intendi
1490 3915 1666 3984 clamitat.

421 4059 463 4068 ——
485 4020 515 4099 5,
533 4024 565 4087 5.
583 4022 707 4087 Caesar
719 4023 870 4109 repetitis
891 4022 1071 4087 adversum
1087 4030 1244 4110 nepotem
1270 4029 1302 4087 et
1319 4046 1440 4087 nurum
1461 4023 1599 4110 probris
1618 4028 1669 4091 in-

420 4129 612 4216 crepitaque
628 4152 686 4216 per
706 4130 852 4195 edictum
874 4129 983 4217 plebe,
1007 4139 1147 4217 questus
1161 4130 1250 4217 apud
1263 4138 1388 4217 patres
1406 4129 1557 4217 quod...
1577 4133 1670 4198 inte-

419 4261 478 4319 gra
495 4244 606 4301 tamen
623 4236 683 4300 sibi
701 4246 821 4302 cuncta
838 4238 1037 4324 postulavit.
1056 4274 1096 4286 -
1118 4240 1148 4316 5,
1169 4263 1200 4325 7,
1219 4237 1334 4324 Neque
1348 4239 1473 4302 Cacsar
1492 4238 1577 4303 ullis
1600 4243 1669 4305 cri·

421 4343 567 4407 minibus
580 4352 638 4408 aut
653 4344 785 4431 probris
801 4344 997 4410 defunctum
1014 4346 1198 4410 insectatus
1227 4352 1290 4419 est,
1327 4368 1402 4409 eum
1438 4346 1471 4408 iu
1499 4345 1669 4414 Blaesum

422 4450 526 4514 nuilla
543 4451 706 4539 foedaque
719 4452 955 4518 incusavisset.
968 4491 1011 4500 —
1024 4452 1056 4528 5,
1080 4454 1111 4516 8.
1151 4452 1359 4539 Pomponius
1393 4453 1668 4541 (Secundus)....

420 4556 500 4621 dum
522 4559 699 4623 adversam
720 4560 888 4624 fortunam
903 4584 1031 4649 aequus
1047 4558 1180 4639 tolerat,
1197 4558 1328 4624 'liberio
1343 4568 1515 4647 superstes
1532 4562 1615 4631 suit.
1627 4604 1672 4615 -

421 4667 452 4744 Γ),
475 4690 524 4730 ιο.
547 4665 683 4751 (Falsus
704 4666 850 4753 Drusus)
865 4676 937 4731 erat
952 4667 1083 4732 iuvenis
1110 4666 1201 4731 haud
1226 4666 1353 4756 dispari
1378 4675 1499 4742 aetate,
1522 4671 1673 4758 quibus·

420 4771 497 4835 darn
514 4772 667 4837 Caesaris
682 4772 812 4839 libertis
827 4774 922 4839 velut
949 4774 1150 4861 adgnitus..
1180 4776 1389 4862 Scripsitque
1414 4776 1495 4839 haec
1524 4777 1673 4845 Tiberio

421 4879 614 4966 (Poppaeus
625 4879 798 4968 Sabinus).
822 4920 864 4929 -
886 4881 917 4960 6,
940 4905 966 4946 1.
987 4881 1110 4945 Caesar
1127 4881 1294 4963 tramissa,
1323 4880 1414 4970 quod
1444 4880 1600 4969 Capreas
1636 4897 1674 4954 et

421 4986 621 5051 Surrentum
651 4988 814 5066 interluit,
847 4988 930 5053 lreto
958 4989 1179 5078 Campaniam
1212 4988 1440 5077 praelegebat,
1477 4990 1673 5081 ambiguus

1628 5345 1759 5513 1,
