3709 6234
326 964 328 967 .
394 913 444 967 374
856 916 907 970 cu.
920 914 1026 967 IVLIVS
1048 911 1211 966 lcumena

438 1056 598 1144 Agricola
613 1056 792 1145 expulsum
816 1056 982 1122 seditione
1019 1054 1202 1121 domestica
1221 1078 1325 1119 unum
1344 1078 1386 1120 ex
1402 1052 1677 1142 regulisffliber·

441 1165 529 1250 niae)
549 1173 769 1251 exceperat...
793 1203 836 1214 -
853 1164 905 1230 25.
924 1162 1084 1249 (Classis)
1099 1162 1140 1227 ab
1156 1162 1316 1250 Agricola
1332 1162 1477 1250 primum
1495 1162 1676 1249 adsumpta

440 1273 473 1337 in
489 1279 618 1361 partem
634 1272 754 1337 virium
770 1270 975 1360 sequebatur
1002 1270 1136 1357 egregia
1165 1270 1286 1358 specie.
1322 1308 1352 1318 -
1366 1269 1421 1335 26.
1437 1269 1599 1356 Agricola
1613 1268 1678 1333 iter

440 1380 588 1445 hostiurn
604 1379 646 1444 ab
662 1378 934 1467 exploratoribus
948 1378 1130 1444 edoctus...
1160 1416 1201 1426 —
1229 1401 1282 1467 29.
1307 1377 1406 1443 Initio
1422 1379 1561 1442 aestatis
1577 1377 1678 1463 Agri·

440 1487 513 1552 cola
533 1486 718 1552 domestico
739 1486 878 1552 vulnere
899 1487 986 1552 ictus
1019 1508 1108 1550 anno
1136 1493 1214 1550 ante
1239 1494 1356 1551 natum
1372 1485 1478 1550 lilium
1492 1485 1616 1549 amisit.
1636 1523 1679 1533 -

442 1596 495 1660 33.
518 1593 677 1682 Agricola
693 1618 898 1683 quamquam
926 1594 1094 1660 laetum...
1122 1592 1264 1658 militem
1298 1592 1550 1658 accendendum
1569 1592 1679 1657 adhuc

440 1710 534 1768 ratus
549 1702 595 1766 ita
615 1700 816 1768 disseruit...
847 1741 891 1750 —
918 1700 1333 1788 35.ad10quenteadhuc
1355 1699 1514 1787 Agricola
1530 1699 1678 1766 militum

441 1810 541 1875 ardor
555 1808 767 1876 eminebat...
794 1809 967 1896 Agricola,
986 1815 1167 1896 superante
1188 1807 1336 1872 bostium
1357 1806 1574 1873 multitudine
1590 1807 1679 1872 veri·

443 1925 509 1999 tus,
526 1939 568 1980 ne
593 1916 627 1980 in
655 1915 801 1982 frontem
831 1916 932 1980 simul
958 1924 990 1981 et
1010 1915 1116 1981 latera
1132 1939 1269 1980 suorum
1286 1923 1534 2002 pugnaretur...
1558 1953 1601 1963 —
1621 1913 1676 1983 36.

443 2026 559 2090 Donec
588 2023 748 2109 Agricola
778 2024 983 2089 Batavorum
1020 2022 1175 2088 cobortes
1215 2031 1282 2088 tres
1303 2047 1340 2088 ac
1356 2025 1569 2111 Tungrorum
1594 2023 1680 2088 duas

443 2132 637 2197 cohortatus
657 2139 721 2197 est.
737 2170 780 2180 —
803 2130 855 2219 37.
883 2132 921 2196 ld
946 2133 1055 2220 ipsum
1078 2131 1204 2196 veritus
1232 2131 1391 2218 Agricola
1407 2139 1567 2220 quattuor
1585 2132 1681 2219 equi·

443 2249 516 2306 tum
532 2239 644 2305 alas..
663 2237 878 2305 venientibus
895 2238 1123 2328 (opposuit)...
1141 2239 1184 2303 Ni
1199 2239 1357 2327 frequens
1380 2239 1506 2329 ubique
1519 2239 1680 2326 Agricola

443 2347 573 2413 validas
589 2355 623 2413 ct
637 2347 812 2435 expeditas
826 2347 982 2412 cohortes
1009 2346 1178 2434 indaginis
1206 2347 1305 2412 modo
1327 2348 1618 2436 (disposuisset)...
1639 2384 1681 2395 -

445 2456 498 2546 39.
530 2456 628 2521 Hunc
660 2479 770 2520 reruni
802 2479 952 2534 cursum,
971 2478 1175 2543 quamquam
1206 2455 1300 2522 nulla
1322 2454 1502 2521 verborum
1522 2456 1681 2521 iactantia

445 2562 601 2651 epistulis
616 2562 796 2650 Agricolae
823 2571 972 2641 auctum,
994 2571 1032 2629 ut
1062 2564 1254 2628 Domitiano
1271 2565 1471 2643 inmiserat,
1492 2562 1599 2628 lronte
1613 2561 1681 2628 lac·

445 2678 512 2751 tus,
532 2677 667 2758 pectore
696 2669 818 2734 anxius
850 2670 1024 2758 excepit...
1050 2672 1160 2736 Etiam
1178 2679 1248 2736 turn
1281 2671 1441 2758 Agricola
1471 2670 1682 2738 Britanniam

445 2775 649 2843 obtinebat¹.
668 2816 710 2825 —
724 2779 778 2853 40.
796 2777 1039 2866 (Domitianus)
1053 2778 1270 2865 triumphalia
1298 2777 1681 2843 ornanrcnta...deccrni

445 2886 478 2949 in
496 2892 615 2949 senatu
632 2882 726 2948 iubet
740 2883 885 2973 addique
915 2886 1053 2974 insuper
1083 2886 1274 2973 opinionem
1305 2886 1438 2973 Syriam
1472 2885 1681 2974 provinciam

445 2991 626 3080 Agricolae
652 2992 856 3057 destinari...
889 2993 1070 3059 Credidere
1091 2994 1241 3082 plerique
1265 2993 1465 3060 libertum...
1481 2995 1623 3059 missum
1639 2992 1681 3057 ad

446 3100 641 3188 Agricolam
657 3099 842 3182 codicillos,
865 3100 989 3190 quibus
1005 3103 1034 3167 ei
1048 3103 1144 3190 Syria
1161 3102 1316 3174 dabatur.
1338 3101 1464 3168 tulisse.
1538 3124 1682 3190 eumque

446 3208 607 3273 libertum
637 3208 670 3272 in
698 3208 770 3296 ipso
796 3207 880 3273 freto
911 3209 1037 3274 Oceani
1065 3209 1202 3274 obvium
1232 3208 1453 3296 Agricolae...
1485 3208 1683 3276 'l'radiderat

445 3316 581 3380 interim
598 3314 955 3402 Agricolasuccessori
978 3339 1039 3383 suo
1054 3317 1262 3404 provinciam
1291 3318 1439 3405 quietam
1463 3325 1679 3404 tutamque...

448 3423 617 3512 Plerique,
645 3422 768 3511 quibus
797 3447 939 3509 magnos
965 3425 1056 3488 viros
1080 3448 1139 3511 per
1162 3424 1381 3489 ambitionem
1408 3425 1585 3490 aestimare
1609 3448 1683 3489 nros

447 3539 510 3604 est,
527 3532 600 3595 riso
620 3530 847 3618 adspectoque
872 3531 1031 3616 Agricola
1063 3532 1298 3621 (quaerebant)
1323 3533 1488 3599 lamani...
1507 3571 1547 3582 —
1563 3535 1616 3609 dr.
1635 3532 1683 3596 lla

448 3640 597 3704 insecuta
627 3644 706 3701 sunt
728 3638 775 3701 rei
809 3637 964 3724 publicae
993 3646 1157 3726 tempora,
1188 3663 1273 3728 quae
1300 3640 1388 3704 sileri
1406 3639 1600 3726 Agricolam
1616 3663 1683 3704 non

447 3749 637 3811 sinerent...
671 3744 877 3809 Poscebatur
905 3770 962 3810 ore
987 3746 1081 3832 vulgi
1112 3746 1179 3810 dux
1210 3746 1381 3833 Agricola.
1409 3746 1684 3833 comparantibus

449 3855 581 3919 cunctis
598 3854 748 3939 rigorem
765 3860 798 3916 et
812 3853 1037 3918 constantiam
1054 3862 1088 3919 ct
1103 3863 1279 3942 expertum
1301 3854 1399 3918 bellis
1421 3855 1570 3918 animum
1591 3906 1612 3920 ..
1629 3854 1683 3918 Sic

448 3959 608 4048 Agricola
643 3958 743 4023 simul
774 3960 845 4022 suis
874 3960 1072 4036 virtutibus
1102 3962 1201 4026 simul
1237 3963 1328 4027 vitiis
1354 3962 1495 4027 alioruin
1530 3967 1562 4025 in
1576 3962 1682 4048 ipsam

447 4070 589 4156 gloriani
606 4091 765 4156 praeceps
783 4066 956 4154 agebatur.
976 4110 1016 4119 —
1037 4074 1090 4147 lta.
1110 4071 1230 4136 llcciso
1245 4070 1359 4135 Civica
1384 4095 1489 4158 nuper
1508 4094 1568 4135 nec
1584 4071 1684 4156 Agri-

446 4176 540 4242 colae
561 4175 740 4240 consilium
769 4174 883 4240 deerat
919 4199 980 4242 nec
1012 4179 1205 4243 llomitiano
1237 4178 1472 4265 exemplum...
1500 4180 1683 4245 Accessere

447 4283 585 4373 quidam
610 4283 854 4370 cogitationum
876 4284 1039 4372 principis
1070 4287 1179 4373 periti,
1214 4287 1270 4374 qui
1287 4287 1439 4350 iturusne
1455 4296 1543 4351 essct
1560 4288 1591 4351 in
1609 4312 1684 4376 pro·

449 4392 593 4457 vincianr
630 4395 637 4440 l
645 4390 792 4455 Africam
818 4391 871 4456 vel
897 4393 1032 4480 Asiam)
1056 4393 1144 4457 ultro
1174 4394 1368 4480 Agricolam
1394 4395 1682 4482 interrogarent...

447 4499 656 4566 Salarium...
674 4499 1047 4584 proconsuliconsulari
1070 4500 1206 4566 solitum
1232 4501 1342 4566 ollerri
1356 4509 1386 4566 et
1402 4502 1603 4589 quibusdam
1621 4528 1685 4569 ase

449 4608 520 4696 ipso
535 4629 734 4672 concessum
763 4607 943 4694 Agricolae
964 4631 1030 4672 non
1047 4608 1152 4682 dedit,
1173 4610 1244 4673 sire
1259 4610 1409 4674 oll'ensus
1440 4634 1505 4673 non
1528 4613 1683 4697 petitum,

447 4717 559 4781 sire...
592 4713 823 4779 Moderationc
855 4723 967 4780 tamen
995 4715 1240 4805 prudentiaque
1280 4718 1459 4803 Agricolae
1482 4717 1682 4796 leniebatur,

449 4824 609 4912 quianon
630 4825 840 4888 contumacia
857 4847 965 4912 neque
989 4825 1080 4888 inani
1101 4824 1282 4889 iactatione
1306 4823 1474 4890 libertatis
1496 4826 1617 4891 larnarn
1638 4827 1685 4893 la-

438 5053 551 5105 ¹Verba
566 5052 677 5104 ettam...
693 5052 834 5100 obtinebat
851 5053 944 5114 spuria
962 5052 1092 5102 iudicarit
1107 5051 1274 5117 Nipperdey.
