3709 6234
375 865 431 920 708
906 871 937 929 tt.
961 866 1121 920 ttessatttvs

420 1009 452 1084 3,
469 1007 525 1077 63.
549 1038 563 1067 a
585 1009 791 1096 Zmyrnaeos
817 1008 991 1074 oraculum
1008 1007 1191 1095 Apollinis
1213 1006 1310 1071 cuius
1325 1006 1466 1093 imperio
1483 1003 1670 1072 Stratoni-

418 1114 485 1179 cidi
506 1116 627 1180 Veneri
641 1115 808 1203 templum
823 1115 1066 1188 dicaverint...‚
1090 1114 1223 1179 reterre.
1246 1144 1275 1178 n.
1296 1152 1338 1161 -
1357 1116 1385 1190 l,
1406 1115 1458 1190 43.
1475 1112 1669 1200 Segestani

419 1222 535 1287 aedem
556 1223 696 1287 Veneris
714 1230 863 1288 montem
880 1222 970 1311 apud
989 1222 1136 1309 Erycum
1152 1228 1321 1285 vetustate
1340 1219 1511 1307 dilapsam
1530 1227 1667 1285 restau-

420 1329 483 1394 rari
505 1328 733 1417 postulavere,
749 1338 828 1394 nota
842 1336 1068 1394 memorantes
1097 1328 1137 1392 de
1153 1328 1282 1416 origine
1298 1330 1370 1392 eius
1391 1336 1425 1392 et
1444 1326 1536 1394 laeta
1561 1326 1664 1391 Tibe-

418 1436 480 1500 rio.
498 1474 538 1484 -
565 1436 613 1514 16,
642 1460 694 1524 ²7·
720 1437 861 1501 Postera
888 1436 962 1501 luce
990 1436 1076 1500 duae
1103 1434 1289 1523 praetoriae
1319 1434 1476 1500 cohortes
1507 1444 1663 1500 armatae

419 1543 584 1630 templum
596 1543 933 1609 GenetricisVeneris
950 1543 1114 1619 insedere,
1126 1542 1255 1607 aditum
1271 1549 1408 1606 senatus
1421 1540 1547 1628 globus
1565 1550 1663 1626 toga-

418 1657 529 1715 torum
558 1650 778 1715 obsederat...
804 1688 846 1698 -
873 1650 916 1728 ΙΙ,
950 1676 981 1715 2.
1010 1650 1152 1736 (Titum)
1180 1648 1302 1736 cupido
1339 1649 1478 1714 incessit
1508 1648 1661 1714 adeundi

419 1756 617 1845 visendique
643 1756 806 1845 templum
833 1757 979 1844 Paphiae
1009 1757 1161 1834 Veneria,
1195 1755 1361 1821 inclutum
1391 1779 1450 1843 per
1476 1756 1662 1842 indigenas

419 1864 646 1951 advenasque.
666 1864 765 1929 llaud
786 1864 885 1929 luerit
910 1864 1051 1950 longum
1081 1864 1176 1928 initia
1193 1862 1380 1950 religionis.
1398 1861 1518 1950 templi
1538 1864 1660 1933 ritum.

419 1970 561 2036 lormam
577 1971 671 2052 deae,
692 1995 801 2061 neque
823 1972 911 2036 enim
935 1971 1014 2036 alibi
1035 1972 1083 2034 sic
1107 1969 1259 2046 liabetur,
1286 1971 1401 2057 paucis
1423 1969 1593 2035 disserere
1608 1970 1659 2035 ¹...

375 2080 387 2106 *
404 2077 640 2154 VENVSIVS.
653 2101 685 2144 v.
704 2078 940 2143 VENVTIVS.

377 2183 612 2249 t'ENVTIVs‘.
634 2188 818 2262 -12‚.40.
839 2186 920 2250 Post
940 2193 1078 2273 captum
1103 2186 1304 2251 Caratacum
1329 2184 1530 2273 praecipuus
1551 2184 1659 2272 (apud

421 2290 617 2379 Britannos)
630 2292 770 2358 scientia
793 2292 840 2357 rei
856 2291 1014 2357 militaris
1031 2292 1209 2370 Venutius,
1226 2317 1256 2357 *e
1274 2292 1471 2378 Brigantum
1503 2292 1658 2362 civitate.

418 2405 569 2487 utsupra
584 2400 781 2473 memoravi,
798 2399 953 2487 lidusque
968 2400 1026 2465 diu
1041 2407 1075 2464 et
1087 2399 1251 2465 Romanis
1266 2399 1369 2464 armis
1384 2397 1557 2478 defensus,
1581 2422 1659 2464 cum

420 2506 699 2573 Cartimanduam
720 2507 871 2593 reginam
896 2508 1113 2572 matrimonio
1138 2515 1291 2586 teneret;
1315 2530 1393 2571 mox
1410 2514 1484 2571 orto
1512 2506 1661 2571 discidio

421 2620 455 2678 et
468 2615 584 2679 statim
607 2614 696 2679 bello
715 2615 816 2678 etiam
833 2614 998 2679 adversus
1018 2638 1081 2679 nos
1098 2614 1233 2680 hostilia
1257 2614 1424 2679 induerat.
1454 2613 1522 2678 Sed
1546 2613 1661 2701 primo

420 2728 553 2786 tantum
571 2722 658 2787 inter
682 2722 774 2809 ipsos
794 2720 997 2797 certabatur,
1020 2721 1219 2810 callidisque
1251 2721 1492 2787 Cartimandua
1526 2720 1662 2785 artibus

383 2915 386 2920 Ι
421 2827 557 2894 tratrem
570 2852 608 2893 ac
621 2829 829 2917 propinquos
843 2828 980 2893 Venutii
997 2830 1187 2916 intercepit.
1205 2867 1246 2878 -
1268 2829 1326 2906 ΙΙΙ,
1343 2828 1397 2906 45.
1421 2827 1560 2893 Crebris
1577 2827 1661 2893 belli

420 2934 531 3001 civilis
547 2935 740 3001 rumoribus
755 2936 907 3001 Britanni
923 2936 1091 3002 sustulere
1106 2938 1238 3002 animos
1248 2944 1383 3002 auctore
1400 2936 1547 3001 Venutio
1558 2935 1585 3013 ‘·‘‚
1602 2935 1661 3024 qui

422 3066 522 3131 super
537 3043 673 3108 insitam
688 3043 888 3109 ferociam...
906 3044 1050 3131 propriis
1069 3045 1102 3109 in
1118 3044 1393 3110 Cartimanduam
1420 3043 1578 3128 reginam
1601 3043 1663 3108 sti·

419 3150 521 3216 mulis
540 3149 812 3217 accendebatur..
845 3151 966 3239 Spreto
982 3152 1140 3232 Venutio,
1164 3151 1267 3216 isfuit
1281 3152 1433 3224 maritus,
1449 3149 1662 3237 armigerum

378 3296 382 3304 ·
420 3258 491 3322 eius
511 3257 724 3323 Vellocatum
758 3258 792 3322 in
828 3259 1080 3323 matrimonium
1107 3282 1315 3347 regnumque
1343 3258 1515 3344 accepit...
1549 3257 1664 3343 Igitur

423 3366 585 3431 l'enutius
606 3366 722 3430 accitis
742 3365 889 3433 auxiliis.
911 3366 1009 3430 simul
1034 3368 1182 3453 ipsorum
1215 3367 1411 3453 Brigantum
1446 3365 1656 3434 delectione.

421 3472 453 3536 in
480 3482 668 3538 extremum
694 3474 874 3538 discrimen
902 3474 1179 3539 Cartimanduam
1208 3474 1360 3538 adduxit.
1385 3474 1468 3537 Tum
1498 3474 1607 3560 petita
1645 3500 1661 3537 u

421 3580 581 3644 llumanis
625 3581 832 3667 praesidia...
864 3605 1059 3647 exemere...
1102 3581 1249 3668 periculo
1289 3582 1450 3664 reginam.
1497 3581 1661 3664 Regnum

421 3688 575 3766 Venutio,
599 3687 726 3752 bellum
739 3688 835 3753 nobis
857 3688 1026 3753 relictum.

378 3794 616 3858 l'EllANl.t³⁵.
640 3832 683 3845 —
696 3796 720 3861 l.
738 3799 791 3883 47.
814 3796 971 3861 Pisonem
988 3797 1227 3883 (Licinianum)
1244 3797 1385 3859 l'erauia
1401 3819 1535 3860 uxorac
1554 3796 1664 3863 lrater

421 3901 701 3966 Scribonianus...
717 3927 946 3989 composuere.

376 4014 416 4084 t).
437 4007 678 4081 t'Ellet's,
712 4010 976 4076 t’ElltNltffi
1000 4050 1041 4059 -
1068 4038 1097 4082 2,
1127 4013 1178 4077 56.
1204 4012 1421 4098 Cappadoces
1448 4011 1480 4074 iu
1514 4011 1663 4078 sormam

409 4188 414 4219 ¹
434 4187 465 4233 V.
480 4189 561 4234 etiam
578 4188 610 4236 ll.
623 4189 646 4234 s.

405 4268 415 4299 '·'
431 4268 567 4314 Mediceus
583 4269 650 4314 alter
664 4269 761 4328 ubique
779 4269 803 4313 iu
824 4269 873 4312 lun·
890 4269 978 4328 capite
997 4268 1075 4314 lrabct
1098 4283 1182 4314 crenus
1197 4304 1211 4314 ..
1228 4269 1301 4314 tiore.
1319 4268 1465 4328 ltipuutini.

407 4350 417 4381 3
436 4348 549 4395 l'crania
567 4349 690 4395 (lentina.
704 4349 825 4400 l'uusuc..
839 4350 891 4396 268.
914 4350 979 4396 lilia
995 4351 1052 4396 eius
1066 4350 1109 4409 qui
1125 4351 1257 4409 sequitur.

406 4429 414 4462 t
436 4430 557 4480 l‘uosuc..
576 4431 620 4476 atis»
635 4434 662 4476 et
678 4430 886 4477 266.l)ii·ersuru
906 4446 919 4475 a
942 4431 1094 4476 Germanici
1113 4429 1284 4490 lcgatoeurn,
1301 4430 1344 4490 qui
1362 4429 1465 4488 collega
1481 4429 1510 4475 C.
1534 4429 1664 4494 l’umpeii

376 4511 557 4557 inconsulutu
576 4511 635 4559 luit.
654 4525 714 4556 rirox
734 4510 887 4557 Britanniae
906 4511 1032 4571 praefuit,
1052 4511 1191 4557 corilirmal
1218 4510 1320 4556 llessuu
1341 4525 1392 4556 uon
1414 4510 1480 4557 sutis
1506 4511 1621 4562 calatis.
1638 4522 1664 4561 ut

376 4590 439 4636 milri
463 4592 572 4652 quidem
600 4591 714 4648 ridetur,
737 4593 920 4652 argumentis:
942 4615 951 4631 ι·
981 4591 1062 4639 Vix...
1089 4591 1171 4652 isqui
1192 4606 1214 4637 a.
1235 4594 1261 4635 18
1284 4590 1482 4652 Cappadociam
1512 4596 1666 4652 regendarii

375 4673 503 4733 suscepit,
525 4672 648 4733 quumvis
672 4672 830 4718 adulescens
855 4672 944 4720 tuerit.
964 4672 1141 4732 quadraginta
1159 4672 1235 4718 anuis
1258 4676 1353 4732 postca
1376 4672 1475 4717 missus
1493 4676 1538 4720 est
1556 4674 1585 4721 iu
1606 4676 1667 4722 ttri-

375 4754 493 4800 tunniam
514 4753 680 4813 provinciam
700 4752 872 4814 longinquam
892 4758 918 4799 et
944 4753 1109 4800 bellicosam.
1131 4773 1141 4793 »
1161 4755 1194 4798 At
1217 4752 1288 4798 cuim
1312 4751 1622 4808 DidiuniGallu1u,cur

375 4848 405 4879 ea
424 4833 557 4892 legatione
578 4834 706 4878 smcessit
726 4834 757 4886 Q.
780 4833 913 4879 Veranius
940 4839 986 4888 snt.
1016 4836 1065 4895 29),
1086 4837 1209 4881 'testatur
1226 4834 1335 4880 'lucitus
1358 4833 1439 4879 t'uissc
1465 4837 1534 4884 tum.
1550 4851 1618 4883 cum

377 4914 542 4961 Britanniam
559 4915 657 4960 missus
671 4918 720 4962 est.
735 4918 875 4960 senectute
891 4929 998 4972 gravem
1012 4919 1060 4975 (ia.
1078 4916 1126 4970 rto.
1144 4942 1172 4949 —
1188 4916 1307 4963 lliiussu.
1329 4914 1440 4976 liplrern.
1455 4912 1538 4976 rpiq..
1558 4915 1596 4966 ΙΙ,
1614 4920 1646 4979 73

376 5019 386 5037 a
404 4996 503 5041 Consul
519 4994 633 5041 fortusse
649 4995 719 5041 silius
733 4996 811 5054 legati
832 5012 853 5040 n.
873 4995 938 5040 ltcur
957 4995 1055 5042 l'sruv.
1076 4996 1120 5043 l'l.
1137 4996 1207 5051 2465.
