3709 6234
282 851 334 909 230
866 856 967 909 ataui

328 1021 392 1062 nus
418 997 594 1084 Messalla)
634 1028 647 1057 a
669 998 759 1063 lnter
788 998 922 1064 Atticos
945 1004 1096 1062 oratores
1123 996 1251 1083 primae
1271 994 1495 1061 Demostheni
1510 994 1563 1060 tri·

328 1104 489 1180 buuntur,
516 1106 707 1193 proximum
723 1113 836 1172 autom
869 1105 980 1169 locum
1011 1104 1199 1169 Aeschines
1237 1110 1271 1168 et
1303 1101 1499 1191 Hyperides
1533 1109 1565 1167 et

329 1212 449 1299 Lysias
466 1221 499 1278 et
520 1213 696 1301 Lycurgus
722 1212 918 1278 obtinent...
944 1236 960 1276 a
976 1250 1021 1262 -
1042 1212 1094 1275 32.
1115 1239 1129 1270 α
1155 1210 1434 1290 Demosthenem,
1469 1233 1565 1298 quem

327 1320 616 1385 studiosissimum
648 1320 800 1386 Platonis
829 1319 1016 1385 auditorem
1050 1319 1154 1383 luisse
1184 1318 1365 1383 memoriae
1394 1317 1563 1405 proditum

328 1435 391 1492 est.
412 1452 428 1490 a
443 1467 482 1477 -
500 1427 552 1516 37.
578 1428 756 1517 (Loquitur
784 1428 974 1515 Maternus)
1002 1425 1124 1507 «Non,
1146 1425 1278 1513 opinor,
1301 1424 1564 1490 Demosthenem

328 1536 497 1599 orat-iones
511 1533 705 1608 inlustrant,
723 1559 807 1623 quas
822 1535 988 1599 adversus
1002 1541 1131 1599 tutores
1146 1556 1226 1597 suos
1240 1531 1474 1620 composuit...
1497 1559 1513 1593 a

289 1640 469 1706 llllNTlllt
500 1641 744 1708 lttjtttvltvs.
775 1682 817 1691 -·
844 1641 876 1708 6.
907 1666 956 1707 ιι.
994 1642 1119 1706 Ferunt
1138 1692 1160 1706 ..
1180 1639 1222 1704 ab
1243 1638 1388 1704 llomulo
1405 1640 1564 1706 Dentrem

331 1747 526 1813 ltomulium
546 1801 568 1815 ..
591 1749 676 1836 (urbi
694 1750 917 1838 impositum).

286 1855 589 1921 ttuuTuALmS.
612 1896 656 1904 —
671 1860 702 1934 t,
721 1856 775 1933 ll.
800 1857 960 1921 Messenii
975 1864 1122 1921 veterem
1139 1856 1227 1920 inter
1243 1854 1398 1919 llerculis
1412 1861 1565 1941 posteros

329 1962 530 2028 divisionem
567 1962 791 2052 Peloponnesi
821 1963 1003 2051 protulere,
1041 1986 1169 2050 suoque
1197 1962 1268 2049 regi
1298 1959 1564 2028 Denthaliatem¹

330 2093 461 2156 agrum,
480 2071 514 2134 iu
531 2094 598 2159 quo
613 2071 757 2159 (Dianae
784 2071 1000 2158 Limnatidis)
1016 2069 1208 2157 delubrum,
1225 2069 1379 2134 cessisse.

293 2178 445 2243 DIALlS
476 2178 676 2258 FLAMEN,
703 2179 861 2244 blatta
887 2178 1053 2258 saciat,
1077 2177 1257 2244 DIALES.
1283 2215 1324 2225 —
1346 2176 1378 2254 3,
1406 2177 1461 2243 58.
1488 2175 1566 2241 Ser·

329 2286 405 2350 vius
421 2285 669 2374 Maluginensis
688 2288 809 2351 tlamen
832 2285 950 2368 Dialis,
965 2293 1003 2350 ut
1023 2285 1140 2349 Asiam
1166 2292 1255 2349 sorte
1280 2282 1429 2363 haberet,
1447 2291 1564 2371 postu-

329 2394 424 2475 larit,
443 2393 566 2459 frustra
579 2393 755 2481 vulgatum
772 2393 932 2458 dictitans
952 2416 1018 2457 non
1034 2393 1133 2457 licere
1151 2391 1304 2456 Dialibus
1319 2390 1433 2477 egredi
1452 2389 1561 2468 ltalia,

331 2524 438 2589 neque.
453 2501 543 2566 aliud
565 2503 616 2565 ius
641 2524 754 2572 suum.
783 2524 884 2588 quam
901 2500 1107 2565 Martialium
1134 2498 1428 2586 Quirinaliumque
1455 2497 1564 2563 llami-

330 2631 411 2672 num
426 2632 433 2688 ;
450 2633 561 2697 porro,
580 2610 607 2672 si
619 2608 837 2672 hiduxissent
851 2608 1053 2696 provinciae,
1067 2605 1290 2671 curDialibus
1301 2604 1335 2669 id
1348 2606 1492 2671 vetitum
1508 2606 1562 2670 l...

329 2715 436 2803 Saepo
458 2716 634 2803 pontiliees
660 2715 770 2780 Dialia
798 2738 891 2779 saera
922 2715 1053 2794 fecisse,
1074 2715 1102 2778 si
1131 2715 1253 2778 llamen
1279 2711 1473 2778 valetudine
1507 2719 1565 2777 uut

332 2846 467 2887 inuuere
483 2822 617 2910 publico
632 2822 861 2910 impediretur.
879 2859 923 2874 -
939 2821 969 2902 3,
997 2846 1049 2909 7¹·
1070 2821 1219 2885 Dilatum
1241 2843 1348 2908 nuper
1363 2842 1564 2908 responsum

330 2929 491 2994 adversus
504 2930 657 2996 Servium
672 2929 941 3017 Maluginensem
955 2930 1124 2994 llaminem
1135 2927 1266 2993 Dialem
1276 2927 1444 3016 prompsit
1452 2926 1565 3014 (Tibe-

332 3037 415 3122 rius)
431 3036 555 3102 Cacsar
569 3037 788 3126 recitavItque
814 3037 987 3103 decretum
1002 3038 1211 3125 pontificum.
1233 3037 1389 3125 quotiens
1406 3034 1565 3101 valetudo

331 3143 471 3209 adversa
497 3146 665 3209 llaminem
685 3144 814 3210 Dialem
835 3145 1042 3228 incessisset,
1063 3152 1100 3209 ut
1126 3143 1296 3233 pontilicis
1313 3142 1452 3208 maximi
1479 3141 1565 3208 arbi·

333 3252 395 3316 trio
416 3252 491 3339 plus
510 3275 611 3340 quam
628 3251 812 3318 binoctium
829 3251 974 3327 abesset,
995 3252 1118 3319 dura...
1135 3253 1227 3329 Quae
1245 3251 1394 3339 principe
1409 3251 1565 3338 Augusto

331 3361 513 3425 constituta
531 3360 613 3423 satis
639 3359 863 3425 ostendebant
882 3383 1028 3424 annuam
1051 3359 1238 3425 absentiam
1259 3365 1292 3423 et
1317 3357 1565 3445 provinciarum

332 3467 658 3533 administrationem
673 3467 827 3531 Dialibus
847 3491 913 3531 non
930 3468 1079 3533 concedi.
1103 3461 1187 3544 -4,
1210 3465 1259 3532 ι6.
1287 3465 1358 3530 Sub
1372 3465 1461 3530 idem
1481 3472 1566 3530 tem-

331 3599 394 3663 pus
408 3575 449 3639 do
465 3576 598 3639 llamine
609 3575 693 3638 Diali
703 3575 737 3637 in
749 3574 858 3638 locum
869 3575 976 3640 Servii
986 3575 1234 3662 Maluginensis
1247 3573 1398 3638 defuncti
1407 3572 1563 3659 legendo

332 3683 431 3747 simul
449 3683 597 3768 roganda
618 3706 705 3746 nova
729 3681 803 3768 lege
819 3682 979 3747 disseruit
993 3685 1004 3744 t
1012 3684 1117 3747 laesar
1135 3733 1156 3747 ..
1176 3683 1256 3746 Lata
1280 3681 1346 3760 lex,
1368 3703 1434 3770 qua
1458 3680 1568 3746 llami·

331 3790 404 3854 nica
431 3790 536 3853 Dialis
563 3813 735 3854 sacrorum
768 3812 868 3854 causa
902 3791 936 3853 in
957 3798 1122 3878 potestate
1147 3790 1222 3868 viri,
1242 3797 1352 3854 cetera
1376 3786 1567 3876 promiscuo

331 3887 531 3951 seminarum
546 3888 616 3951 iure
631 3895 756 3974 ageret.

291 3993 447 4060 DIANA.
468 4033 503 4043 -
525 3995 556 4074 3,
579 3994 789 4082 61.llphesii
810 3997 980 4082 (senatum
1007 3995 1047 4059 de
1080 3997 1150 4060 iure
1178 3994 1277 4084 asyli)
1308 3996 1418 4062 adiere
1441 4019 1566 4062 memo·

333 4109 445 4165 rantes
467 4124 545 4174 uon,
567 4110 605 4166 ut
628 4100 752 4188 vulgus
772 4102 934 4183 crederet,
956 4103 1096 4166 Dianam
1126 4112 1225 4191 atque
1256 4104 1450 4191 Apollinem
1482 4104 1566 4170 Delo

331 4209 487 4294 genitos:
504 4232 578 4272 esse
600 4209 688 4295 apud
713 4231 748 4272 se
773 4209 975 4274 Cenchrium
1001 4234 1147 4282 terranem,
1164 4210 1278 4275 lucum
1299 4212 1488 4298 Ortygium,
1510 4211 1567 4277 ubi

333 4316 537 4380 Latonam..
559 4315 704 4380 edidisse
729 4339 765 4381 ea
785 4317 964 4382 numina...
982 4355 1025 4364 —-
1046 4317 1077 4396 3,
1100 4317 1155 4383 62.
1180 4318 1357 4404 Magnetes
1382 4319 1420 4383 L.
1438 4318 1567 4407 Scipio·

335 4423 387 4486 nis
402 4430 434 4487 et
452 4424 489 4487 L.
512 4422 626 4487 Sullae
642 4421 835 4489 constitutis
856 4423 1050 4489 nitebantur
1072 4426 1200 4513 (qui)...
1218 4426 1318 4490 sidem
1337 4433 1437 4513 atquc
1460 4426 1567 4491 virtu·

335 4538 401 4595 tem
419 4530 615 4614 Magnetum
632 4531 843 4610 decoravere,
874 4532 923 4595 uti
947 4532 1073 4596 Dianae
1096 4533 1359 4620 Leucophrynae
1376 4532 1566 4621 perfugium

322 4828 376 4881 lm
413 4846 455 4892 pr.
481 4845 525 4878 m:
550 4830 669 4879 recident
694 4830 837 4879 heliatem.
863 4832 1093 4882 eorr.:re‹·i‹lent
1130 4831 1269 4880 haliatem.
1298 4858 1327 4867 -
1355 4832 1484 4894 Lipsius:
1509 4830 1569 4895 repi

292 4909 499 4958 Denthaliatem.
513 4938 543 4946 —
558 4912 632 4958 tlorr.
650 4911 814 4973 Nipperdey.
828 4912 888 4959 eoll.
901 4911 995 4973 Steph.
1014 4911 1085 4974 llyz..
1100 4928 1125 4974 p.
1137 4912 1182 4960 225
1198 4912 1278 4960 Mum.
1294 4925 1300 4960 :
1320 4911 1568 4977 hathalaon-:Quod

290 5005 338 5051 pro
356 4992 480 5041 Aethion
496 4991 615 5040 restituit
633 4991 810 5053 llolstenius).
