3709 6234
285 835 339 891 678
854 835 999 888 TlBEtthS

329 1004 471 1047 voces...
490 978 678 1043 delicientis
693 978 813 1065 (Drusi
834 978 1028 1043 Germanici
1051 977 1127 1064 lilii)
1146 977 1325 1059 adiecerat,
1351 976 1431 1065 quis
1465 976 1585 1065 primo

347 1089 481 1177 ..quasi
502 1110 561 1174 per
580 1085 786 1150 dementiam
801 1084 934 1151 funesta
954 1085 1129 1152 Tiberio...
1151 1084 1581 1173 imprecabatur.—6,25.

328 1196 482 1261 Tiberius
516 1193 719 1258 foedissimis
745 1192 1037 1259 criminationibus
1068 1193 1196 1258 exarsit
1230 1192 1279 1279 (in
1310 1190 1579 1280 Agrippinam),

328 1302 575 1391 impudicitiam
590 1322 776 1387 arguens...
804 1300 932 1365 Eodem
947 1300 1000 1365 die
1020 1299 1225 1379 defunctam,
1247 1322 1314 1387 quo
1330 1298 1470 1364 biennio
1493 1308 1580 1363 ante

328 1411 470 1478 Seianus
502 1432 630 1497 poenas
661 1408 792 1485 luisset,
838 1407 1086 1496 memoriaeque
1124 1407 1158 1471 id
1192 1406 1402 1494 prodendum
1438 1405 1580 1471 addidit

328 1518 464 1593 Caesar,
482 1517 685 1603 iactavitque
700 1514 791 1604 quod
802 1538 870 1579 non
891 1516 1011 1603 laqueo
1026 1515 1276 1602 strangulata...
1299 1513 1396 1579 loret.
1411 1551 1459 1562 -
1474 1512 1574 1594 6,26.

329 1628 374 1691 Vt
398 1626 531 1690 Tiberio
566 1623 741 1709 cognitum
782 1621 975 1709 (Cocceium
1014 1622 1159 1687 Nervam
1192 1621 1355 1688 moriendi
1384 1619 1575 1686 consilium

328 1712 664 1821 cepisse)‚¹adsiderc,
679 1753 798 1795 causas
813 1731 994 1819 requirere,
1010 1729 1132 1795 addere
1146 1752 1272 1818 preces,
1285 1728 1378 1794 lateri
1394 1736 1576 1816 postremo

327 1865 431 1926 grave
445 1838 684 1916 eonscientiae,
701 1860 803 1923 grave
821 1839 1030 1918 lamaesuae,
1046 1838 1074 1902 si
1090 1838 1263 1925 proximus
1282 1837 1469 1901 amicorum
1485 1836 1575 1901 nul-

326 1949 369 2013 lis
385 1945 547 2012 moriendi
564 1943 752 2009 rationibus
768 1946 872 2009 vitam
893 1945 1036 2033 lugeret.
1048 1984 1091 2038 -f
1109 1945 1140 2025 6,
1164 1969 1219 2034 ²7·
1239 1943 1360 2009 Flacco
1378 1944 1576 2031 Pomponio

327 2056 444 2143 Syriae
465 2077 524 2141 pro
545 2058 697 2140 praetore
722 2051 880 2117 deluncto
915 2053 1100 2118 recitantur
1134 2051 1289 2117 Caesaris
1317 2051 1464 2132 litterae,
1491 2053 1575 2141 quis

329 2159 504 2228 incusabat
537 2159 709 2245 egregium
744 2183 912 2249 quemque
938 2168 972 2225 et
997 2159 1153 2245 regendis
1177 2157 1379 2223 exercitibus
1404 2158 1574 2225 idoneum

327 2267 514 2334 abnuereid
535 2288 714 2342 munus...‚
732 2265 858 2331 oblitus
874 2268 1174 2333 Arruntium...-
1203 2263 1236 2346 6,
1252 2270 1303 2331 28.
1331 2265 1424 2329 luter
1455 2266 1576 2331 Ptole·

327 2398 459 2440 maeum
481 2373 552 2462 (qui
566 2397 607 2437 ex
622 2372 868 2439 Macedonibus
884 2376 1003 2440 tertius
1022 2374 1189 2461 regnavit)
1206 2395 1243 2437 ac
1258 2372 1430 2437 Tiberium
1454 2375 1575 2440 minus

325 2482 461 2547 (lucenti
478 2481 723 2569 quinquaginta
740 2482 819 2545 anni
839 2480 986 2547 luerunt.
1004 2519 1048 2532 —
1076 2480 1109 2559 6,
1128 2506 1181 2571 29.
1217 2480 1341 2545 Caesar
1374 2480 1492 2544 missis
1531 2484 1576 2547 ad

325 2596 480 2654 senatum
501 2586 624 2652 litteris
642 2587 802 2653 disseruit
824 2612 952 2653 morem
969 2589 1072 2654 tuisse
1093 2586 1289 2666 maioribus,
1307 2586 1466 2675 quotiens
1490 2587 1576 2653 diri·

327 2704 457 2770 merent
471 2695 648 2771 amicitias,
668 2696 868 2761 interdicere
881 2697 1047 2769 domo...
1065 2696 1099 2760 id
1121 2720 1156 2760 se
1181 2695 1379 2783 repetivisse
1402 2694 1438 2759 in
1453 2696 1577 2778 (Pom-

327 2804 441 2892 ponio)
457 2802 655 2871 Labeone...
675 2803 819 2890 (llacro)
831 2804 1039 2877 detulerat...
1059 2810 1295 2890 argumentum
1316 2802 1515 2888 tragoediae
1557 2831 1575 2868 a

326 2913 451 2988 Scauro
468 2910 625 2997 scriptae,
642 2909 766 2976 additis
783 2910 949 2984 versibus
967 2913 1024 3000 qui
1040 2912 1074 2975 in
1090 2910 1260 2975 Tiberium
1280 2911 1515 2976 flecterentur.
1530 2901 1577 2963 ‘—

325 3019 357 3089 6,
377 3019 429 3083 llo.
458 3018 559 3081 Fama
575 3025 735 3082 constans
755 3019 951 3105 (Lentulum
967 3017 1197 3104 Gaetulicum)
1225 3039 1344 3081 ausum
1373 3017 1514 3082 mittere
1531 3020 1577 3084 ad

325 3124 505 3189 Caesarem
518 3122 659 3199 litteras,
675 3124 884 3191 adtinitatem
905 3126 969 3190 sibi
992 3149 1068 3190 cum
1088 3126 1210 3190 Seiano
1224 3123 1313 3189 haud
1331 3131 1466 3210 sponte,
1510 3127 1577 3192 sed

324 3230 465 3296 consilio
477 3230 599 3296 Tiberii
615 3241 769 3319 coeptam
787 3255 794 3311 ;
813 3233 951 3320 perinde
965 3257 1000 3296 se
1022 3255 1122 3320 quam
1144 3231 1313 3296 Tiberium
1330 3229 1400 3294 lalli
1412 3232 1576 3319 potuisse

396 3340 489 3402 l'nus
517 3340 667 3403 omnium
712 3341 824 3404 Seiani
854 3341 1017 3405 adlinium
1048 3338 1228 3403 incolumis
1257 3337 1429 3425 multaque
1459 3341 1576 3423 gratia

327 3448 461 3524 mansit,
480 3455 656 3533 reputante
677 3447 809 3511 'liberio
825 3448 998 3535 publicum
1015 3448 1078 3511 sibi
1099 3448 1226 3521 odium,
1257 3457 1443 3513 extremam
1479 3458 1576 3513 aeta·

327 3562 404 3629 tem,
424 3553 597 3640 magisque
615 3553 813 3640 famaquam
831 3555 862 3617 ri
879 3563 968 3619 stare
987 3578 1038 3618 res
1055 3578 1144 3619 suaa.
1167 3593 1208 3602 ——
1231 3554 1262 3633 6,
1281 3555 1332 3620 3ι.
1353 3553 1576 3636 (Artabanus

325 3682 383 3721 rex
402 3659 614 3747 Parthorum)
629 3669 836 3725 senectutem
857 3661 981 3725 'liberii
997 3672 1032 3725 ut
1054 3663 1216 3727 inermem
1230 3662 1461 3750 despiciens...
1483 3662 1575 3748 (No-

326 3765 548 3847 bilrsPartbi(
567 3766 732 3832 Phraaten
759 3770 847 3853 regis
874 3768 1028 3834 Phraatis
1063 3769 1168 3834 lilium
1208 3770 1313 3833 ltoma
1352 3768 1572 3855 poscebant:

327 3873 461 3936 nomine
482 3882 613 3938 tantum
645 3883 677 3939 et
697 3883 831 3939 auctore
857 3900 953 3962 opuS,
987 3884 1022 3940 ut
1053 3900 1159 3962 genus
1193 3877 1341 3950 arsacis,
1372 3883 1405 3937 ut
1444 3886 1576 3962 sponte

324 3982 476 4044 Caesaris
537 3982 642 4067 ripam
702 3983 790 4067 apud
853 3983 1034 4069 llaplrratis
1094 3992 1298 4047 cerneretur.
1346 4021 1388 4029 —
1432 3981 1466 4063 o,
1511 3984 1573 4056 32.

325 4088 482 4174 Cupitum
515 4088 546 4150 id
582 4088 733 4163 'l'ibcri03
765 4099 862 4153 ornat
898 4090 1062 4154 l‘lrraaten
1087 4090 1298 4176 accingitque
1319 4098 1499 4176 paternum
1530 4094 1575 4156 ad

325 4195 538 4277 fastigium...
566 4195 748 4281 (lleluncto
772 4197 929 4278 Phraate)
948 4221 1013 4260 non
1035 4198 1060 4259 T
1063 4197 1189 4261 iberius
1213 4197 1327 4261 omisit
1349 4197 1498 4284 incepta.
1526 4239 1576 4252 —

322 4302 354 4374 6,
373 4301 426 4389 37.
446 4303 661 4389 Ornospades
685 4303 916 4390 (l'art.l1usi...,
948 4302 1026 4367 exul
1048 4305 1217 4390 quondam
1250 4312 1282 4367 et
1306 4303 1454 4373 Tiberio.
1490 4329 1575 4372 cum

329 4409 553 4474 Delmaticum
569 4409 696 4474 bellum
709 4413 900 4484 conticeret,
920 4411 1009 4475 haud
1032 4411 1196 4495 inglorius
1213 4411 1432 4476 auxiliator...
1459 4411 1578 4479 l'itel-

327 4517 431 4582 lius...
465 4525 578 4581 monet
607 4518 820 4584 Tiridaten...
859 4519 1013 4583 Phraatis
1045 4519 1097 4582 avi
1126 4527 1158 4583 et
1184 4519 1301 4583 altoris
1336 4517 1511 4585 Caesaris.
1530 4563 1578 4572 —

325 4626 356 4693 (i,
383 4623 437 4689 38.
469 4624 541 4687 Non
571 4626 658 4688 enim
689 4625 872 4702 Tiberium,
908 4650 1112 4713 quamquam
1141 4626 1284 4690 triennio
1319 4633 1395 4711 post
1425 4629 1578 4695 caedem

323 4732 491 4810 Sciani...,
517 4741 660 4819 tempus,
680 4757 807 4819 preces,
835 4733 938 4796 satias
964 4733 1206 4820 mitigabant...
1233 4733 1405 4796 Fulcinius
1436 4733 1576 4806 Trio...

323 4841 489 4926 supremis
507 4839 630 4904 tabulis
647 4839 752 4905 multa
780 4850 809 4903 ot
842 4841 967 4904 atrocia
1009 4842 1040 4903 in
1070 4841 1262 4905 ,llacronom
1292 4865 1329 4903 ar
1363 4844 1579 4931 praecipuos

325 4947 519 5021 libertorum
547 4947 699 5012 Caesaris
730 4948 931 5048 composuit.
968 4949 1030 5049 ipsi
1069 4948 1192 5021 fluxam
1235 4948 1328 5022 senio
1366 4956 1557 5033 mentem„

1429 5319 1675 5517 Ἥ
