3709 6234
355 836 410 891 572
933 839 1058 892 niteavs

400 1003 616 1068 occupavere,
632 1003 733 1069 quam
759 1003 850 1045 mare
866 980 1021 1046 Oceanus
1036 1005 1055 1046 a
1071 982 1191 1060 fronte,
1206 980 1344 1045 Rhenus
1372 979 1483 1043 amnis
1500 987 1641 1067 tergum

400 1110 438 1151 ac
466 1087 570 1153 latera
598 1087 831 1154 circumluit...
862 1088 945 1154 Erat
972 1096 1005 1154 et
1034 1088 1125 1153 domi
1153 1087 1304 1153 delectus
1323 1109 1437 1174 eques
1456 1088 1641 1175 praecipuo

400 1194 504 1260 nandi
530 1195 655 1277 studio,
683 1219 775 1261 arma
793 1218 966 1283 equosque
982 1196 1131 1261 retinens
1151 1196 1294 1282 integris
1325 1193 1446 1259 turmis
1478 1193 1639 1259 Rhenum

400 1326 614 1392 perrumpere
624 1304 743 1369 solitos
759 1303 862 1385 -lv,
887 1304 935 1368 16.
955 1303 1096 1369 Derecta
1110 1327 1151 1367 cx
1162 1303 1296 1367 diverso
1308 1304 1397 1369 acies
1412 1304 1501 1369 haud
1516 1304 1639 1393 procul

400 1410 572 1475 atlumine
601 1411 719 1476 Rheno
741 1462 762 1477 ..
779 1451 823 1460 -
846 1411 904 1492 IV,
924 1436 977 1477 22.
1005 1411 1135 1477 Civilis.
1160 1466 1165 1477 .
1183 1420 1362 1498 utramque
1383 1411 1492 1477 Rheni
1513 1413 1636 1500 ripam,

400 1540 467 1605 quo
495 1518 716 1584 truculentior
744 1519 820 1583 visu
844 1519 942 1593 soret,
976 1519 1222 1584 Germanorum
1245 1519 1390 1584 catervis
1417 1518 1576 1607 complet.
1594 1558 1639 1570 -

402 1624 458 1704 lv,
478 1625 531 1691 26.
550 1625 689 1691 Rhenus
704 1627 877 1713 incognita
892 1626 943 1691 illi
957 1626 1050 1692 caelo
1069 1627 1220 1691 siccitate
1235 1627 1292 1690 vix
1310 1627 1448 1691 navium
1460 1627 1637 1714 patiens...

398 1770 444 1783 -
464 1733 521 1813 lv,
555 1733 608 1798 55.
639 1734 770 1820 (lulius)
792 1735 937 1801 Tutor...
967 1736 1058 1822 ripae
1086 1733 1232 1799 Rhenia
1271 1733 1408 1799 Vitellio
1431 1733 1638 1821 praefectus.

399 1876 443 1889 -
463 1840 521 1921 IV,
551 1839 604 1928 59.
641 1842 745 1906 Tutor
779 1842 1049 1930 Agrippinenses
1081 1849 1313 1929 quantumquo
1352 1839 1499 1906 militum
1546 1841 1639 1928 apud

401 1948 609 2041 superiorem
640 1948 750 2013 Rheni
776 1949 884 2037 ripam
906 1949 939 2013 in
970 1948 1188 2035 (Galliarum)
1223 1948 1325 2012 verba
1364 1948 1481 2035 adigit,
1512 1949 1636 2013 occisis

401 2053 608 2140 Mogontiaci
645 2056 834 2122 tribunis...
871 2095 914 2105 -
945 2056 1003 2135 lv,
1042 2055 1096 2133 (nt.
1137 2056 1304 2135 Tencteri,
1341 2055 1459 2120 Rheno
1490 2055 1640 2121 discreta

399 2184 525 2248 gens...
560 2200 604 2212 -
631 2163 688 2244 lv,
724 2165 778 2253 73.
816 2163 940 2241 (Verba
973 2164 1053 2229 facit
1074 2162 1164 2249 apud
1197 2163 1360 2227 'l'reveros
1394 2169 1428 2227 ct
1463 2163 1638 2250 Lingonas

401 2267 544 2334 Petilius
572 2268 726 2359 Cerialis)
786 2300 800 2332 a
825 2272 896 2337 Nec
931 2270 1005 2336 ideo
1033 2269 1189 2335 Rhenum
1216 2269 1415 2350 insedimus
1443 2278 1478 2334 ut
1502 2269 1638 2335 ltaliam

398 2382 579 2460 tueremur,
617 2378 676 2444 sed
707 2402 748 2443 ne
782 2381 857 2468 quis
892 2378 979 2443 alius
1011 2377 1205 2443 Ariovistus
1237 2401 1340 2462 regno
1363 2376 1550 2442 Galliarum
1578 2402 1640 2465 po-

350 2518 352 2522 ·
399 2486 529 2549 tiretur.
559 2513 574 2546 »
605 2524 645 2537 -
673 2485 714 2563 V,
752 2490 800 2563 nt.
834 2485 1024 2551 Addiderat
1058 2484 1177 2550 Civilis
1210 2484 1382 2572 obliquam
1419 2485 1452 2549 in
1478 2484 1639 2549 Rhenum

400 2591 537 2670 molem,
552 2593 646 2658 cuius
666 2593 798 2659 obiectu
812 2593 987 2659 revolutus
1002 2593 1111 2657 amnis
1127 2591 1357 2657 adiacentibus
1379 2592 1640 2679 superfundere-

399 2706 466 2764 tur.
492 2739 536 2748 —
551 2701 591 2783 V,
613 2725 661 2788 ¹7·
679 2700 859 2788 (llortatur
885 2700 1003 2766 Civilis
1018 2700 1156 2788 milites)
1186 2729 1201 2760 n
1219 2700 1375 2764 Rhenum
1390 2707 1424 2763 et
1438 2699 1641 2765 Germaniae

398 2804 479 2869 deos
493 2805 526 2869 in
540 2807 742 2895 adspectu...
762 2836 777 2867 n
792 2846 836 2858 ·-
851 2809 892 2889 V,
920 2811 970 2873 18.
987 2807 1013 2872 E
1029 2808 1129 2886 mole,
1148 2831 1248 2896 quam
1265 2807 1420 2872 eductam
1433 2807 1467 2870 in
1480 2805 1640 2871 Rhenum

399 2912 605 2993 rettulimus
624 2915 861 2980 Bructerorum
894 2939 1021 2980 cuncus
1049 2915 1272 2981 tranatavit...
1292 2913 1453 3002 Pulsique
1477 2913 1641 2978 Germani

400 3018 557 3084 Rhenum
573 3020 651 3109 luga
666 3022 837 3109 petebant.
855 3060 898 3072 -
914 3022 955 3102 V,
985 3047 1033 3111 ¹9·
1056 3021 1206 3111 (Civilis)
1231 3022 1333 3087 diruit
1352 3021 1475 3086 molem
1491 3044 1509 3086 a
1526 3021 1640 3088 Druso

400 3126 600 3192 Germanico
622 3128 744 3194 laetam
758 3130 983 3218 Rhenumque
998 3153 1105 3217 prono
1128 3128 1224 3194 alveo
1248 3130 1283 3193 in
1300 3129 1445 3194 Galliam
1470 3137 1638 3211 ruentem,

399 3232 548 3300 disiectis
578 3258 662 3324 quae
693 3237 920 3312 morabantur,
954 3236 1113 3302 elludit...
1145 3236 1320 3301 Transiere
1352 3237 1506 3301 Rhenum
1534 3236 1642 3301 'l'utor

400 3364 533 3428 quoque
549 3350 582 3407 et
597 3343 808 3410 Classicus...
828 3384 866 3393 -
884 3346 925 3421 V,
944 3343 995 3409 23.
1018 3344 1160 3407 Civilem
1182 3344 1302 3430 cupido
1318 3344 1467 3421 incessit,
1483 3343 1639 3408 navalem

401 3448 505 3512 aciem
526 3451 761 3516 ostentandi...
783 3453 939 3538 Spatium
960 3452 1053 3515 velut
1073 3452 1228 3539 aequoris
1259 3451 1415 3524 electum,
1439 3473 1505 3537 quo
1524 3450 1641 3516 llosae

400 3556 547 3620 fluminis
563 3581 744 3622 osamncm
761 3560 917 3623 Rhenum
938 3559 1071 3623 Oceano
1088 3559 1283 3623 adfundit...
1303 3558 1421 3621 Civilis
1446 3557 1529 3621 nihil
1550 3558 1640 3623 ultra

400 3685 502 3727 ausus
518 3671 611 3728 trans
624 3665 776 3729 Rhenum
792 3667 970 3731 concessit.
982 3705 1021 3715 -
1034 3665 1074 3743 V,
1090 3669 1142 3742 ali.
1157 3665 1642 3753 (CerialisGermanosmonet)

401 3772 484 3834 satis
499 3774 702 3857 peccavisse..
726 3774 815 3860 quod
836 3776 960 3838 totiens
982 3773 1136 3837 Rhenum
1154 3773 1463 3837 transceinlerint...
1481 3811 1524 3824 -·
1545 3774 1584 3835 G.
1610 3797 1637 3838 ι.

402 3880 581 3943 Germania
602 3882 713 3944 omnis
730 3905 745 3943 a
762 3881 871 3944 Gallis
887 3882 1070 3969 Raetisque
1090 3889 1122 3945 ct
1141 3880 1324 3943 Pannoniis
1338 3880 1454 3944 Rheno
1472 3887 1502 3943 et
1522 3880 1640 3943 Danu-

401 3985 455 4048 vio
472 3987 708 4053 fluminibus...
728 3996 941 4075 separatur...
966 3989 1118 4064 Rhenus
1139 3988 1352 4050 Raeticarum
1387 3987 1527 4073 Alpium
1547 3987 1640 4051 inac-

401 4115 494 4156 cesso
511 4117 548 4156 ac
564 4095 739 4181 praecipiti
763 4096 889 4159 vertice
905 4104 1012 4166 ortus,
1030 4095 1161 4158 modico
1179 4097 1266 4158 llexu
1283 4096 1315 4157 in
1335 4094 1542 4158 occidentem
1562 4117 1641 4157 rcr-

402 4224 460 4265 sus
474 4202 727 4288 septentrionali
754 4201 887 4266 Oceano
919 4204 1093 4266 miscetur.
1122 4240 1164 4252 -
1191 4227 1221 4273 2,
1249 4202 1313 4279 Qui
1347 4202 1446 4288 primi
1480 4202 1640 4265 Rhenum

404 4309 605 4393 transgressi
631 4309 748 4372 Gallos
764 4310 993 4397 (expulerunt)
1010 4334 1046 4373 ac
1078 4333 1167 4373 nunc
1195 4310 1220 4371 'l
1225 4309 1321 4395 ungri
1344 4311 1578 4394 timeantur)...
1597 4347 1643 4357 —

404 4415 851 4504 3.asci1›urgium....qu0d
870 4418 902 4480 in
919 4418 990 4503 ripa
1007 4417 1115 4481 Rheni
1132 4418 1234 4480 situm
1249 4417 1416 4503 hodieque
1437 4416 1639 4482 incolitur...

402 4562 446 4571 —
470 4525 521 4586 28.
547 4523 638 4586 lntcr
664 4523 868 4609 llereyniam
890 4525 1011 4588 silvam
1034 4525 1257 4611 Rhenumque
1278 4532 1310 4587 et
1341 4523 1501 4587 hloenum
1523 4546 1643 4588 amnes

405 4630 593 4706 llelvetii..‚
614 4639 791 4696 tenuere...
811 4630 920 4718 lpsam
940 4632 1048 4695 Rheni
1069 4632 1175 4718 ripam
1206 4632 1295 4694 haud
1322 4631 1422 4695 (lubic
1451 4632 1642 4696 Germano·

404 4762 477 4801 rum
494 4738 609 4825 populi
626 4737 782 4814 colunt‚..
801 4738 850 4801 Ne
868 4738 945 4801 Vbii
961 4738 1138 4824 quidem...
1156 4740 1285 4826 origine
1299 4738 1512 4816 crubescunt.
1529 4747 1641 4803 trans-

404 4846 511 4930 gressi
527 4844 607 4908 olim
628 4853 660 4909 et
676 4846 907 4932 experimento
921 4845 999 4909 lidei
1019 4869 1120 4933 super
1143 4847 1251 4933 ipsam
1274 4846 1382 4909 Rheni
1410 4846 1515 4933 ripam
1533 4845 1641 4909 collo-

404 4954 570 5018 cati...—
593 4977 646 5041 29.
673 4954 790 5017 Ratavi
819 4976 885 5016 non
916 4952 1060 5017 multum
1086 4976 1128 5017 ex
1153 4954 1237 5041 ripa,
1268 4953 1327 5017 sed
1353 4954 1498 5016 insulam
1529 4953 1640 5017 Rheni
