3709 6234
782 867 990 921 usuuanlcvs
1472 864 1526 922 3‘29

287 1009 469 1076 MANlCA
489 1011 701 1090 VEXlLLA,
724 997 1025 1077 GERMANICVS
1038 1008 1190 1075 MILES.
1208 1048 1249 1060 -
1280 1034 1307 1088 r,
1326 1033 1378 1074 aa.
1404 1036 1420 1073 a
1434 1010 1522 1076 Mis·

287 1141 362 1182 sum
382 1119 424 1183 ad
438 1142 499 1184 vos
514 1143 532 1184 a
548 1119 750 1186 Germanico
766 1117 916 1183 exercitu
932 1116 973 1181 de
997 1116 1234 1183 communibus
1257 1117 1485 1185 commodis...
1507 1145 1522 1178 n

286 1262 330 1276 -
367 1250 394 1304 1,
418 1226 471 1292 31.
503 1226 615 1293 lsdem
643 1227 754 1292 causis
780 1224 916 1315 (quibus
938 1226 1166 1311 Pannonicae)
1182 1226 1403 1291 Germanicae
1419 1224 1524 1312 legio-

288 1356 348 1399 nes
374 1334 540 1401 turbatae.
570 1374 612 1384 -
644 1359 671 1412 r,
699 1334 752 1411 46.
779 1335 827 1398 At
854 1333 1022 1398 Romae...
1050 1332 1223 1421 legionum
1247 1333 1524 1398 Germanicarum

288 1448 382 1507 motu
414 1441 572 1509 audito...
609 1480 650 1491 —
693 1466 725 1523 a,
768 1439 821 1529 39.
853 1439 1005 1504 Postumi
1037 1440 1209 1529 Agrippae
1247 1462 1367 1505 servus
1390 1441 1525 1506 nomine

289 1548 459 1630 Clemens,
499 1557 660 1638 conperto
699 1551 764 1613 line
790 1548 982 1634 Augusti...
1013 1548 1201 1637 Agrippam
1233 1547 1320 1613 serre
1353 1548 1395 1612 ad
1423 1572 1522 1614 exer-

288 1656 375 1721 citus
397 1656 617 1723 Germanicos
645 1680 714 1721 non
735 1655 848 1721 servili
875 1655 987 1720 animo
1012 1655 1178 1743 concepit.
1209 1689 1246 1703 -
1294 1679 1343 1732 ιι,
1372 1682 1399 1722 ι.
1435 1654 1525 1721 Sosi·

289 1763 405 1831 bius...
446 1773 597 1831 moneret
635 1764 856 1829 Claudium...
896 1761 1097 1850 (Valerium)
1136 1762 1368 1830 Asiaticum...
1409 1787 1526 1853 parare

289 1871 352 1938 iter
366 1870 410 1936 ad
432 1872 652 1938 Germanicos
672 1871 850 1938 exercitus.
881 1909 925 1919 —
946 1869 973 1951 l,
993 1869 1025 1936 8.
1057 1871 1274 1937 Proximae...
1298 1871 1526 1937 Germanicis¹

290 1978 495 2044 exercitibus
523 1978 712 2045 Galliarum
746 1979 942 2045 civitates...
978 1977 1191 2044 Germanici'
1232 1980 1410 2056 exercitus,
1436 1980 1527 2069 quod

251 2153 253 2157 .
287 2086 614 2176 periculosissimum
638 2088 671 2152 in
697 2087 801 2152 tantis
816 2085 958 2169 viribus,
985 2085 1123 2152 solliciti
1152 2093 1186 2151 et
1198 2086 1287 2166 irati,
1306 2087 1463 2175 superbia
1480 2111 1527 2154 re·

289 2196 396 2261 centis
420 2195 581 2261 victoriae
605 2203 639 2260 et
658 2202 751 2260 metu
781 2201 953 2282 tamquam
979 2192 1064 2259 alias
1084 2201 1196 2282 partes
1222 2194 1397 2260 fovissent.
1420 2195 1527 2260 Tarde

289 2302 460 2369 aNerone
480 2303 733 2369 desciverant...
761 2340 801 2351 -
831 2303 857 2382 l,
886 2326 935 2391 ¹9·
967 2302 1179 2368 Censucrant
1203 2310 1315 2391 patres
1344 2304 1528 2369 mittendos

290 2410 332 2476 ad
348 2411 587 2477 Germanicum
599 2411 786 2477 exercitum
800 2410 944 2497 legatos.
963 2449 1004 2461 -
1030 2409 1056 2491 Ι,
1076 2410 1130 2475 26.
1149 2410 1335 2499 Postquam
1351 2410 1528 2499 vulgatum

290 2525 361 2583 erat
396 2517 510 2584 labare
544 2518 737 2584 Germanici
765 2517 936 2583 exercitus
969 2516 1113 2583 fidem..
1145 2517 1196 2583 Ne
1219 2541 1278 2606 per
1304 2517 1472 2599 tenebras,
1492 2526 1529 2583 ut

289 2626 432 2715 quisqne
466 2626 652 2692 Pannonici
677 2624 731 2692 vel
772 2625 966 2692 Germanici
1003 2625 1173 2690 exercitus
1197 2624 1362 2691 militibus
1395 2625 1529 2692 oblatus

289 2741 391 2813 esset,
413 2757 514 2822 ...pro
531 2734 663 2801 Othone
687 2732 926 2799 destinaretur.
944 2772 987 2781 —
1012 2732 1038 2812 Ι,
1063 2732 1116 2797 3ι.
1144 2732 1365 2821 Praeceptum
1391 2734 1528 2799 Amulio

289 2842 416 2906 Sereno
432 2849 465 2906 et
481 2840 629 2906 Domitio
644 2839 770 2906 Sabino
789 2839 1068 2929 primipilaribus
1085 2847 1123 2905 ut
1136 2840 1357 2906 Germanicos
1371 2840 1496 2907 milites
1511 2866 1529 2908 e

289 2948 470 3014 Libertatis
499 2949 584 3014 atrio
613 2955 865 3013 accerserent...
895 2947 1098 3012 Germanica
1123 2947 1248 3012 vexilla
1272 2947 1329 3013 diu
1353 2957 1527 3030 nutavere,

289 3055 447 3120 invalidis
464 3055 572 3121 adhuc
592 3055 788 3143 corporibus
811 3063 844 3120 ct
867 3053 1008 3142 placatis
1028 3055 1162 3129 animia,
1178 3056 1269 3145 quod
1285 3078 1374 3120 eosa
1396 3055 1528 3122 Nerone

288 3162 532 3229 Alexandriam
560 3163 763 3251 praemissos
792 3171 893 3251 atque
922 3161 1001 3226 inde
1034 3185 1150 3227 rursus
1180 3161 1282 3250 longa
1311 3164 1526 3251 navigatione

288 3294 406 3359 aegros
419 3270 620 3358 impensiore
640 3294 718 3335 cura
732 3268 840 3334 Galba
856 3268 1040 3335 rolovebat.
1057 3308 1102 3318 -
1126 3268 1152 3348 l,
1169 3268 1223 3358 67.
1245 3270 1404 3346 Helvetii,
1422 3271 1526 3336 inter·

288 3378 395 3467 ceptis
408 3376 574 3465 epistulis,
592 3400 678 3465 quae
691 3377 827 3441 nomine
849 3376 1043 3442 Germanici
1064 3377 1233 3442 exercitus
1252 3377 1296 3441 ad
1312 3377 1527 3444 Pannonicas

289 3486 439 3572 legiones
454 3485 659 3566 serebantur,
673 3485 905 3550 centurionem
921 3493 955 3550 et
969 3483 1136 3574 quosdam
1162 3484 1308 3549 militum
1325 3485 1357 3549 in
1374 3487 1528 3552 custodia

289 3592 491 3658 retinebant.
513 3630 555 3640 -
582 3592 607 3671 Ι,
635 3616 687 3679 70.
717 3592 837 3657 Siliani
867 3592 1066 3681 (equites)...
1097 3591 1261 3656 instinctu
1288 3591 1522 3676 decurionum,

288 3701 386 3789 qui...
402 3699 504 3765 robur
520 3699 775 3765 adventantium
791 3698 965 3785 legionum
987 3706 1021 3763 et
1038 3698 1163 3763 samam
1183 3699 1376 3764 Germanici
1399 3701 1527 3765 exerci-

291 3815 344 3872 tus
359 3806 571 3884 attollebant,
589 3807 749 3872 transiere
770 3806 803 3871 in
820 3815 932 3894 partes
950 3805 1118 3893 (Vitellii).
1137 3841 1179 3855 -
1194 3805 1221 3885 l,
1240 3809 1294 3894 74.
1317 3807 1406 3874 Otho
1431 3830 1529 3872 revo-

290 3914 386 3994 catis,
403 3937 488 4003 quos
504 3913 612 3978 Galba
628 3913 778 3994 miserat,
796 3912 928 4000 legatis,
952 3936 1069 3980 rursus
1091 3912 1135 3978 ud
1154 3920 1336 4003 utrumque
1351 3915 1530 3980 Germani-

289 4045 364 4087 cum
379 4021 563 4087 exercitum
583 4071 604 4086 ..
621 4021 732 4108 specie
754 4028 892 4085 senatus
912 4021 1047 4087 misit...
1063 4019 1209 4087 Addidit
1231 4021 1393 4109 epistulas
1407 4021 1530 4088 Fabius

292 4128 416 4195 Valens
443 4129 577 4193 nomine
608 4128 801 4193 Germanici
836 4129 1004 4194 exercitus
1034 4128 1075 4192 ad
1110 4129 1295 4216 praetorias
1322 4137 1356 4195 et
1383 4130 1530 4196 urbanas

291 4236 446 4301 cohortes
467 4288 488 4302 ..
505 4274 549 4284 -
573 4234 599 4315 l,
615 4260 669 4323 77.
689 4234 817 4300 Consul
837 4258 913 4299 cum
932 4234 1064 4301 Titiano
1079 4235 1181 4300 lratre
1196 4235 1231 4299 in
1245 4234 1407 4301 kalendas
1432 4238 1529 4303 Mar-

292 4344 356 4409 tias
371 4343 442 4431 ipse
464 4342 596 4429 (Otho),
617 4343 790 4430 proximos
814 4364 948 4407 menses
969 4341 1130 4429 Verginio
1155 4341 1315 4421 destinat;
1337 4350 1373 4409 ut
1392 4343 1530 4433 aliquod

291 4452 452 4516 exercitui
468 4449 669 4514 Germanico
684 4448 964 4515 delenimentum.
986 4488 1025 4499 -
1044 4449 1087 4531 ll,
1109 4473 1162 4517 aa.
1186 4450 1362 4538 l'trimque
1375 4449 1483 4538 gloria
1497 4460 1531 4518 et

291 4558 444 4622 diversae
472 4556 737 4637 exhortationes,
772 4555 851 4620 hinc
877 4556 1051 4643 legionum
1079 4565 1113 4623 et
1141 4557 1334 4622 Germanici
1361 4559 1530 4624 exercitus

293 4663 405 4742 robur,
429 4663 507 4727 inde
531 4662 679 4728 urbanae
707 4663 847 4728 militiae
873 4671 907 4728 et
937 4664 1181 4751 praetoriarum
1210 4663 1400 4730 cohortium
1428 4664 1530 4730 decus

279 4943 288 4976 ¹
307 4940 350 4991 M:
366 4941 514 5007 germanis.
531 4943 605 4991 Corr.
624 4944 759 5005 Agricola.

278 5023 289 5057 ²
303 5023 347 5072 hl:
365 5023 501 5087 germani.
