3709 6234
847 902 971 955 enirn
1496 897 1548 953 189
1746 953 1752 966 ,

311 1026 466 1093 Caecina.
487 1063 527 1075 -
556 1051 587 1103 a,
625 1051 655 1113 7.
703 1025 828 1091 Caesar
862 1003 1158 1113 (Gernmnicus)...
1193 1024 1312 1091 Silium
1352 1024 1545 1112 legatum...

310 1133 537 1221 inruptionem
554 1133 587 1197 in
604 1131 747 1198 Chattos
756 1132 865 1198 facere
877 1130 1012 1200 iubet...
1036 1132 1153 1220 Neque
1168 1130 1293 1199 Silio...
1312 1131 1405 1197 aliud
1420 1139 1545 1210 actum,

311 1263 411 1329 quam
431 1247 469 1305 ut
488 1239 654 1304 modicam
675 1240 836 1330 praedam
864 1247 898 1305 et
919 1239 1005 1327 Arpi
1020 1240 1182 1328 principis
1198 1240 1396 1305 Chattorum
1425 1239 1546 1304 coniu-

311 1370 388 1433 gem
405 1347 574 1435 filiamque
598 1356 740 1435 raperet.
758 1384 803 1399 -
825 1372 856 1424 a,
877 1349 930 1411 25.
961 1346 1000 1411 C.
1018 1347 1144 1412 sitio...
1162 1348 1209 1412 ire
1225 1346 1258 1410 in
1284 1345 1426 1411 Chattos
1441 1348 1548 1434 impe-

312 1463 363 1519 rat
395 1454 659 1542 (Germanicus).
690 1492 730 1506 -
775 1480 805 1534 a,
848 1456 902 1531 Δι.
949 1453 1213 1519 Germanicus...
1248 1453 1469 1540 triumphavit
1506 1454 1547 1519 dc

313 1561 492 1627 Cheruscis
526 1562 726 1649 Chattisque
765 1570 797 1626 ct
831 1561 1057 1648 Angrivariis,
1091 1584 1243 1650 quaeque
1275 1560 1359 1625 aliae
1394 1562 1549 1626 nationes

311 1691 418 1757 usque
437 1668 480 1733 ad
497 1667 612 1733 ,ilbim
627 1667 755 1734 colunt.
771 1705 812 1717 -
835 1693 864 1748 a,
883 1669 938 1734 88.
959 1667 1202 1756 Adgandestrii
1220 1667 1381 1756 principis
1401 1669 1547 1734 Chatto-

313 1798 398 1841 rum.
415 1816 459 1828 —
480 1800 528 1855 rr,
549 1776 598 1840 16.
619 1775 766 1864 (Italico)
782 1784 890 1841 mater
914 1798 956 1840 ex
976 1775 1160 1841 Actumero
1182 1775 1332 1863 principe
1348 1774 1549 1842 Chattorum

312 1890 450 1949 erat.—
469 1906 519 1959 12,
542 1906 595 1970 27.
615 1883 725 1948 Isdem
747 1882 956 1971 temporibus
977 1883 1010 1947 in
1039 1883 1211 1971 superiore
1240 1883 1422 1948 Germania
1446 1884 1549 1972 trepi-

313 1989 427 2055 datum
441 1990 590 2055 adventu
611 1989 810 2055 Chattorum
832 1989 1008 2055 latrocinia
1031 1990 1246 2077 agitantium.
1263 2028 1306 2040 -
1327 2014 1377 2068 ra,
1402 1991 1455 2056 28.
1476 1991 1548 2078 (P.)

315 2098 521 2184 Pomponius
549 2121 624 2163 cum
646 2097 837 2184 legionibus
857 2097 915 2184 (ad
944 2106 1094 2163 montem
1111 2097 1280 2185 Taunum)
1296 2097 1546 2186 opperiebatur,

314 2204 342 2267 si
371 2204 484 2270 Chatti
504 2204 661 2292 cupidine
690 2205 874 2270 ulciscendi
904 2228 1019 2269 casum
1047 2228 1181 2292 pugnae
1197 2202 1407 2303 praebeqent.
1425 2244 1467 2255 -
1496 2205 1547 2285 13,

316 2311 369 2378 56.
397 2312 688 2399 Ampsivariorum
706 2334 789 2398 gens
808 2320 898 2376 retro
927 2312 970 2376 ad
986 2313 1110 2399 Vsipos
1126 2319 1159 2377 et
1178 2290 1348 2377 Tubantes
1368 2314 1546 2392 concessit,

315 2442 457 2507 quorum
477 2420 575 2483 terris
589 2420 698 2484 exacti
714 2442 790 2484 cum
807 2418 960 2488 Chattos.
983 2419 1060 2484 dein
1077 2419 1266 2484 Cheruscos
1283 2420 1488 2507 petissent...
1506 2458 1549 2470 -

320 2527 370 2606 13,
387 2529 440 2615 57.
460 2525 585 2591 Eadem
601 2534 728 2591 aestate
755 2528 842 2591 inter
866 2526 1122 2591 Hermunduros
1152 2525 1361 2615 Chattosque
1383 2535 1548 2592 certatum

316 2656 437 2720 magno
453 2633 580 2721 proelio
596 2633 677 2698 dum
692 2635 817 2698 tlumen
833 2633 1004 2720 gignendo
1020 2633 1089 2697 sale
1116 2633 1296 2698 secundum
1321 2642 1354 2700 et
1369 2636 1549 2700 contermi-

315 2763 395 2804 num
415 2741 448 2804 vi
473 2741 652 2807 trahunt...
674 2740 742 2806 Sed
762 2739 889 2805 bellum
915 2739 1164 2805 Hermunduris
1186 2764 1397 2829 prosperum,
1416 2741 1549 2807 Chattis

316 2848 491 2914 exitiosius
511 2849 586 2928 suit,
610 2849 688 2937 quia
707 2850 853 2915 victores
872 2848 1042 2914 diversam
1064 2850 1169 2914 aciem
1200 2849 1301 2915 Marti
1323 2874 1360 2915 ac
1382 2851 1549 2916 Mercurio

315 2978 500 3038 sacravere,
531 2979 597 3044 quo
617 2964 696 3021 voto
716 2957 805 3045 equi,
828 2957 904 3037 viri,
926 2965 1047 3021 cuncta
1072 2957 1149 3020 viva
1168 2956 1335 3021 occidioni
1357 2956 1491 3023 dantur.
1506 2995 1549 3008 -

317 3063 374 3134 lv,
397 3087 446 3129 ra.
466 3064 597 3142 Batavi,
615 3063 721 3128 donee
742 3071 836 3128 trans
857 3064 1011 3128 Rhenum
1032 3063 1189 3151 agebant,
1207 3087 1285 3152 pars
1305 3064 1547 3132 Chattorum...

316 3208 360 3221 -
380 3170 505 3259 1v‚37.
527 3171 759 3235 Discesscrant
773 3170 968 3236 obsessores
984 3169 1233 3257 (Mogontiaci),
1251 3172 1377 3236 mixtus
1389 3196 1431 3237 ex
1446 3172 1549 3238 Chat·
1632 3228 1638 3239 .

317 3277 371 3353 tis,
395 3277 520 3364 Vsipis,
543 3278 713 3352 Mattiacis
737 3278 917 3352 exercitus,
945 3278 1097 3343 satietate
1124 3278 1268 3366 praedae
1297 3302 1358 3344 nec
1375 3280 1549 3345 incruenta

316 3409 451 3452 rc...-
472 3385 511 3457 G.
543 3409 598 3472 aq.
630 3386 790 3451 Batavi...
819 3385 1020 3451 Chattorum
1044 3386 1213 3473 quondam
1243 3386 1400 3474 populus.
1420 3424 1461 3435 -
1493 3388 1546 3455 30.

317 3493 410 3557 Vltm
431 3493 573 3581 hos(qui
588 3493 783 3557 decumates
799 3515 897 3578 agros
914 3491 1084 3579 exercent)
1102 3492 1229 3559 Chatti.
1253 3493 1388 3558 Initium
1403 3494 1492 3558 sedis
1508 3494 1549 3559 ab

318 3599 486 3687 Hercynio
500 3599 589 3665 saltu
606 3600 824 3665 incohatur...
843 3599 985 3664 Chattos
1003 3623 1082 3663 suos
1106 3599 1214 3665 saltus
1230 3600 1420 3687 Hercynius
1434 3624 1549 3688 prose·

316 3707 432 3795 quitur
450 3706 665 3794 simulatque
684 3706 834 3793 deponit.
859 3760 864 3772 .
883 3707 981 3770 Alios
996 3706 1037 3769 ad
1056 3706 1220 3793 proelium
1235 3707 1281 3772 ire
1296 3706 1424 3782 videas,
1446 3707 1550 3774 Chat-

315 3823 369 3878 tos
384 3813 577 3878 adbellum.
597 3852 638 3863 -
659 3811 713 3879 31.
731 3813 820 3876 Aliis
838 3813 1084 3878 Germanorum
1106 3814 1241 3902 populis
1262 3821 1460 3902 usurpatum
1475 3837 1550 3880 raro

315 3928 348 3986 et
363 3921 491 4007 privata
517 3921 680 4008 cuiusque
702 3919 858 3984 audentia
875 3920 964 4007 apud
987 3919 1129 3985 Chattos
1158 3921 1191 3985 in
1212 3945 1416 3987 consensum
1435 3924 1548 3998 vertit,

316 4036 353 4092 ut
372 4028 516 4114 primum
543 4027 764 4100 adoleverint,
787 4027 912 4091 crinem
943 4026 1150 4115 barbamque
1168 4028 1366 4095 submittere
1394 4053 1456 4095 nec
1485 4031 1550 4096 nisi

316 4135 523 4199 hostecaeso
543 4156 707 4198 exuere...
739 4134 898 4198 Plurimis
924 4134 1124 4200 Chattorum
1152 4135 1205 4200 hic
1235 4135 1345 4223 placet
1369 4137 1547 4206 habitus...

317 4241 426 4307 -32.
451 4242 600 4306 Proximi
635 4241 767 4306 Chattis
795 4249 923 4305 certum
955 4242 1021 4305 iam
1042 4242 1139 4306 alveo
1165 4243 1363 4311 Rhenum...
1388 4245 1481 4333 Vsipi
1512 4272 1549 4312 ac

315 4348 467 4413 Tencteri
492 4346 649 4413 colunt...
674 4348 742 4412 Nec
763 4348 869 4412 maior
895 4348 983 4435 apud
1012 4349 1154 4414 Chattos
1170 4349 1320 4437 peditum
1349 4352 1421 4416 laus
1447 4377 1548 4440 quam

313 4455 485 4520 Tencteris
509 4456 732 4542 equitum-
776 4455 830 4519 35.
867 4456 1081 4520 Chaucorum
1109 4479 1234 4542 gens..
1274 4459 1437 4538 omnium,
1465 4484 1549 4548 quas

314 4562 466 4649 exposui,
483 4562 635 4648 gentium
661 4561 823 4626 lateribus
852 4561 1060 4640 obtenditur,
1081 4562 1187 4628 donec
1218 4564 1251 4627 in
1275 4565 1416 4630 Chattos
1442 4591 1548 4656 usquc

314 4669 477 4734 sinuetur.
493 4708 535 4716 -
549 4666 603 4733 36.
634 4668 670 4733 In
691 4667 794 4733 latere
817 4669 1030 4733 Chaucorum
1054 4669 1323 4759 Chattorumque
1341 4671 1546 4742 Cherusci...

316 4774 477 4840 Cherusci
486 4798 574 4839 nunc
589 4776 761 4841 inertesac
775 4775 870 4840 stulti
881 4783 1058 4848 vocantur.
1072 4776 1204 4842 Chattis
1222 4779 1405 4844 victoribus
1417 4781 1547 4847 fortuna

315 4884 349 4948 in
359 4883 558 4971 sapientiam
574 4884 687 4948 cessit.
707 4921 749 4931 -
766 4884 820 4949 38.
831 4882 927 4948 Nune
939 4884 980 4947 de
991 4883 1113 4948 Suebis
1127 4884 1306 4951 dicendum
1323 4896 1386 4956 est.
1402 4912 1546 4977 quorum

318 5014 384 5057 non
400 5014 478 5066 una,
497 4998 533 5055 ut
548 4987 747 5059 Chattorum
771 4991 1055 5058 Tencterorumve
1071 5015 1167 5082 gens,
