3709 6234
292 841 344 898 250
770 841 924 898 uuutrlt's
945 845 1095 899 CORBt'LO

336 996 492 1076 praetura
506 986 642 1053 functus
657 988 698 1054 de
713 986 751 1052 1..
769 985 864 1052 Sulla
878 985 985 1052 nobili
1007 987 1127 1052 iuvene
1147 994 1288 1077 questus
1302 993 1356 1053 est
1372 987 1463 1076 apud
1477 1009 1572 1052 sena·

337 1103 420 1168 tum,
437 1095 528 1184 quod
541 1095 605 1161 sibi
618 1097 706 1162 inter
721 1092 914 1183 spectacula
931 1093 1157 1180 gladiatorum
1180 1093 1255 1160 loeo
1270 1117 1339 1160 non
1358 1091 1570 1160 decessisset.

338 1204 402 1267 Pro
419 1201 611 1269 Corbulone
624 1211 729 1280 aetas,
753 1201 882 1290 patrius
898 1224 984 1284 mos,
1002 1201 1114 1268 studia
1130 1201 1300 1268 seniorum
1314 1207 1449 1268 erant...
1468 1201 1571 1268 Satis-

335 1311 460 1377 sactum
486 1310 669 1377 Corbuloni
694 1331 753 1397 per
768 1308 988 1388 Mamercum,
1006 1308 1062 1397 qui
1078 1317 1219 1397 patruus
1248 1307 1409 1373 simulac
1432 1307 1572 1374 vitricus

334 1417 488 1485 Sullae...
519 1426 604 1484 erat.
632 1417 724 1482 ldem
745 1414 893 1480 Corbulo
914 1414 1060 1502 plurima
1079 1437 1138 1503 per
1163 1413 1294 1480 ltaliam
1316 1414 1438 1480 itinera
1455 1412 1572 1479 fraude

334 1526 525 1613 mancipum
542 1533 575 1592 et
590 1524 718 1590 incuria
737 1523 997 1610 magistratuum
1018 1522 1205 1611 interrupta
1222 1527 1256 1587 et
1271 1520 1436 1610 impervia
1455 1519 1571 1586 clanii-

334 1630 437 1698 tando
453 1630 703 1696 exsecutionem
717 1631 788 1695 eius
801 1629 927 1716 negotii
943 1628 1053 1695 libens
1068 1629 1217 1716 suscepit
1235 1677 1260 1695 ..

292 1737 511 1804 DOMITIVS
528 1735 1015 1816 Cultltt'1.0‚C0}t13VLO¹.
1050 1775 1093 1786 -
1130 1761 1179 1812 ιι,
1206 1739 1256 1802 18.
1275 1733 1443 1803 Chauci...
1465 1743 1571 1800 morte

333 1845 510 1935 Sanquinii
531 1844 671 1920 alacreS,
689 1844 769 1909 dum
786 1842 936 1908 Corbulo
960 1842 1122 1909 adventat
1141 1841 1333 1908 inferiorem
1354 1841 1570 1907 Germaniam

332 1954 546 2018 incursavere
565 2002 586 2018 ..
603 1953 651 2016 At
671 1949 820 2017 Corbulo
833 1951 1042 2039 provinciam
1062 1950 1236 2036 ingressus
1252 1972 1375 2038 magna
1394 1973 1472 2015 cum
1492 1972 1569 2015 cura

333 2069 366 2126 et
385 2083 464 2124 mox
480 2058 598 2144 gloria,
624 2058 678 2124 cui
699 2057 902 2147 principium
925 2056 984 2121 illa
1004 2056 1123 2121 militia
1144 2055 1248 2125 suit...
1266 2094 1307 2106 -
1327 2080 1376 2136 rr,
1398 2079 1450 2146 ¹9·
1471 2055 1568 2122 Natio

335 2167 559 2232 Frisiorum...
581 2164 670 2230 datis
701 2164 876 2229 obsidibus
904 2162 1057 2228 consedit
1090 2161 1180 2251 apud
1208 2186 1308 2251 agros
1336 2186 1355 2228 a
1379 2161 1569 2229 Corbulone

331 2273 561 2361 descriptos...
583 2272 694 2338 Caede
709 2271 906 2361 (Cannasci)
924 2278 1035 2336 motae
1051 2270 1264 2336 Chaucorum
1280 2278 1424 2350 menteS,
1441 2278 1476 2337 et
1488 2269 1570 2336 Cor-

333 2380 411 2446 bulo
433 2382 561 2446 semina
580 2379 776 2444 rebellionis
791 2378 986 2467 praebebat,
1007 2386 1045 2443 ut
1063 2377 1151 2443 lacta
1179 2376 1270 2466 apud
1302 2376 1495 2467 plerosque.
1525 2377 1569 2444 ita

335 2488 424 2577 apud
440 2488 604 2576 quosdam
637 2487 773 2552 sinistra
803 2486 1063 2565 lama...-11,
1082 2507 1134 2551 20.
1169 2484 1238 2582 lam
1259 2493 1369 2550 castra
1401 2485 1436 2550 in
1456 2483 1571 2552 hostili

332 2595 405 2660 solo
430 2594 584 2660 molienti
604 2593 788 2659 Corbuloni
809 2617 866 2659 eae
881 2592 1013 2658 litterae
1031 2590 1229 2659 redduntur.
1264 2590 1366 2658 llle...
1382 2591 1466 2657 nihil
1479 2591 1571 2658 aliud

332 2701 530 2789 prolocutus
543 2725 644 2789 quarn
663 2723 670 2766 :
689 2726 705 2765 c
724 2703 847 2767 Beatos
866 2700 1037 2789 quondam
1052 2698 1155 2764 duces
1176 2699 1347 2765 ltomauos
1370 2722 1400 2778 a,
1435 2700 1569 2788 signum

335 2809 484 2896 receptui
505 2807 729 2882 dedit-13,
747 2808 778 2873 8.
796 2806 984 2874 Domitium
998 2804 1226 2871 Corbulonem
1244 2805 1438 2872 retinendae
1451 2808 1570 2872 Arme·

333 2915 407 2980 niae
421 2922 661 3003 praeposuerat
676 2913 805 3002 (Nero),
833 2912 1080 3001 videbaturque
1100 2912 1196 2979 locus
1214 2912 1399 2979 virtutibus
1424 2912 1571 3002 patefac·

336 3031 401 3088 tus.
425 3022 550 3109 Copiae
581 3021 729 3088 Orientis
753 3022 799 3086 ita
832 3019 1046 3101 dividuntur,
1077 3028 1115 3086 ut
1140 3043 1218 3109 pars
1252 3020 1465 3087 auxiliarium
1493 3044 1569 3087 cum

331 3129 462 3195 duabus
483 3127 675 3216 legionibus
695 3127 785 3216 apud
805 3128 1014 3216 provinciam
1030 3127 1164 3193 Suriam
1181 3135 1215 3193 et
1228 3127 1379 3216 legatum
1391 3127 1465 3194 eius
1479 3125 1570 3207 Qua·

332 3234 686 3301 dratuml'mmidium
702 3242 901 3309 remaneret,
920 3257 981 3323 par
996 3234 1121 3299 civium
1145 3233 1381 3323 sociorumque
1407 3256 1570 3301 numerus

210 3330 216 3342 ³
332 3343 516 3409 Corbuloni
532 3350 632 3420 esset,
649 3342 774 3407 additis
789 3340 984 3407 cohortibus
1004 3341 1146 3430 alisque,
1176 3364 1262 3429 quae
1290 3342 1324 3406 ia
1356 3340 1569 3430 Cappadocia

331 3450 536 3516 hiemabant.
560 3449 649 3514 Socii
665 3473 772 3536 reges,
796 3456 896 3536 prout
911 3447 1001 3512 bello
1012 3448 1229 3530 conduceret,
1247 3471 1364 3536 parere
1384 3449 1467 3513 iussi
1485 3468 1492 3529 ;
1509 3447 1568 3513 sed

330 3559 440 3625 studia
453 3580 567 3621 eorum
584 3557 618 3620 in
635 3555 861 3621 Corbulonem
870 3556 1078 3645 promptiora
1089 3564 1196 3621 erant.
1209 3555 1315 3634 Qui...
1335 3555 1425 3644 apud
1436 3558 1568 3645 Aegeas

329 3666 501 3731 civitatem
518 3662 655 3728 Ciliciae
676 3662 813 3728 obvium
830 3662 1041 3740 Quadratum
1064 3663 1194 3739 habuit,
1225 3662 1304 3728 illuc
1337 3686 1566 3752 progressum,

331 3796 385 3849 ne,
403 3773 431 3835 si
447 3770 489 3836 ad
505 3770 718 3858 accipiendas
733 3770 847 3858 copias
864 3771 996 3857 Syriam
1013 3770 1208 3836 intravisset
1231 3769 1391 3851 Corbulo;
1414 3770 1565 3837 omnium

331 3902 386 3941 ora
415 3879 448 3942 in
474 3902 510 3942 se
528 3885 685 3960 verteret,
728 3901 865 3964 corpore
897 3878 1030 3964 ingens,
1052 3877 1164 3943 verbis
1198 3877 1388 3965 magnilicis
1407 3885 1441 3943 et
1469 3900 1569 3966 super

332 3985 573 4072 experientiam
609 3985 875 4073 sapientiamque
896 3986 997 4051 ctiam
1032 3985 1143 4074 specie
1163 3985 1315 4050 inanium
1344 3984 1490 4051 validus.
1525 4023 1569 4037 -

337 4092 386 4168 13,
409 4116 441 4178 9.
461 4091 644 4178 Postquam
661 4089 846 4155 Corbuloni
860 4093 1033 4179 cognitum
1059 4100 1112 4158 est
1126 4092 1373 4179 (centurionem
1405 4092 1567 4158 Insteium

331 4197 372 4262 ab
389 4196 711 4261 l'mmidiomissum
729 4197 899 4285 accepisse
919 4198 1054 4262 obsides
1078 4198 1305 4286 Vologaesis),
1337 4199 1383 4263 ire
1421 4200 1567 4287 praelec-

331 4313 403 4371 tum
418 4304 565 4369 cohortis
585 4305 723 4368 Arrium
739 4306 864 4369 l'arum
886 4314 919 4370 ct
943 4307 1127 4394 reciperare
1148 4306 1283 4371 obsides
1305 4305 1439 4372 iubet...
1468 4306 1567 4372 Arbi-

330 4413 432 4477 trium
449 4412 497 4476 rei
517 4409 693 4475 obsidibus
722 4410 922 4500 legatisque,
963 4414 1021 4502 qui
1047 4436 1105 4478 eos
1141 4413 1322 4496 ducebant,
1350 4415 1564 4503 permissum.

329 4520 443 4606 Atque
464 4517 512 4582 illi
533 4525 698 4582 recentem
716 4518 822 4604 gloria
837 4528 870 4586 et
886 4519 1103 4586 inclinatione
1118 4520 1264 4609 quadam
1285 4521 1386 4586 etiam
1419 4521 1566 4587 hostium

331 4625 558 4690 Corbulonem
588 4626 787 4713 praetulere.
826 4627 922 4692 Vnde
953 4628 1118 4692 discordia
1148 4628 1235 4693 inter
1260 4627 1375 4704 duces,
1406 4637 1567 4717 querente

332 4733 499 4796 l'mrnidio
511 4739 699 4820 praerepta,
716 4756 801 4821 quae
817 4736 887 4799 suis
902 4734 1054 4800 consiliis
1065 4736 1279 4822 patravisset,
1293 4742 1438 4801 testante
1450 4743 1567 4800 contra

318 4977 323 5009 ¹
342 4974 390 5023 Cu.
410 4975 546 5023 Domitius
563 4975 691 5023 Corbulo.
712 4975 833 5027 l'aosor..
856 4978 907 5025 rati.
