3709 6234
371 864 423 918 234
959 867 1065 920 CYPEH

414 1009 615 1098 quaestoris,
627 1010 680 1075 cui
699 1009 813 1076 Africa
829 1008 1038 1097 obtigerat...
1057 1007 1179 1075 Oblata
1208 1010 1237 1075 ei
1273 1010 1403 1098 species
1431 1009 1648 1076 muliebris...

413 1123 448 1182 et
461 1116 575 1183 audita
591 1124 643 1182 est
658 1134 749 1183 vox:
769 1116 850 1182 «Tu
869 1140 918 1197 es,
943 1116 1041 1195 Rufe,
1078 1116 1136 1205 qui
1164 1117 1198 1181 in
1229 1116 1315 1181 hanc
1348 1117 1557 1204 provinciam
1591 1141 1650 1206 pro

414 1224 553 1289 consule
594 1226 736 1290 venies»
766 1223 1028 1303 ...Quaesturam
1062 1231 1137 1289 et...
1167 1231 1357 1311 praeturam
1381 1225 1541 1313 principis
1575 1224 1650 1290 sul—

414 1330 520 1419 hagio
542 1332 749 1421 adsequitur,
782 1354 860 1397 cum
880 1332 972 1396 hisce
1001 1330 1282 1397 verbisl'iberius
1311 1331 1457 1397 dedecus
1486 1331 1649 1397 natalium

413 1439 485 1504 eius
500 1438 710 1505 velavisset:
738 1439 909 1505 «Curtius
931 1438 1039 1503 llulus
1066 1438 1200 1504 videtur
1230 1438 1313 1503 mihi
1344 1462 1386 1504 ex
1407 1462 1443 1504 se
1472 1447 1615 1506 natus...
1633 1466 1648 1499 n

413 1546 598 1613 Consulare
627 1547 818 1634 imperium,
855 1546 1017 1634 triumphi
1043 1546 1188 1632 insignia
1223 1569 1260 1611 ac
1288 1554 1458 1633 postremo
1498 1544 1650 1613 Africam

415 1653 605 1720 obtinuit...

370 1760 562 1826 CVRTlt'S
603 1760 818 1825 SEVERVS.
848 1783 959 1834 -ια,
996 1760 1050 1824 55.
1088 1759 1303 1848 obsessaque
1345 1761 1377 1847 (a
1389 1760 1501 1847 Clitis)
1531 1761 1651 1828 civitas

413 1868 683 1943 Anemuriensis,
696 1875 730 1933 et
744 1867 840 1932 missi
854 1890 871 1931 c
885 1868 981 1953 Syria
995 1867 1028 1932 in
1045 1866 1234 1932 subsidium
1245 1868 1376 1956 equites
1390 1891 1466 1933 cum
1481 1869 1650 1956 praefecto

415 1973 531 2039 Curtio
552 1976 675 2040 Severo
691 1974 883 2040 turbantur.

369 2081 521 2148 CVSVS.
541 2119 583 2131 -
603 2106 634 2159 α,
652 2081 704 2146 63.
727 2081 866 2147 Barbari
885 2089 1068 2168 utrumque
1089 2081 1350 2169 (Maroboduum
1369 2089 1402 2147 et
1432 2081 1647 2172 Catualdam)

413 2190 605 2255 comitati...
654 2189 846 2254 Danuvium
881 2187 967 2254 ultra
996 2189 1084 2253 inter
1113 2189 1251 2253 ssumina
1281 2188 1414 2254 Marum
1451 2196 1485 2254 et
1520 2189 1649 2255 Cusum

413 2297 578 2363 locantur.

369 2404 529 2471 CVTIVS
546 2403 698 2468 LVPVS.
716 2442 758 2452 —
774 2405 806 2480 t,
826 2427 879 2491 27.
897 2402 1041 2467 Cutius¹
1058 2403 1173 2491 Lupus
1197 2411 1369 2492 quaestor,
1389 2403 1443 2468 cui
1475 2404 1650 2491 provincia

413 2520 525 2576 vetere
545 2534 587 2576 ex
603 2533 696 2575 more
713 2510 812 2575 Cales
823 2516 1062 2580 evenerant...
1077 2510 1129 2592 (T.
1153 2511 1338 2576 Curtisium
1354 2510 1511 2575 servilem
1525 2509 1651 2576 tumul·

416 2621 504 2704 tum)
521 2624 734 2705 coeptantem
768 2617 978 2706 (oppressit).

371 2724 668 2792 CYCLADES.—
681 2749 712 2801 α,
735 2725 789 2791 55.
809 2725 871 2791 Cn.
887 2723 1008 2789 Piso...
1020 2724 1236 2811 navigatione
1247 2724 1347 2790 celeri
1360 2747 1419 2813 per
1439 2723 1647 2812 Cycladas...

413 2832 609 2919 adsequitur
639 2830 880 2896 Germanicum
911 2830 1000 2918 apud
1030 2830 1177 2896 insulam
1212 2830 1381 2896 Rhodum.
1404 2833 1562 2900 -5.10.
1586 2833 1650 2898 Per

412 2939 501 3005 idem
517 2947 651 3027 tempus
663 2939 746 3003 Asia
761 2945 862 3026 atque
875 2937 1005 3002 Achaia
1020 2938 1199 3004 exterritae
1212 2947 1293 3003 sunt
1311 2939 1380 3003 acri
1409 2939 1517 3026 magis
1542 2962 1646 3027 quam

412 3045 570 3110 diuturno
585 3069 729 3125 rumore,
745 3046 892 3110 Drusum
906 3045 1099 3110 Germanici
1110 3045 1217 3111 lilium
1232 3045 1321 3133 apud
1337 3044 1506 3132 Cycladas
1517 3045 1648 3112 insulas

413 3176 493 3219 mox
510 3154 544 3218 in
565 3154 753 3218 continenti
774 3153 897 3218 visum.

369 3260 614 3329 CYCLOPES.
648 3300 685 3313 -
716 3263 748 3338 3,
773 3260 828 3325 61.
859 3260 1040 3347 Ephesii...
1069 3267 1337 3327 memorantes...
1357 3282 1430 3325 esse
1457 3258 1547 3347 apud
1568 3282 1647 3325 se...

411 3369 525 3434 lucum
542 3367 760 3454 Ortygiam...
780 3376 880 3455 atque
896 3368 1007 3455 ipsum
1028 3366 1096 3431 illic
1126 3366 1321 3452 Apollinem
1349 3375 1426 3455 post
1454 3364 1649 3432 interlectos

413 3474 581 3563 Cyclopas
597 3474 686 3538 lovis
701 3476 785 3539 iram
811 3474 983 3540 vitavisse.

368 3581 555 3648 CYME.-
568 3607 598 3656 2,
609 3584 664 3669 47.
679 3583 850 3667 Cymen...
863 3581 968 3645 levari
976 3582 1023 3668 (in
1035 3581 1304 3669 quinquennium
1316 3580 1498 3665 tributo)...
1508 3578 1646 3667 placuit.

368 3687 818 3764 CYNIC.t1NS'1‘1Tt-'Tlt')‚
838 3686 1012 3751 CYNICA
1025 3688 1180 3754 SEC'l'A.
1203 3686 1311 3769 -16,
1331 3688 1371 3765 dl
1386 3687 1527 3773 (Paetus
1546 3686 1649 3751 Thra-

412 3798 482 3882 sea)
495 3796 639 3860 maxime
657 3795 808 3860 intentus
820 3795 991 3859 Demetrio
1007 3794 1153 3881 Cynicae
1165 3795 1389 3859 institutionis
1404 3794 1549 3872 doctori,
1570 3816 1647 3858 cum

412 3926 519 3990 quo...
542 3901 583 3964 de
617 3910 735 3966 natura
767 3902 898 3966 animae
927 3910 961 3967 ct
993 3902 1231 3966 dissociatione
1259 3902 1397 3988 spiritus
1432 3901 1649 3989 corporisque

412 4009 613 4096 inquirebat.
640 4048 682 4057 --
717 4008 774 4088 lt,
802 4013 855 4086 do.
890 4008 1016 4073 lustum
1055 4009 1239 4074 vindictam
1271 4008 1425 4095 explesse
1471 4007 1649 4072 Musonius

412 4114 601 4195 uidebatur,
619 4115 749 4179 diversa
768 4115 854 4179 lama
869 4116 1039 4180 Demetrio
1056 4115 1219 4202 Cynicam
1235 4124 1362 4180 sectam
1376 4114 1539 4202 professo,
1558 4114 1650 4203 quod

413 4221 629 4286 manifestum
665 4245 760 4286 rcum
800 4222 853 4310 (P.
894 4222 1076 4306 Egnatium
1117 4222 1284 4309 Celerem)
1318 4221 1531 4287 ambitiosius
1546 4245 1649 4310 quam

412 4328 587 4394 honestius
607 4328 825 4395 defendisset.

369 4434 535 4503 CYl’ltll.
553 4475 595 4484 —
612 4435 703 4511 3,62.
722 4435 838 4525 Cyprii
849 4436 958 4501 tribus
972 4436 1012 4500 de
1028 4436 1179 4501 delubris
1194 4436 1441 4522 (disseruerunt
1450 4436 1484 4501 in
1498 4437 1645 4526 senatu),

412 4566 555 4633 quorum
571 4544 840 4608 vetustissimum
863 4544 1010 4631 Paphiae
1026 4544 1149 4609 Veneri
1174 4550 1291 4608 auctor
1306 4543 1439 4624 Aerias,
1457 4552 1535 4630 post
1558 4542 1649 4610 lilius

412 4652 483 4717 eius
496 4650 666 4715 Amathus
705 4651 826 4715 Veneri
861 4649 1080 4716 Amathusiae
1105 4660 1138 4717 et
1168 4650 1239 4714 lovi
1269 4649 1454 4714 Salaminio
1477 4650 1646 4718 Teucer...

412 4758 617 4846 posuissent.

399 4990 1510 5057 ¹Mmmhmufflmfffflwmmfflmmqmwmmmm
