<?xml version="1.0" encoding="UTF-8"?>
<!DOCTYPE html PUBLIC "-//W3C//DTD XHTML 1.0 Transitional//EN"
    "http://www.w3.org/TR/xhtml1/DTD/xhtml1-transitional.dtd">
<html xmlns="http://www.w3.org/1999/xhtml" xml:lang="en" lang="en">
 <head>
  <title>
</title>
<meta http-equiv="Content-Type" content="text/html;charset=utf-8" />
  <meta name='ocr-system' content='tesseract 3.04.00' />
  <meta name='ocr-capabilities' content='ocr_page ocr_carea ocr_par ocr_line ocrx_word'/>
</head>
<body>
  <div class='ocr_page' id='page_1' title='image "./onomasticontaci00fabigoog_0013.png"; bbox 0 0 3709 6234; ppageno 0'>
   <div class='ocr_carea' id='block_1_1' title="bbox 798 906 1526 959">
    <p class='ocr_par' dir='ltr' id='par_1_1' title="bbox 798 906 1526 959">
     <span class='ocr_line' id='line_1_1' title="bbox 798 906 1526 959; baseline 0 0"><span class='ocrx_word' id='word_1_1' title='bbox 798 906 985 959; x_wconf 77' lang='lat' dir='ltr'><strong>PRAEFATIO</strong></span> <span class='ocrx_word' id='word_1_2' title='bbox 1508 906 1526 959; x_wconf 71' lang='grc' dir='ltr'>τ’)</span> 
     </span>
    </p>
   </div>
   <div class='ocr_carea' id='block_1_2' title="bbox 237 1027 1525 4037">
    <p class='ocr_par' dir='ltr' id='par_1_2' title="bbox 237 1027 1526 4037">
     <span class='ocr_line' id='line_1_2' title="bbox 237 1027 1525 1128; baseline 0.001 -27"><span class='ocrx_word' id='word_1_3' title='bbox 237 1030 480 1127; x_wconf 89' lang='lat' dir='ltr'>imperatores</span> <span class='ocrx_word' id='word_1_4' title='bbox 500 1037 536 1099; x_wconf 83' lang='lat' dir='ltr'>et</span> <span class='ocrx_word' id='word_1_5' title='bbox 564 1028 820 1127; x_wconf 89' lang='lat' dir='ltr'>imperatoriae</span> <span class='ocrx_word' id='word_1_6' title='bbox 844 1027 976 1100; x_wconf 90' lang='lat' dir='ltr'>domus</span> <span class='ocrx_word' id='word_1_7' title='bbox 998 1027 1095 1101; x_wconf 84' lang='lat' dir='ltr'>viros</span> <span class='ocrx_word' id='word_1_8' title='bbox 1118 1030 1345 1128; x_wconf 76' lang='lat' dir='ltr'>feminasque</span> <span class='ocrx_word' id='word_1_9' title='bbox 1362 1056 1525 1102; x_wconf 89' lang='lat' dir='ltr'>commo-</span> 
     </span>
     <span class='ocr_line' id='line_1_3' title="bbox 238 1143 1525 1243; baseline 0.002 -27"><span class='ocrx_word' id='word_1_10' title='bbox 238 1143 322 1216; x_wconf 82' lang='lat' dir='ltr'>dius</span> <span class='ocrx_word' id='word_1_11' title='bbox 345 1143 437 1217; x_wconf 85' lang='lat' dir='ltr'>milii</span> <span class='ocrx_word' id='word_1_12' title='bbox 463 1144 582 1215; x_wconf 78' lang='lat' dir='ltr'>risum</span> <span class='ocrx_word' id='word_1_13' title='bbox 603 1154 657 1216; x_wconf 85' lang='lat' dir='ltr'>cst</span> <span class='ocrx_word' id='word_1_14' title='bbox 685 1170 741 1225; x_wconf 80' lang='lat' dir='ltr'>c0,</span> <span class='ocrx_word' id='word_1_15' title='bbox 769 1144 1039 1243; x_wconf 81' lang='lat' dir='ltr'>qualecumque</span> <span class='ocrx_word' id='word_1_16' title='bbox 1062 1157 1129 1226; x_wconf 82' lang='lat' dir='ltr'>est,</span> <span class='ocrx_word' id='word_1_17' title='bbox 1157 1146 1305 1218; x_wconf 90' lang='lat' dir='ltr'>nomine</span> <span class='ocrx_word' id='word_1_18' title='bbox 1331 1147 1525 1219; x_wconf 90' lang='lat' dir='ltr'>denotatos</span> 
     </span>
     <span class='ocr_line' id='line_1_4' title="bbox 238 1259 1521 1362; baseline 0.002 -29"><span class='ocrx_word' id='word_1_19' title='bbox 238 1260 515 1359; x_wconf 80' lang='lat' dir='ltr'>collocarc,quo</span> <span class='ocrx_word' id='word_1_20' title='bbox 530 1260 682 1333; x_wconf 91' lang='lat' dir='ltr'>nomine</span> <span class='ocrx_word' id='word_1_21' title='bbox 697 1259 744 1332; x_wconf 95' lang='lat' dir='ltr'>ab</span> <span class='ocrx_word' id='word_1_22' title='bbox 760 1260 1003 1359; x_wconf 73' lang='lat' dir='ltr'>scriptoribus</span> <span class='ocrx_word' id='word_1_23' title='bbox 1022 1262 1184 1360; x_wconf 75' lang='lat' dir='ltr'>antiquis</span> <span class='ocrx_word' id='word_1_24' title='bbox 1202 1263 1378 1362; x_wconf 89' lang='lat' dir='ltr'>appellari</span> <span class='ocrx_word' id='word_1_25' title='bbox 1390 1263 1521 1336; x_wconf 86' lang='lat' dir='ltr'>solent.</span> 
     </span>
     <span class='ocr_line' id='line_1_5' title="bbox 237 1376 1450 1474; baseline 0.002 -25"><span class='ocrx_word' id='word_1_26' title='bbox 237 1376 406 1449; x_wconf 83' lang='lat' dir='ltr'>Similem</span> <span class='ocrx_word' id='word_1_27' title='bbox 435 1376 473 1447; x_wconf 91' lang='lat' dir='ltr'>in</span> <span class='ocrx_word' id='word_1_28' title='bbox 499 1377 630 1449; x_wconf 88' lang='lat' dir='ltr'>aetatis</span> <span class='ocrx_word' id='word_1_29' title='bbox 650 1377 771 1474; x_wconf 84' lang='lat' dir='ltr'>regiae</span> <span class='ocrx_word' id='word_1_30' title='bbox 791 1376 1007 1448; x_wconf 91' lang='lat' dir='ltr'>homiuibus</span> <span class='ocrx_word' id='word_1_31' title='bbox 1037 1379 1217 1451; x_wconf 89' lang='lat' dir='ltr'>rationem</span> <span class='ocrx_word' id='word_1_32' title='bbox 1245 1378 1450 1453; x_wconf 80' lang='lat' dir='ltr'>observavi.</span> 
     </span>
     <span class='ocr_line' id='line_1_6' title="bbox 242 1493 1524 1594; baseline 0.003 -29"><span class='ocrx_word' id='word_1_33' title='bbox 242 1493 449 1579; x_wconf 82' lang='lat' dir='ltr'>Praeterea,</span> <span class='ocrx_word' id='word_1_34' title='bbox 474 1520 519 1565; x_wconf 91' lang='lat' dir='ltr'>ne</span> <span class='ocrx_word' id='word_1_35' title='bbox 539 1493 623 1592; x_wconf 91' lang='lat' dir='ltr'>quis</span> <span class='ocrx_word' id='word_1_36' title='bbox 642 1493 774 1565; x_wconf 88' lang='lat' dir='ltr'>harum</span> <span class='ocrx_word' id='word_1_37' title='bbox 796 1494 1006 1592; x_wconf 87' lang='lat' dir='ltr'>regularum</span> <span class='ocrx_word' id='word_1_38' title='bbox 1030 1495 1227 1567; x_wconf 91' lang='lat' dir='ltr'>immemor</span> <span class='ocrx_word' id='word_1_39' title='bbox 1250 1495 1286 1566; x_wconf 93' lang='lat' dir='ltr'>in</span> <span class='ocrx_word' id='word_1_40' title='bbox 1312 1497 1524 1594; x_wconf 91' lang='lat' dir='ltr'>quaerendo</span> 
     </span>
     <span class='ocr_line' id='line_1_7' title="bbox 238 1609 1523 1712; baseline 0.002 -29"><span class='ocrx_word' id='word_1_41' title='bbox 238 1610 663 1698; x_wconf 81' lang='lat' dir='ltr'>lraesita1·et,cautionem</span> <span class='ocrx_word' id='word_1_42' title='bbox 678 1609 845 1682; x_wconf 84' lang='lat' dir='ltr'>adhibui.</span> <span class='ocrx_word' id='word_1_43' title='bbox 867 1611 1102 1710; x_wconf 87' lang='lat' dir='ltr'>Quicumque</span> <span class='ocrx_word' id='word_1_44' title='bbox 1124 1612 1222 1684; x_wconf 91' lang='lat' dir='ltr'>enim</span> <span class='ocrx_word' id='word_1_45' title='bbox 1244 1625 1388 1711; x_wconf 90' lang='lat' dir='ltr'>praeter</span> <span class='ocrx_word' id='word_1_46' title='bbox 1403 1615 1523 1712; x_wconf 78' lang='lat' dir='ltr'>regiae</span> 
     </span>
     <span class='ocr_line' id='line_1_8' title="bbox 239 1726 1520 1823; baseline 0.001 -23"><span class='ocrx_word' id='word_1_47' title='bbox 239 1728 368 1800; x_wconf 83' lang='lat' dir='ltr'>aetatis</span> <span class='ocrx_word' id='word_1_48' title='bbox 378 1727 549 1798; x_wconf 86' lang='lat' dir='ltr'>homines</span> <span class='ocrx_word' id='word_1_49' title='bbox 564 1726 768 1798; x_wconf 87' lang='lat' dir='ltr'>secundum</span> <span class='ocrx_word' id='word_1_50' title='bbox 784 1726 1014 1823; x_wconf 86' lang='lat' dir='ltr'>gentilicium</span> <span class='ocrx_word' id='word_1_51' title='bbox 1035 1754 1142 1798; x_wconf 89' lang='lat' dir='ltr'>snum</span> <span class='ocrx_word' id='word_1_52' title='bbox 1160 1754 1234 1800; x_wconf 92' lang='lat' dir='ltr'>nou</span> <span class='ocrx_word' id='word_1_53' title='bbox 1251 1730 1411 1801; x_wconf 90' lang='lat' dir='ltr'>ordinati</span> <span class='ocrx_word' id='word_1_54' title='bbox 1423 1742 1520 1810; x_wconf 79' lang='lat' dir='ltr'>sunt,</span> 
     </span>
     <span class='ocr_line' id='line_1_9' title="bbox 238 1842 1523 1943; baseline 0.002 -27"><span class='ocrx_word' id='word_1_55' title='bbox 238 1869 367 1916; x_wconf 84' lang='lat' dir='ltr'>eorum</span> <span class='ocrx_word' id='word_1_56' title='bbox 394 1842 638 1939; x_wconf 85' lang='lat' dir='ltr'>gentilicium.</span> <span class='ocrx_word' id='word_1_57' title='bbox 663 1842 773 1914; x_wconf 91' lang='lat' dir='ltr'>modo</span> <span class='ocrx_word' id='word_1_58' title='bbox 797 1852 928 1914; x_wconf 87' lang='lat' dir='ltr'>notmn</span> <span class='ocrx_word' id='word_1_59' title='bbox 959 1844 1017 1923; x_wconf 78' lang='lat' dir='ltr'>sit,</span> <span class='ocrx_word' id='word_1_60' title='bbox 1042 1855 1189 1942; x_wconf 86' lang='lat' dir='ltr'>praesto</span> <span class='ocrx_word' id='word_1_61' title='bbox 1216 1846 1332 1917; x_wconf 89' lang='lat' dir='ltr'>estin</span> <span class='ocrx_word' id='word_1_62' title='bbox 1358 1846 1523 1943; x_wconf 84' lang='lat' dir='ltr'>legitimo</span> 
     </span>
     <span class='ocr_line' id='line_1_10' title="bbox 240 1959 1522 2058; baseline 0.002 -27"><span class='ocrx_word' id='word_1_63' title='bbox 240 1960 336 2042; x_wconf 82' lang='lat' dir='ltr'>loco,</span> <span class='ocrx_word' id='word_1_64' title='bbox 355 1985 440 2032; x_wconf 85' lang='lat' dir='ltr'>cum</span> <span class='ocrx_word' id='word_1_65' title='bbox 455 1959 770 2032; x_wconf 66' lang='lat' dir='ltr'>demonstratione</span> <span class='ocrx_word' id='word_1_66' title='bbox 787 1960 858 2031; x_wconf 92' lang='lat' dir='ltr'>loci</span> <span class='ocrx_word' id='word_1_67' title='bbox 873 1961 1037 2044; x_wconf 78' lang='lat' dir='ltr'>alterius,</span> <span class='ocrx_word' id='word_1_68' title='bbox 1062 1960 1108 2033; x_wconf 92' lang='lat' dir='ltr'>ad</span> <span class='ocrx_word' id='word_1_69' title='bbox 1123 1987 1233 2058; x_wconf 90' lang='lat' dir='ltr'>quem</span> <span class='ocrx_word' id='word_1_70' title='bbox 1259 1962 1522 2035; x_wconf 90' lang='lat' dir='ltr'>recurrendum</span> 
     </span>
     <span class='ocr_line' id='line_1_11' title="bbox 241 2076 1521 2177; baseline 0.001 -27"><span class='ocrx_word' id='word_1_71' title='bbox 241 2078 300 2150; x_wconf 83' lang='lat' dir='ltr'>sit.</span> <span class='ocrx_word' id='word_1_72' title='bbox 335 2077 442 2156; x_wconf 81' lang='lat' dir='ltr'>ltem,</span> <span class='ocrx_word' id='word_1_73' title='bbox 474 2076 619 2174; x_wconf 89' lang='lat' dir='ltr'>quoties</span> <span class='ocrx_word' id='word_1_74' title='bbox 650 2076 689 2147; x_wconf 91' lang='lat' dir='ltr'>in</span> <span class='ocrx_word' id='word_1_75' title='bbox 713 2077 868 2149; x_wconf 89' lang='lat' dir='ltr'>alicuius</span> <span class='ocrx_word' id='word_1_76' title='bbox 898 2078 1059 2150; x_wconf 91' lang='lat' dir='ltr'>hominis</span> <span class='ocrx_word' id='word_1_77' title='bbox 1092 2078 1338 2177; x_wconf 86' lang='lat' dir='ltr'>appellatione</span> <span class='ocrx_word' id='word_1_78' title='bbox 1371 2080 1521 2152; x_wconf 75' lang='lat' dir='ltr'>variavit</span> 
     </span>
     <span class='ocr_line' id='line_1_12' title="bbox 240 2192 1519 2293; baseline 0.005 -31"><span class='ocrx_word' id='word_1_79' title='bbox 240 2192 402 2268; x_wconf 78' lang='lat' dir='ltr'>&#39;l&#39;acitus</span> <span class='ocrx_word' id='word_1_80' title='bbox 422 2193 542 2265; x_wconf 82' lang='lat' dir='ltr'>variae</span> <span class='ocrx_word' id='word_1_81' title='bbox 569 2192 834 2292; x_wconf 88' lang='lat' dir='ltr'>appellationes</span> <span class='ocrx_word' id='word_1_82' title='bbox 859 2219 925 2265; x_wconf 87' lang='lat' dir='ltr'>suo</span> <span class='ocrx_word' id='word_1_83' title='bbox 949 2221 1116 2293; x_wconf 87' lang='lat' dir='ltr'>quaeque</span> <span class='ocrx_word' id='word_1_84' title='bbox 1144 2196 1224 2267; x_wconf 92' lang='lat' dir='ltr'>loco</span> <span class='ocrx_word' id='word_1_85' title='bbox 1250 2195 1397 2267; x_wconf 81' lang='lat' dir='ltr'>obviam</span> <span class='ocrx_word' id='word_1_86' title='bbox 1423 2209 1519 2276; x_wconf 79' lang='lat' dir='ltr'>sunt,</span> 
     </span>
     <span class='ocr_line' id='line_1_13' title="bbox 240 2307 1519 2411; baseline 0.004 -31"><span class='ocrx_word' id='word_1_87' title='bbox 240 2307 391 2380; x_wconf 92' lang='lat' dir='ltr'>dumne</span> <span class='ocrx_word' id='word_1_88' title='bbox 409 2310 564 2381; x_wconf 77' lang='lat' dir='ltr'>varietas</span> <span class='ocrx_word' id='word_1_89' title='bbox 579 2310 674 2381; x_wconf 89' lang='lat' dir='ltr'>intra</span> <span class='ocrx_word' id='word_1_90' title='bbox 690 2310 779 2381; x_wconf 90' lang='lat' dir='ltr'>lines</span> <span class='ocrx_word' id='word_1_91' title='bbox 796 2310 904 2381; x_wconf 90' lang='lat' dir='ltr'>unius</span> <span class='ocrx_word' id='word_1_92' title='bbox 926 2309 1166 2410; x_wconf 90' lang='lat' dir='ltr'>eiusdemque</span> <span class='ocrx_word' id='word_1_93' title='bbox 1186 2313 1316 2411; x_wconf 88' lang='lat' dir='ltr'>capitis</span> <span class='ocrx_word' id='word_1_94' title='bbox 1329 2314 1519 2385; x_wconf 86' lang='lat' dir='ltr'>continea-</span> 
     </span>
     <span class='ocr_line' id='line_1_14' title="bbox 243 2425 1523 2528; baseline 0.003 -33"><span class='ocrx_word' id='word_1_95' title='bbox 243 2435 312 2497; x_wconf 87' lang='lat' dir='ltr'>tur.</span> <span class='ocrx_word' id='word_1_96' title='bbox 333 2470 378 2480; x_wconf 95' lang='lat'>-</span> <span class='ocrx_word' id='word_1_97' title='bbox 395 2425 669 2498; x_wconf 83' lang='lat' dir='ltr'>Providendum</span> <span class='ocrx_word' id='word_1_98' title='bbox 685 2426 794 2498; x_wconf 89' lang='lat' dir='ltr'>etiam</span> <span class='ocrx_word' id='word_1_99' title='bbox 811 2427 1098 2524; x_wconf 72' lang='lat' dir='ltr'>eratquomodo</span> <span class='ocrx_word' id='word_1_100' title='bbox 1117 2427 1385 2500; x_wconf 89' lang='lat' dir='ltr'>collocarentur</span> <span class='ocrx_word' id='word_1_101' title='bbox 1400 2429 1523 2528; x_wconf 85' lang='lat' dir='ltr'>plures</span> 
     </span>
     <span class='ocr_line' id='line_1_15' title="bbox 242 2540 1522 2642; baseline 0.004 -31"><span class='ocrx_word' id='word_1_102' title='bbox 242 2540 411 2613; x_wconf 89' lang='lat' dir='ltr'>eiusdem</span> <span class='ocrx_word' id='word_1_103' title='bbox 439 2542 621 2639; x_wconf 85' lang='lat' dir='ltr'>gentilicii</span> <span class='ocrx_word' id='word_1_104' title='bbox 649 2541 705 2613; x_wconf 82' lang='lat' dir='ltr'>rel</span> <span class='ocrx_word' id='word_1_105' title='bbox 721 2542 954 2639; x_wconf 90' lang='lat' dir='ltr'>cognominis</span> <span class='ocrx_word' id='word_1_106' title='bbox 974 2542 1155 2614; x_wconf 90' lang='lat' dir='ltr'>homines.</span> <span class='ocrx_word' id='word_1_107' title='bbox 1173 2543 1300 2642; x_wconf 89' lang='lat' dir='ltr'>ltaque</span> <span class='ocrx_word' id='word_1_108' title='bbox 1317 2544 1437 2641; x_wconf 89' lang='lat' dir='ltr'>primo</span> <span class='ocrx_word' id='word_1_109' title='bbox 1460 2571 1522 2616; x_wconf 89' lang='lat' dir='ltr'>cos</span> 
     </span>
     <span class='ocr_line' id='line_1_16' title="bbox 240 2657 1519 2758; baseline 0.002 -27"><span class='ocrx_word' id='word_1_110' title='bbox 240 2660 469 2738; x_wconf 81' lang='lat' dir='ltr'>enumerari,</span> <span class='ocrx_word' id='word_1_111' title='bbox 495 2658 557 2757; x_wconf 94' lang='lat' dir='ltr'>qui</span> <span class='ocrx_word' id='word_1_112' title='bbox 580 2658 679 2731; x_wconf 91' lang='lat' dir='ltr'>nudo</span> <span class='ocrx_word' id='word_1_113' title='bbox 699 2657 887 2756; x_wconf 85' lang='lat' dir='ltr'>gentilicio</span> <span class='ocrx_word' id='word_1_114' title='bbox 905 2658 960 2730; x_wconf 77' lang='lat' dir='ltr'>rel</span> <span class='ocrx_word' id='word_1_115' title='bbox 985 2660 1204 2757; x_wconf 86' lang='lat' dir='ltr'>cognomine</span> <span class='ocrx_word' id='word_1_116' title='bbox 1227 2660 1405 2758; x_wconf 79' lang='lat' dir='ltr'>designati</span> <span class='ocrx_word' id='word_1_117' title='bbox 1423 2674 1519 2750; x_wconf 82' lang='lat' dir='ltr'>suut,</span> 
     </span>
     <span class='ocr_line' id='line_1_17' title="bbox 239 2776 1522 2875; baseline 0.001 -27"><span class='ocrx_word' id='word_1_118' title='bbox 239 2776 374 2849; x_wconf 90' lang='lat' dir='ltr'>deinde</span> <span class='ocrx_word' id='word_1_119' title='bbox 390 2802 466 2852; x_wconf 83' lang='lat' dir='ltr'>eos.</span> <span class='ocrx_word' id='word_1_120' title='bbox 483 2776 546 2874; x_wconf 91' lang='lat' dir='ltr'>qui</span> <span class='ocrx_word' id='word_1_121' title='bbox 562 2802 787 2875; x_wconf 87' lang='lat' dir='ltr'>praenomen</span> <span class='ocrx_word' id='word_1_122' title='bbox 808 2801 957 2874; x_wconf 91' lang='lat' dir='ltr'>quoqne</span> <span class='ocrx_word' id='word_1_123' title='bbox 973 2776 1121 2862; x_wconf 83' lang='lat' dir='ltr'>liabent,</span> <span class='ocrx_word' id='word_1_124' title='bbox 1140 2788 1326 2875; x_wconf 90' lang='lat' dir='ltr'>postremo</span> <span class='ocrx_word' id='word_1_125' title='bbox 1341 2804 1416 2856; x_wconf 80' lang='lat' dir='ltr'>eos,</span> <span class='ocrx_word' id='word_1_126' title='bbox 1433 2804 1522 2874; x_wconf 91' lang='lat' dir='ltr'>quo-</span> 
     </span>
     <span class='ocr_line' id='line_1_18' title="bbox 239 2890 1522 2990; baseline -0.001 -25"><span class='ocrx_word' id='word_1_127' title='bbox 239 2919 321 2965; x_wconf 87' lang='lat' dir='ltr'>rum</span> <span class='ocrx_word' id='word_1_128' title='bbox 338 2903 398 2964; x_wconf 94' lang='lat' dir='ltr'>aut</span> <span class='ocrx_word' id='word_1_129' title='bbox 417 2919 462 2964; x_wconf 86' lang='lat' dir='ltr'>ex</span> <span class='ocrx_word' id='word_1_130' title='bbox 477 2891 665 2989; x_wconf 80' lang='lat' dir='ltr'>gentilicio</span> <span class='ocrx_word' id='word_1_131' title='bbox 686 2902 718 2963; x_wconf 91' lang='lat' dir='ltr'>et</span> <span class='ocrx_word' id='word_1_132' title='bbox 740 2890 960 2988; x_wconf 78' lang='lat' dir='ltr'>cognomine</span> <span class='ocrx_word' id='word_1_133' title='bbox 981 2901 1041 2961; x_wconf 88' lang='lat' dir='ltr'>aut</span> <span class='ocrx_word' id='word_1_134' title='bbox 1060 2918 1104 2963; x_wconf 87' lang='lat' dir='ltr'>ex</span> <span class='ocrx_word' id='word_1_135' title='bbox 1127 2891 1271 2962; x_wconf 90' lang='lat' dir='ltr'>duobus</span> <span class='ocrx_word' id='word_1_136' title='bbox 1296 2893 1522 2990; x_wconf 83' lang='lat' dir='ltr'>cognomini-</span> 
     </span>
     <span class='ocr_line' id='line_1_19' title="bbox 241 3007 1522 3107; baseline -0.002 -26"><span class='ocrx_word' id='word_1_137' title='bbox 241 3009 310 3081; x_wconf 88' lang='lat' dir='ltr'>bus</span> <span class='ocrx_word' id='word_1_138' title='bbox 325 3019 469 3081; x_wconf 88' lang='lat' dir='ltr'>constat</span> <span class='ocrx_word' id='word_1_139' title='bbox 495 3007 707 3107; x_wconf 80' lang='lat' dir='ltr'>appellatio,</span> <span class='ocrx_word' id='word_1_140' title='bbox 727 3007 897 3079; x_wconf 86' lang='lat' dir='ltr'>videlicet</span> <span class='ocrx_word' id='word_1_141' title='bbox 916 3017 1058 3078; x_wconf 80' lang='lat' dir='ltr'>servata</span> <span class='ocrx_word' id='word_1_142' title='bbox 1084 3007 1121 3078; x_wconf 92' lang='lat' dir='ltr'>in</span> <span class='ocrx_word' id='word_1_143' title='bbox 1146 3032 1368 3104; x_wconf 90' lang='lat' dir='ltr'>unoquoque</span> <span class='ocrx_word' id='word_1_144' title='bbox 1388 3033 1522 3104; x_wconf 73' lang='lat' dir='ltr'>genere</span> 
     </span>
     <span class='ocr_line' id='line_1_20' title="bbox 240 3121 1519 3225; baseline -0.001 -29"><span class='ocrx_word' id='word_1_145' title='bbox 240 3126 445 3225; x_wconf 91' lang='lat' dir='ltr'>primarum</span> <span class='ocrx_word' id='word_1_146' title='bbox 471 3124 675 3196; x_wconf 91' lang='lat' dir='ltr'>litterarum</span> <span class='ocrx_word' id='word_1_147' title='bbox 713 3123 820 3195; x_wconf 90' lang='lat' dir='ltr'>serie.</span> <span class='ocrx_word' id='word_1_148' title='bbox 842 3122 1079 3219; x_wconf 86' lang='lat' dir='ltr'>—Denique</span> <span class='ocrx_word' id='word_1_149' title='bbox 1106 3122 1176 3193; x_wconf 81' lang='lat' dir='ltr'>lior</span> <span class='ocrx_word' id='word_1_150' title='bbox 1201 3121 1425 3193; x_wconf 90' lang='lat' dir='ltr'>monendum</span> <span class='ocrx_word' id='word_1_151' title='bbox 1452 3135 1519 3196; x_wconf 86' lang='lat' dir='ltr'>cst.</span> 
     </span>
     <span class='ocr_line' id='line_1_21' title="bbox 243 3237 1518 3336; baseline -0.002 -23"><span class='ocrx_word' id='word_1_152' title='bbox 243 3241 395 3313; x_wconf 84' lang='lat' dir='ltr'>l&#39;raeter</span> <span class='ocrx_word' id='word_1_153' title='bbox 417 3266 491 3320; x_wconf 78' lang='lat' dir='ltr'>eae,</span> <span class='ocrx_word' id='word_1_154' title='bbox 510 3265 604 3336; x_wconf 92' lang='lat' dir='ltr'>quae</span> <span class='ocrx_word' id='word_1_155' title='bbox 625 3240 716 3310; x_wconf 83' lang='lat' dir='ltr'>mihi</span> <span class='ocrx_word' id='word_1_156' title='bbox 732 3238 789 3310; x_wconf 86' lang='lat' dir='ltr'>vel</span> <span class='ocrx_word' id='word_1_157' title='bbox 804 3238 903 3310; x_wconf 89' lang='lat' dir='ltr'>solae</span> <span class='ocrx_word' id='word_1_158' title='bbox 919 3238 1037 3309; x_wconf 88' lang='lat' dir='ltr'>bonae</span> <span class='ocrx_word' id='word_1_159' title='bbox 1054 3237 1112 3309; x_wconf 83' lang='lat' dir='ltr'>vel</span> <span class='ocrx_word' id='word_1_160' title='bbox 1126 3238 1287 3335; x_wconf 90' lang='lat' dir='ltr'>optimae</span> <span class='ocrx_word' id='word_1_161' title='bbox 1309 3238 1405 3309; x_wconf 81' lang='lat' dir='ltr'>visae</span> <span class='ocrx_word' id='word_1_162' title='bbox 1421 3252 1518 3329; x_wconf 78' lang='lat' dir='ltr'>sunt,</span> 
     </span>
     <span class='ocr_line' id='line_1_22' title="bbox 239 3354 1521 3454; baseline -0.001 -25"><span class='ocrx_word' id='word_1_163' title='bbox 239 3357 434 3429; x_wconf 90' lang='lat' dir='ltr'>nominum</span> <span class='ocrx_word' id='word_1_164' title='bbox 463 3356 702 3454; x_wconf 85' lang='lat' dir='ltr'>propriorum</span> <span class='ocrx_word' id='word_1_165' title='bbox 723 3356 936 3454; x_wconf 87' lang='lat' dir='ltr'>scripturas,</span> <span class='ocrx_word' id='word_1_166' title='bbox 960 3354 1174 3452; x_wconf 88' lang='lat' dir='ltr'>saepissime</span> <span class='ocrx_word' id='word_1_167' title='bbox 1201 3354 1318 3426; x_wconf 74' lang='lat' dir='ltr'>varias</span> <span class='ocrx_word' id='word_1_168' title='bbox 1345 3354 1521 3428; x_wconf 90' lang='lat' dir='ltr'>lectiones</span> 
     </span>
     <span class='ocr_line' id='line_1_23' title="bbox 240 3470 1522 3547; baseline -0.003 -2"><span class='ocrx_word' id='word_1_169' title='bbox 240 3474 297 3547; x_wconf 79' lang='lat' dir='ltr'>rel</span> <span class='ocrx_word' id='word_1_170' title='bbox 312 3473 483 3546; x_wconf 82' lang='lat' dir='ltr'>codicum</span> <span class='ocrx_word' id='word_1_171' title='bbox 500 3472 715 3545; x_wconf 90' lang='lat' dir='ltr'>auctoritate</span> <span class='ocrx_word' id='word_1_172' title='bbox 731 3473 788 3544; x_wconf 80' lang='lat' dir='ltr'>vel</span> <span class='ocrx_word' id='word_1_173' title='bbox 801 3471 994 3544; x_wconf 89' lang='lat' dir='ltr'>doctorum</span> <span class='ocrx_word' id='word_1_174' title='bbox 1011 3472 1174 3542; x_wconf 88' lang='lat' dir='ltr'>virorum</span> <span class='ocrx_word' id='word_1_175' title='bbox 1191 3470 1412 3542; x_wconf 90' lang='lat' dir='ltr'>coniecturis</span> <span class='ocrx_word' id='word_1_176' title='bbox 1422 3498 1522 3543; x_wconf 86' lang='lat' dir='ltr'>eom-</span> 
     </span>
     <span class='ocr_line' id='line_1_24' title="bbox 239 3587 1522 3686; baseline -0.001 -26"><span class='ocrx_word' id='word_1_177' title='bbox 239 3590 445 3678; x_wconf 82' lang='lat' dir='ltr'>mendatas,</span> <span class='ocrx_word' id='word_1_178' title='bbox 467 3589 505 3660; x_wconf 91' lang='lat' dir='ltr'>in</span> <span class='ocrx_word' id='word_1_179' title='bbox 526 3599 738 3662; x_wconf 86' lang='lat' dir='ltr'>contextum</span> <span class='ocrx_word' id='word_1_180' title='bbox 764 3587 886 3686; x_wconf 87' lang='lat' dir='ltr'>operis</span> <span class='ocrx_word' id='word_1_181' title='bbox 902 3587 1044 3659; x_wconf 89' lang='lat' dir='ltr'>stellula</span> <span class='ocrx_word' id='word_1_182' title='bbox 1062 3587 1221 3685; x_wconf 83' lang='lat' dir='ltr'>praelixa</span> <span class='ocrx_word' id='word_1_183' title='bbox 1243 3597 1384 3659; x_wconf 88' lang='lat' dir='ltr'>notatas</span> <span class='ocrx_word' id='word_1_184' title='bbox 1409 3588 1522 3659; x_wconf 89' lang='lat' dir='ltr'>iutro-</span> 
     </span>
     <span class='ocr_line' id='line_1_25' title="bbox 239 3702 1520 3804; baseline -0.004 -26"><span class='ocrx_word' id='word_1_185' title='bbox 239 3706 343 3778; x_wconf 88' lang='lat' dir='ltr'>duxi.</span> <span class='ocrx_word' id='word_1_186' title='bbox 364 3706 492 3804; x_wconf 83' lang='lat' dir='ltr'>Neque</span> <span class='ocrx_word' id='word_1_187' title='bbox 509 3718 629 3777; x_wconf 87' lang='lat' dir='ltr'>tamen</span> <span class='ocrx_word' id='word_1_188' title='bbox 651 3705 689 3776; x_wconf 93' lang='lat' dir='ltr'>in</span> <span class='ocrx_word' id='word_1_189' title='bbox 704 3731 745 3777; x_wconf 89' lang='lat' dir='ltr'>ea</span> <span class='ocrx_word' id='word_1_190' title='bbox 760 3731 798 3777; x_wconf 90' lang='lat' dir='ltr'>re</span> <span class='ocrx_word' id='word_1_191' title='bbox 821 3706 870 3775; x_wconf 90' lang='lat' dir='ltr'>ita</span> <span class='ocrx_word' id='word_1_192' title='bbox 895 3714 1060 3776; x_wconf 85' lang='lat' dir='ltr'>versatus</span> <span class='ocrx_word' id='word_1_193' title='bbox 1075 3729 1170 3791; x_wconf 84' lang='lat' dir='ltr'>sum,</span> <span class='ocrx_word' id='word_1_194' title='bbox 1190 3713 1228 3774; x_wconf 93' lang='lat' dir='ltr'>ut</span> <span class='ocrx_word' id='word_1_195' title='bbox 1254 3702 1344 3774; x_wconf 90' lang='lat' dir='ltr'>nihil</span> <span class='ocrx_word' id='word_1_196' title='bbox 1369 3704 1520 3775; x_wconf 89' lang='lat' dir='ltr'>omniuo</span> 
     </span>
     <span class='ocr_line' id='line_1_26' title="bbox 239 3820 1521 3920; baseline 0 -27"><span class='ocrx_word' id='word_1_197' title='bbox 239 3823 330 3894; x_wconf 86' lang='lat' dir='ltr'>milii</span> <span class='ocrx_word' id='word_1_198' title='bbox 347 3821 617 3920; x_wconf 84' lang='lat' dir='ltr'>neglegendum</span> <span class='ocrx_word' id='word_1_199' title='bbox 633 3847 712 3893; x_wconf 89' lang='lat' dir='ltr'>csse</span> <span class='ocrx_word' id='word_1_200' title='bbox 727 3821 989 3900; x_wconf 81' lang='lat' dir='ltr'>existimarem,</span> <span class='ocrx_word' id='word_1_201' title='bbox 1004 3820 1140 3918; x_wconf 88' lang='lat' dir='ltr'>quippe</span> <span class='ocrx_word' id='word_1_202' title='bbox 1157 3845 1250 3917; x_wconf 92' lang='lat' dir='ltr'>quae</span> <span class='ocrx_word' id='word_1_203' title='bbox 1268 3821 1383 3892; x_wconf 89' lang='lat' dir='ltr'>multo</span> <span class='ocrx_word' id='word_1_204' title='bbox 1400 3821 1521 3893; x_wconf 87' lang='lat' dir='ltr'>miuus</span> 
     </span>
     <span class='ocr_line' id='line_1_27' title="bbox 238 3935 1171 4037; baseline -0.006 -24"><span class='ocrx_word' id='word_1_205' title='bbox 238 3941 285 4013; x_wconf 89' lang='lat' dir='ltr'>ad</span> <span class='ocrx_word' id='word_1_206' title='bbox 302 3940 496 4011; x_wconf 88' lang='lat' dir='ltr'>utilitatem</span> <span class='ocrx_word' id='word_1_207' title='bbox 511 3938 711 4037; x_wconf 86' lang='lat' dir='ltr'>pertineret</span> <span class='ocrx_word' id='word_1_208' title='bbox 722 3964 832 4037; x_wconf 92' lang='lat' dir='ltr'>quam</span> <span class='ocrx_word' id='word_1_209' title='bbox 849 3935 894 4008; x_wconf 91' lang='lat' dir='ltr'>ad</span> <span class='ocrx_word' id='word_1_210' title='bbox 908 3937 1171 4009; x_wconf 87' lang='lat' dir='ltr'>curiositatem.</span> 
     </span>
    </p>
   </div>
   <div class='ocr_carea' id='block_1_3' title="bbox 732 4141 1418 4317">
    <p class='ocr_par' dir='ltr' id='par_1_3' title="bbox 732 4141 1418 4317">
     <span class='ocr_line' id='line_1_28' title="bbox 732 4141 1418 4232; baseline -0.007 -22"><span class='ocrx_word' id='word_1_211' title='bbox 732 4144 928 4212; x_wconf 83' lang='lat' dir='ltr'>Scribebam</span> <span class='ocrx_word' id='word_1_212' title='bbox 946 4144 1102 4232; x_wconf 81' lang='lat' dir='ltr'>Lugduni</span> <span class='ocrx_word' id='word_1_213' title='bbox 1117 4141 1271 4208; x_wconf 87' lang='lat' dir='ltr'>kalendis</span> <span class='ocrx_word' id='word_1_214' title='bbox 1287 4143 1418 4207; x_wconf 80' lang='lat' dir='ltr'>Martiis</span> 
     </span>
     <span class='ocr_line' id='line_1_29' title="bbox 1091 4248 1340 4317; baseline 0 -1"><span class='ocrx_word' id='word_1_215' title='bbox 1091 4276 1121 4317; x_wconf 91' lang='lat' dir='ltr'>a.</span> <span class='ocrx_word' id='word_1_216' title='bbox 1142 4248 1340 4316; x_wconf 68' lang='lat' dir='ltr'>ululectl.</span> 
     </span>
    </p>
   </div>
   <div class='ocr_carea' id='block_1_4' title="bbox 0 0 1860 6230">
    <p class='ocr_par' dir='ltr' id='par_1_4' title="bbox 0 0 1860 6230">
     <span class='ocr_line' id='line_1_30' title="bbox 0 0 1860 6230; baseline 0 0"><span class='ocrx_word' id='word_1_217' title='bbox 0 0 1860 6230; x_wconf 95' lang='lat' dir='ltr'> </span> 
     </span>
    </p>
   </div>
  </div>
 </body>
</html>
