3709 6234
808 858 934 911 nontam
1453 856 1505 910 587

268 997 358 1066 Mela
380 1007 414 1066 et
432 998 608 1087 Crispinus
628 999 758 1088 equites
780 1000 922 1065 llomani
939 999 1102 1088 dignitate
1118 1000 1296 1068 senatoria.
1315 1040 1357 1050 -
1383 1000 1431 1079 16,
1449 1024 1503 1088 ²7·

268 1107 384 1198 (Nero)
399 1115 512 1195 patres
527 1106 700 1193 arguebat,
719 1108 811 1195 quod
826 1106 961 1194 publica
977 1108 1090 1172 munia
1110 1107 1304 1173 desererent
1318 1130 1501 1195 eorumque

266 1214 421 1303 exemplo
436 1215 566 1303 equites
582 1214 727 1278 llomani
746 1213 788 1278 ad
804 1216 984 1302 segnitiam
1009 1222 1232 1282 verterentur.
1251 1254 1293 1264 -
1311 1216 1336 1290 Ι,
1362 1241 1411 1282 ιι.
1430 1216 1505 1281 ,le-

266 1328 451 1410 gyptum...
485 1320 551 1384 iam
585 1321 662 1387 inde
696 1345 713 1386 a
745 1321 831 1385 llivo
862 1323 1019 1408 Augusto
1040 1321 1331 1409 equitesllomaui
1351 1322 1507 1387 obtinent

267 1427 340 1494 loco
357 1451 485 1516 regum.
503 1467 546 1477 -
567 1428 592 1505 l,
616 1453 668 1494 20.
691 1428 868 1493 Exactioni
897 1428 1056 1512 (Neronis
1079 1428 1333 1512 liberalitatem)
1370 1430 1505 1514 triginta

267 1536 398 1624 equites
418 1535 562 1600 llomani
581 1535 778 1623 praepositi.
809 1574 852 1584 -
887 1536 912 1608 Ι,
948 1538 998 1612 lo.
1035 1535 1163 1600 Milites
1193 1536 1502 1624 Romaniquasi...

268 1666 335 1708 non
348 1644 585 1732 imperatorem
601 1665 699 1707 suum
721 1695 742 1707 ..
767 1641 933 1707 trucidare
949 1651 1139 1729 pergerent.
1166 1680 1207 1691 —
1225 1643 1251 1720 l,
1273 1644 1325 1708 58.
1351 1642 1506 1707 Vitellius

268 1750 452 1815 ministeria
481 1750 690 1837 principatus
717 1771 776 1836 per
791 1748 931 1813 libertos
952 1750 1005 1836 agi
1021 1748 1120 1813 solita
1136 1750 1171 1813 in
1186 1750 1317 1838 equites
1335 1750 1506 1832 llomanos

266 1855 427 1943 disponit.
449 1894 492 1904 -
514 1855 539 1942 l,
558 1879 611 1943 79.
631 1855 734 1943 Apud
752 1854 923 1920 llomanos
944 1856 1058 1920 omnia
1081 1855 1209 1943 proelio
1224 1863 1313 1943 apta,
1332 1855 1506 1920 Sarmatae

266 1962 409 2051 dispersi
422 1971 478 2027 aut
493 1962 650 2050 cupidine
665 1961 809 2050 praedae
828 1985 949 2049 graves
965 1985 1107 2029 onere...
1130 1962 1302 2029 llomanus
1314 1963 1410 2027 miles
1427 1963 1506 2028 laci-

266 2068 308 2133 lis
327 2069 429 2134 lorica
444 2079 477 2135 et
492 2068 612 2133 missili
640 2069 708 2156 pilo
737 2077 795 2135 aut
819 2069 947 2135 lanceis
963 2069 1153 2146 adsultans,
1169 2069 1226 2134 ubi
1244 2094 1296 2134 res
1313 2079 1504 2157 posceret...

266 2214 309 2225 --
326 2176 368 2251 ΙΙ,
387 2176 441 2241 aa.
464 2177 609 2242 Cautum
626 2200 742 2241 severe
762 2177 794 2263 (a
817 2176 982 2262 Vitellio),
1005 2200 1046 2241 ne
1066 2178 1198 2265 equites
1219 2177 1362 2242 llomani
1379 2177 1458 2242 ludo
1474 2185 1508 2243 et

268 2306 369 2348 arena
393 2282 635 2371 polluerentur.
652 2321 696 2334 -
718 2282 778 2359 ΙΙΙ,
803 2284 857 2349 58.
880 2285 1021 2372 Equites
1052 2283 1195 2348 llomani
1216 2284 1368 2349 obtulere
1384 2284 1507 2373 (l'itel-

267 2389 324 2472 lio)
350 2413 487 2478 operam
515 2390 753 2479 pecuniasque.
794 2428 838 2441 -
872 2389 928 2467 lt',
965 2390 1014 2455 15.
1033 2390 1288 2476 (Canninefates
1304 2401 1337 2456 et
1354 2392 1505 2464 Frisii)...

266 2496 352 2562 lixas
373 2497 667 2584 negotiatoresque
688 2498 859 2562 llomanos
875 2498 1053 2563 invadunt.
1075 2537 1118 2547 —
1140 2499 1196 2579 IV,
1224 2524 1273 2587 ¹7·
1290 2498 1508 2564 Manentibus

267 2604 369 2692 (apud
397 2603 521 2668 lulium
549 2603 692 2668 Civilem
726 2603 849 2692 Gallis)
882 2604 1046 2670 honorata
1078 2605 1211 2684 militia,
1240 2606 1508 2692 digredientibus

265 2710 373 2800 spolia
390 2712 619 2776 Romanorum
645 2710 882 2778 ollerebantur.
893 2763 914 2776 ..
931 2740 945 2770 α
965 2712 1078 2776 Prima
1098 2712 1167 2777 acie
1185 2713 1295 2777 lusum
1311 2714 1507 2803 victumque

268 2819 457 2882 llomanum
477 2846 504 2883 n.
522 2857 564 2867 -
585 2817 640 2898 lv,
677 2821 727 2883 18.
755 2819 960 2883 llatavorum
990 2818 1084 2885 ala...
1115 2820 1181 2884 iam
1202 2820 1331 2908 pridem
1348 2830 1508 2908 corrupta

266 2925 366 2989 tidem
383 2924 575 2998 simulabat,
606 2933 642 2989 ut
672 2925 815 3013 proditis
844 2926 878 2989 in
901 2926 974 3013 ipsa
991 2927 1060 2990 acic
1079 2926 1241 2991 llomanis
1258 2927 1381 2992 maiore
1402 2930 1508 3015 pretio

267 3031 410 3117 lugeret.
428 3070 471 3079 -
487 3030 546 3107 lt',
569 3054 622 3094 αα.
644 3029 806 3118 (Vallum)
826 3029 959 3095 duabus
990 3029 1181 3117 legionibus
1213 3033 1315 3098 situm
1334 3033 1390 3096 vix
1408 3035 1506 3121 quin-

266 3162 331 3227 que
348 3137 438 3202 milia
455 3145 660 3203 armatorum
683 3137 910 3201 llomanorum
928 3137 1121 3204 tuebantur.
1150 3177 1192 3187 -
1217 3139 1273 3208 lv.
1291 3163 1344 3226 ας),
1365 3140 1508 3205 llomani

266 3246 481 3333 conspicuam
509 3244 728 3308 barbarorum
758 3245 904 3308 aciem...
942 3244 983 3308 ad
999 3245 1102 3309 ictum
1123 3244 1381 3312 destinabant...
1405 3247 1508 3334 Apud

266 3353 452 3418 Germanos
463 3351 651 3416 inconsulta
669 3352 728 3424 ira,
741 3350 914 3415 llomanus
931 3351 1028 3415 miles
1041 3351 1268 3437 periculorum
1283 3376 1450 3438 gnarus...
1464 3392 1509 3404 —

268 3459 324 3534 lv,
354 3460 408 3525 33.
441 3459 473 3523 ls
505 3482 597 3522 error
627 3458 805 3522 llomaru's'
824 3458 919 3522 addit
939 3459 1082 3522 animos,
1102 3498 1142 3507 -
1163 3458 1220 3534 ll',
1239 3460 1506 3546 sll'l'ernptasc·

265 3575 357 3634 rat...
376 3567 494 3630 Civilis
509 3565 724 3630 obsessorum
740 3565 883 3636 animos,
902 3573 1076 3653 tamquam
1101 3567 1249 3652 perditae
1272 3565 1361 3652 apud
1378 3567 1505 3631 lloma-

265 3698 326 3738 nos
347 3697 399 3738 res
412 3674 524 3738 etsuis
540 3672 678 3736 victoria
696 3672 950 3758 provenisset...
964 3672 1064 3736 Varia
1080 3671 1168 3759 apurl
1184 3674 1354 3736 ltomanos
1372 3673 1506 3738 fortuna

266 3791 298 3847 et
317 3780 594 3845 seditiosissimus
628 3779 770 3866 quisque
800 3779 984 3862 ignarus...
1021 3817 1065 3829 -
1099 3778 1154 3848 ll',
1196 3782 1248 3842 58.
1288 3809 1302 3834 κ
1341 3780 1508 3845 Militibus

267 3888 428 3953 llomanis
472 3895 530 3951 aut
569 3886 795 3950 innocentiam
835 3885 921 3950 detis
949 3894 1008 3951 aut
1037 3893 1203 3950 maturam
1234 3896 1267 3951 et
1309 3887 1382 3951 sine
1422 3911 1508 3954 noxa

265 3995 516 4084 paenitentiam.
539 4023 553 4052 a
584 4032 626 4041 —
651 3993 707 4062 ll',
734 3992 1151 4069 6.l.«lt01na110s01nnos
1179 3995 1212 4057 in
1234 3993 1359 4058 linibus
1386 3997 1509 4061 vestris

265 4102 450 4168 trucidetis.
496 4126 510 4161 a
554 4139 596 4148 -
643 4099 701 4171 ΙΙ,
745 4100 799 4188 73.
833 4129 847 4156 «
883 4100 1021 4164 Terram
1066 4108 1214 4166 vestram
1253 4109 1510 4191 ceterorumque

266 4208 441 4275 Gallorum
475 4208 618 4292 ingrcssi
655 4216 735 4272 sunt
762 4207 866 4271 duces
906 4207 1194 4295 imperatoresque
1234 4208 1379 4273 llomani
1418 4210 1510 4275 nulla

265 4314 434 4404 cupidine,
457 4315 515 4379 sed
540 4314 722 4378 maioribus
756 4314 878 4378 restris
908 4315 1158 4379 invocantibus.
1181 4340 1257 4376 u-
1278 4317 1318 4392 V,
1345 4340 1366 4405 9
1408 4316 1511 4381 Clau-

264 4424 380 4488 dius...
423 4421 580 4486 Iudaeam
614 4421 821 4508 provinciam
864 4421 1037 4508 equitibus
1069 4422 1255 4487 llomanis'2
1287 4430 1344 4486 aut
1383 4422 1513 4489 libertis

264 4530 426 4616 permisit.
472 4565 512 4577 —·
546 4529 586 4595 l'.
619 4552 667 4592 ιι.
706 4527 851 4591 llomani
892 4527 935 4591 ad
978 4527 1246 4615 oppugnandum
1296 4528 1508 4617 (Hierosoly-

265 4638 333 4721 ma)
369 4636 468 4699 versi.
506 4674 547 4682 —
583 4635 624 4703 l'.
658 4659 706 4700 ια,
757 4635 792 4698 ln
837 4634 921 4698 duas
966 4635 1130 4699 [actiones
1174 4636 1293 4700 civitas
1338 4635 1506 4708 discessit.

251 4926 261 4960 ¹
281 4926 307 4977 Μ
333 4941 386 4973 non
405 4927 484 4974 babet
507 4925 644 4976 llomanis.
662 4925 734 4986 quod
752 4923 865 4970 verbum
883 4927 924 4970 est
941 4923 966 4969 in
985 4923 1052 4970 dett.

255 5006 373 5057 ssttffr.

1323 5323 1697 5527 A
