<?xml version="1.0" encoding="UTF-8"?>
<!DOCTYPE html PUBLIC "-//W3C//DTD XHTML 1.0 Transitional//EN"
    "http://www.w3.org/TR/xhtml1/DTD/xhtml1-transitional.dtd">
<html xmlns="http://www.w3.org/1999/xhtml" xml:lang="en" lang="en">
 <head>
  <title>
</title>
<meta http-equiv="Content-Type" content="text/html;charset=utf-8" />
  <meta name='ocr-system' content='tesseract 3.04.00' />
  <meta name='ocr-capabilities' content='ocr_page ocr_carea ocr_par ocr_line ocrx_word'/>
</head>
<body>
  <div class='ocr_page' id='page_1' title='image "./onomasticontaci00fabigoog_0546.png"; bbox 0 0 3709 6234; ppageno 0'>
   <div class='ocr_carea' id='block_1_1' title="bbox 356 845 1069 904">
    <p class='ocr_par' dir='ltr' id='par_1_1' title="bbox 356 845 1069 904">
     <span class='ocr_line' id='line_1_1' title="bbox 356 845 1069 904; baseline 0.004 -5"><span class='ocrx_word' id='word_1_1' title='bbox 356 845 410 901; x_wconf 80' lang='lat'><strong>538</strong></span> <span class='ocrx_word' id='word_1_2' title='bbox 791 880 799 900; x_wconf 83' lang='grc'><strong><em>.</em></strong></span> <span class='ocrx_word' id='word_1_3' title='bbox 927 849 977 902; x_wconf 80' lang='lat' dir='ltr'><strong>cir.</strong></span> <span class='ocrx_word' id='word_1_4' title='bbox 998 849 1069 904; x_wconf 76' lang='lat' dir='ltr'><strong>also</strong></span> 
     </span>
    </p>
   </div>
   <div class='ocr_carea' id='block_1_2' title="bbox 386 988 1642 4831">
    <p class='ocr_par' dir='ltr' id='par_1_2' title="bbox 386 988 1642 4831">
     <span class='ocr_line' id='line_1_2' title="bbox 400 988 1639 1079; baseline 0.001 -26"><span class='ocrx_word' id='word_1_5' title='bbox 400 988 650 1073; x_wconf 91' lang='lat' dir='ltr'><strong>Germanicus).</strong></span> <span class='ocrx_word' id='word_1_6' title='bbox 672 1026 716 1040; x_wconf 97' lang='lat'>-</span> <span class='ocrx_word' id='word_1_7' title='bbox 733 1015 763 1070; x_wconf 81' lang='lat'><strong>2,</strong></span> <span class='ocrx_word' id='word_1_8' title='bbox 790 988 843 1077; x_wconf 84' lang='lat'><strong>73.</strong></span> <span class='ocrx_word' id='word_1_9' title='bbox 873 989 1053 1079; x_wconf 89' lang='lat' dir='ltr'><strong>Corpus</strong></span> <span class='ocrx_word' id='word_1_10' title='bbox 1078 990 1319 1079; x_wconf 76' lang='lat' dir='ltr'><strong>praetuleritne</strong></span> <span class='ocrx_word' id='word_1_11' title='bbox 1346 989 1500 1057; x_wconf 88' lang='lat' dir='ltr'><strong>veneficii</strong></span> <span class='ocrx_word' id='word_1_12' title='bbox 1527 990 1639 1078; x_wconf 91' lang='lat' dir='ltr'><strong>signa,</strong></span> 
     </span>
     <span class='ocr_line' id='line_1_3' title="bbox 397 1097 1642 1186; baseline 0.001 -24"><span class='ocrx_word' id='word_1_13' title='bbox 397 1120 516 1185; x_wconf 90' lang='lat' dir='ltr'><strong>parum</strong></span> <span class='ocrx_word' id='word_1_14' title='bbox 535 1097 707 1174; x_wconf 91' lang='lat' dir='ltr'><strong>constitit;</strong></span> <span class='ocrx_word' id='word_1_15' title='bbox 732 1120 810 1162; x_wconf 91' lang='lat' dir='ltr'><strong>nam</strong></span> <span class='ocrx_word' id='word_1_16' title='bbox 835 1104 873 1162; x_wconf 91' lang='lat' dir='ltr'><strong>ut</strong></span> <span class='ocrx_word' id='word_1_17' title='bbox 911 1098 987 1186; x_wconf 93' lang='lat' dir='ltr'><strong>quis</strong></span> <span class='ocrx_word' id='word_1_18' title='bbox 1021 1098 1249 1164; x_wconf 83' lang='lat' dir='ltr'><strong>misericordia</strong></span> <span class='ocrx_word' id='word_1_19' title='bbox 1274 1098 1309 1162; x_wconf 91' lang='lat' dir='ltr'><strong>in</strong></span> <span class='ocrx_word' id='word_1_20' title='bbox 1338 1098 1578 1163; x_wconf 90' lang='lat' dir='ltr'><strong>Germanicum</strong></span> <span class='ocrx_word' id='word_1_21' title='bbox 1604 1106 1642 1163; x_wconf 90' lang='lat' dir='ltr'><strong>et</strong></span> 
     </span>
     <span class='ocr_line' id='line_1_4' title="bbox 396 1199 1639 1294; baseline 0.001 -25"><span class='ocrx_word' id='word_1_22' title='bbox 396 1212 612 1293; x_wconf 90' lang='lat' dir='ltr'><strong>praesumpta</strong></span> <span class='ocrx_word' id='word_1_23' title='bbox 637 1199 829 1293; x_wconf 69' lang='lat' dir='ltr'><strong>suspicione</strong></span> <span class='ocrx_word' id='word_1_24' title='bbox 854 1212 912 1270; x_wconf 91' lang='lat' dir='ltr'><strong>aut</strong></span> <span class='ocrx_word' id='word_1_25' title='bbox 939 1204 1053 1270; x_wconf 86' lang='lat' dir='ltr'><strong>lavore</strong></span> <span class='ocrx_word' id='word_1_26' title='bbox 1079 1206 1114 1271; x_wconf 92' lang='lat' dir='ltr'><strong>in</strong></span> <span class='ocrx_word' id='word_1_27' title='bbox 1143 1206 1302 1277; x_wconf 83' lang='lat' dir='ltr'><strong>Pisonem</strong></span> <span class='ocrx_word' id='word_1_28' title='bbox 1331 1206 1480 1294; x_wconf 90' lang='lat' dir='ltr'><strong>pronior,</strong></span> <span class='ocrx_word' id='word_1_29' title='bbox 1511 1204 1639 1271; x_wconf 86' lang='lat' dir='ltr'><strong>diversi</strong></span> 
     </span>
     <span class='ocr_line' id='line_1_5' title="bbox 395 1311 1638 1401; baseline 0.001 -25"><span class='ocrx_word' id='word_1_30' title='bbox 395 1311 715 1400; x_wconf 79' lang='lat' dir='ltr'><strong>interpretabantur.</strong></span> <span class='ocrx_word' id='word_1_31' title='bbox 738 1350 781 1360; x_wconf 94' lang='lat'>—</span> <span class='ocrx_word' id='word_1_32' title='bbox 797 1336 828 1391; x_wconf 83' lang='lat'><strong>2,</strong></span> <span class='ocrx_word' id='word_1_33' title='bbox 848 1311 901 1400; x_wconf 88' lang='lat'><strong>75.</strong></span> <span class='ocrx_word' id='word_1_34' title='bbox 921 1312 1080 1378; x_wconf 89' lang='lat' dir='ltr'><strong>Pisonem</strong></span> <span class='ocrx_word' id='word_1_35' title='bbox 1099 1313 1235 1378; x_wconf 91' lang='lat' dir='ltr'><strong>interim</strong></span> <span class='ocrx_word' id='word_1_36' title='bbox 1255 1312 1345 1401; x_wconf 92' lang='lat' dir='ltr'><strong>apud</strong></span> <span class='ocrx_word' id='word_1_37' title='bbox 1365 1312 1472 1378; x_wconf 93' lang='lat' dir='ltr'><strong>Coum</strong></span> <span class='ocrx_word' id='word_1_38' title='bbox 1488 1311 1638 1378; x_wconf 92' lang='lat' dir='ltr'><strong>insulam</strong></span> 
     </span>
     <span class='ocr_line' id='line_1_6' title="bbox 397 1418 1640 1508; baseline -0.001 -24"><span class='ocrx_word' id='word_1_39' title='bbox 397 1419 537 1484; x_wconf 91' lang='lat' dir='ltr'><strong>nuntius</strong></span> <span class='ocrx_word' id='word_1_40' title='bbox 568 1418 766 1508; x_wconf 88' lang='lat' dir='ltr'><strong>adsequitur</strong></span> <span class='ocrx_word' id='word_1_41' title='bbox 785 1420 971 1485; x_wconf 83' lang='lat' dir='ltr'><strong>excessisse</strong></span> <span class='ocrx_word' id='word_1_42' title='bbox 986 1419 1238 1486; x_wconf 91' lang='lat' dir='ltr'><strong>Germanicum.</strong></span> <span class='ocrx_word' id='word_1_43' title='bbox 1263 1459 1297 1469; x_wconf 97' lang='lat'><em>-</em></span> <span class='ocrx_word' id='word_1_44' title='bbox 1316 1444 1347 1501; x_wconf 71' lang='grc' dir='ltr'><strong>ᾳ,</strong></span> <span class='ocrx_word' id='word_1_45' title='bbox 1379 1444 1433 1508; x_wconf 92' lang='grc'><strong>77.</strong></span> <span class='ocrx_word' id='word_1_46' title='bbox 1466 1419 1640 1494; x_wconf 82' lang='lat' dir='ltr'><strong>Domitius</strong></span> 
     </span>
     <span class='ocr_line' id='line_1_7' title="bbox 397 1525 1640 1615; baseline -0.001 -23"><span class='ocrx_word' id='word_1_47' title='bbox 397 1525 536 1596; x_wconf 83' lang='lat' dir='ltr'><strong>Celer...</strong></span> <span class='ocrx_word' id='word_1_48' title='bbox 559 1525 720 1591; x_wconf 88' lang='lat' dir='ltr'><strong>disseruit</strong></span> <span class='ocrx_word' id='word_1_49' title='bbox 734 1526 906 1606; x_wconf 87' lang='lat' dir='ltr'><strong>Pisonem,</strong></span> <span class='ocrx_word' id='word_1_50' title='bbox 925 1550 992 1591; x_wconf 93' lang='lat' dir='ltr'><strong>non</strong></span> <span class='ocrx_word' id='word_1_51' title='bbox 1009 1526 1176 1604; x_wconf 86' lang='lat' dir='ltr'><strong>Sentium,</strong></span> <span class='ocrx_word' id='word_1_52' title='bbox 1200 1527 1317 1594; x_wconf 89' lang='lat' dir='ltr'><strong>Suriae</strong></span> <span class='ocrx_word' id='word_1_53' title='bbox 1332 1527 1576 1615; x_wconf 89' lang='lat' dir='ltr'><strong>praepositum.</strong></span> <span class='ocrx_word' id='word_1_54' title='bbox 1592 1565 1640 1575; x_wconf 92' lang='lat'><strong>—</strong></span> 
     </span>
     <span class='ocr_line' id='line_1_8' title="bbox 398 1633 1638 1722; baseline 0.002 -25"><span class='ocrx_word' id='word_1_55' title='bbox 398 1658 429 1712; x_wconf 87' lang='lat'><strong>2,</strong></span> <span class='ocrx_word' id='word_1_56' title='bbox 448 1638 500 1721; x_wconf 85' lang='lat'><strong>78.</strong></span> <span class='ocrx_word' id='word_1_57' title='bbox 519 1633 620 1698; x_wconf 92' lang='lat' dir='ltr'><strong>Haud</strong></span> <span class='ocrx_word' id='word_1_58' title='bbox 636 1656 759 1721; x_wconf 87' lang='lat' dir='ltr'><strong>magna</strong></span> <span class='ocrx_word' id='word_1_59' title='bbox 775 1633 864 1699; x_wconf 93' lang='lat' dir='ltr'><strong>mole</strong></span> <span class='ocrx_word' id='word_1_60' title='bbox 885 1634 977 1710; x_wconf 90' lang='lat' dir='ltr'><strong>Piso,</strong></span> <span class='ocrx_word' id='word_1_61' title='bbox 1012 1642 1190 1722; x_wconf 91' lang='lat' dir='ltr'><strong>promptus</strong></span> <span class='ocrx_word' id='word_1_62' title='bbox 1223 1633 1402 1713; x_wconf 89' lang='lat' dir='ltr'><strong>ferocibus,</strong></span> <span class='ocrx_word' id='word_1_63' title='bbox 1438 1634 1472 1697; x_wconf 95' lang='lat' dir='ltr'><strong>in</strong></span> <span class='ocrx_word' id='word_1_64' title='bbox 1501 1641 1638 1699; x_wconf 90' lang='lat' dir='ltr'><strong>senten·</strong></span> 
     </span>
     <span class='ocr_line' id='line_1_9' title="bbox 396 1739 1639 1829; baseline 0.001 -25"><span class='ocrx_word' id='word_1_65' title='bbox 396 1741 477 1806; x_wconf 87' lang='lat' dir='ltr'><strong>tiam</strong></span> <span class='ocrx_word' id='word_1_66' title='bbox 492 1740 636 1806; x_wconf 86' lang='lat' dir='ltr'><strong>trahitur</strong></span> <span class='ocrx_word' id='word_1_67' title='bbox 657 1740 812 1828; x_wconf 90' lang='lat' dir='ltr'><strong>(Domitii</strong></span> <span class='ocrx_word' id='word_1_68' title='bbox 829 1739 982 1826; x_wconf 89' lang='lat' dir='ltr'><strong>Celeris).</strong></span> <span class='ocrx_word' id='word_1_69' title='bbox 1000 1777 1044 1791; x_wconf 97' lang='lat'>-</span> <span class='ocrx_word' id='word_1_70' title='bbox 1071 1765 1101 1820; x_wconf 87' lang='lat'><strong>2,</strong></span> <span class='ocrx_word' id='word_1_71' title='bbox 1127 1765 1181 1829; x_wconf 87' lang='lat'><strong>79.</strong></span> <span class='ocrx_word' id='word_1_72' title='bbox 1199 1741 1374 1807; x_wconf 92' lang='lat' dir='ltr'><strong>Marsus...</strong></span> <span class='ocrx_word' id='word_1_73' title='bbox 1402 1739 1520 1806; x_wconf 90' lang='lat' dir='ltr'><strong>Vibius</strong></span> <span class='ocrx_word' id='word_1_74' title='bbox 1548 1764 1639 1807; x_wconf 91' lang='lat' dir='ltr'><strong>nun-</strong></span> 
     </span>
     <span class='ocr_line' id='line_1_10' title="bbox 397 1847 1642 1915; baseline 0 -3"><span class='ocrx_word' id='word_1_75' title='bbox 397 1847 494 1912; x_wconf 88' lang='lat' dir='ltr'><strong>tiavit</strong></span> <span class='ocrx_word' id='word_1_76' title='bbox 529 1847 645 1912; x_wconf 91' lang='lat' dir='ltr'><strong>Pisoni</strong></span> <span class='ocrx_word' id='word_1_77' title='bbox 678 1847 821 1913; x_wconf 86' lang='lat' dir='ltr'><strong>Romam</strong></span> <span class='ocrx_word' id='word_1_78' title='bbox 849 1848 892 1913; x_wconf 89' lang='lat' dir='ltr'><strong>ad</strong></span> <span class='ocrx_word' id='word_1_79' title='bbox 918 1847 1096 1914; x_wconf 88' lang='lat' dir='ltr'><strong>dicendam</strong></span> <span class='ocrx_word' id='word_1_80' title='bbox 1130 1871 1266 1914; x_wconf 91' lang='lat' dir='ltr'><strong>causam</strong></span> <span class='ocrx_word' id='word_1_81' title='bbox 1292 1848 1463 1915; x_wconf 85' lang='lat' dir='ltr'><strong>veniret...</strong></span> <span class='ocrx_word' id='word_1_82' title='bbox 1499 1848 1642 1913; x_wconf 87' lang='lat' dir='ltr'><strong>Sentius</strong></span> 
     </span>
     <span class='ocr_line' id='line_1_11' title="bbox 396 1955 1638 2045; baseline -0.001 -26"><span class='ocrx_word' id='word_1_83' title='bbox 396 1955 511 2020; x_wconf 92' lang='lat' dir='ltr'><strong>Pisoni</strong></span> <span class='ocrx_word' id='word_1_84' title='bbox 538 1978 598 2043; x_wconf 91' lang='lat' dir='ltr'><strong>per</strong></span> <span class='ocrx_word' id='word_1_85' title='bbox 612 1955 743 2020; x_wconf 90' lang='lat' dir='ltr'><strong>litteras</strong></span> <span class='ocrx_word' id='word_1_86' title='bbox 775 1956 883 2043; x_wconf 90' lang='lat' dir='ltr'><strong>aperit</strong></span> <span class='ocrx_word' id='word_1_87' title='bbox 902 1956 1047 2045; x_wconf 85' lang='lat' dir='ltr'><strong>(sextam</strong></span> <span class='ocrx_word' id='word_1_88' title='bbox 1083 1955 1252 2042; x_wconf 84' lang='lat' dir='ltr'><strong>legionem</strong></span> <span class='ocrx_word' id='word_1_89' title='bbox 1284 1955 1406 2021; x_wconf 86' lang='lat' dir='ltr'><strong>frustra</strong></span> <span class='ocrx_word' id='word_1_90' title='bbox 1433 1980 1451 2021; x_wconf 91' lang='lat' dir='ltr'><strong>a</strong></span> <span class='ocrx_word' id='word_1_91' title='bbox 1487 1955 1638 2021; x_wconf 90' lang='lat' dir='ltr'><strong>Domitio</strong></span> 
     </span>
     <span class='ocr_line' id='line_1_12' title="bbox 396 2061 1639 2151; baseline 0 -24"><span class='ocrx_word' id='word_1_92' title='bbox 396 2061 680 2150; x_wconf 85' lang='lat' dir='ltr'><strong>tenrptatam).-</strong></span> <span class='ocrx_word' id='word_1_93' title='bbox 700 2086 732 2142; x_wconf 84' lang='lat'><strong>2,</strong></span> <span class='ocrx_word' id='word_1_94' title='bbox 755 2063 808 2127; x_wconf 91' lang='lat'><strong>80.</strong></span> <span class='ocrx_word' id='word_1_95' title='bbox 826 2062 896 2128; x_wconf 92' lang='lat' dir='ltr'><strong>Nec</strong></span> <span class='ocrx_word' id='word_1_96' title='bbox 931 2063 1022 2138; x_wconf 87' lang='lat' dir='ltr'><strong>Piso,</strong></span> <span class='ocrx_word' id='word_1_97' title='bbox 1045 2085 1251 2151; x_wconf 90' lang='lat' dir='ltr'><strong>quamquam</strong></span> <span class='ocrx_word' id='word_1_98' title='bbox 1272 2070 1390 2150; x_wconf 88' lang='lat' dir='ltr'><strong>coepta</strong></span> <span class='ocrx_word' id='word_1_99' title='bbox 1412 2086 1508 2129; x_wconf 92' lang='lat' dir='ltr'><strong>secus</strong></span> <span class='ocrx_word' id='word_1_100' title='bbox 1536 2062 1639 2127; x_wconf 86' lang='lat' dir='ltr'><strong>cade-</strong></span> 
     </span>
     <span class='ocr_line' id='line_1_13' title="bbox 394 2168 1638 2258; baseline 0.001 -24"><span class='ocrx_word' id='word_1_101' title='bbox 394 2168 487 2246; x_wconf 88' lang='lat' dir='ltr'><strong>bant,</strong></span> <span class='ocrx_word' id='word_1_102' title='bbox 505 2169 620 2234; x_wconf 89' lang='lat' dir='ltr'><strong>0misit</strong></span> <span class='ocrx_word' id='word_1_103' title='bbox 633 2169 801 2235; x_wconf 89' lang='lat' dir='ltr'><strong>tutissima</strong></span> <span class='ocrx_word' id='word_1_104' title='bbox 822 2194 840 2235; x_wconf 92' lang='lat' dir='ltr'><strong>e</strong></span> <span class='ocrx_word' id='word_1_105' title='bbox 860 2169 1108 2258; x_wconf 86' lang='lat' dir='ltr'><strong>praesentibus,</strong></span> <span class='ocrx_word' id='word_1_106' title='bbox 1131 2168 1192 2234; x_wconf 93' lang='lat' dir='ltr'><strong>sed</strong></span> <span class='ocrx_word' id='word_1_107' title='bbox 1207 2169 1385 2235; x_wconf 91' lang='lat' dir='ltr'><strong>castellum</strong></span> <span class='ocrx_word' id='word_1_108' title='bbox 1401 2170 1537 2236; x_wconf 89' lang='lat' dir='ltr'><strong>Ciliciae</strong></span> <span class='ocrx_word' id='word_1_109' title='bbox 1553 2194 1638 2235; x_wconf 92' lang='lat' dir='ltr'><strong>mu-</strong></span> 
     </span>
     <span class='ocr_line' id='line_1_14' title="bbox 393 2276 1637 2365; baseline 0.002 -24"><span class='ocrx_word' id='word_1_110' title='bbox 393 2276 743 2342; x_wconf 88' lang='lat' dir='ltr'><strong>nitumadmodum...</strong></span> <span class='ocrx_word' id='word_1_111' title='bbox 761 2285 946 2365; x_wconf 90' lang='lat' dir='ltr'><strong>occupat...</strong></span> <span class='ocrx_word' id='word_1_112' title='bbox 976 2278 1075 2364; x_wconf 88' lang='lat' dir='ltr'><strong>(Suos</strong></span> <span class='ocrx_word' id='word_1_113' title='bbox 1103 2277 1315 2363; x_wconf 84' lang='lat' dir='ltr'><strong>hortabatur)</strong></span> <span class='ocrx_word' id='word_1_114' title='bbox 1345 2278 1570 2343; x_wconf 86' lang='lat' dir='ltr'><strong>consisterent</strong></span> <span class='ocrx_word' id='word_1_115' title='bbox 1599 2278 1637 2343; x_wconf 92' lang='lat' dir='ltr'><strong>in</strong></span> 
     </span>
     <span class='ocr_line' id='line_1_15' title="bbox 394 2383 1636 2473; baseline 0.002 -25"><span class='ocrx_word' id='word_1_116' title='bbox 394 2384 476 2460; x_wconf 70' lang='lat' dir='ltr'><strong>eicie,</strong></span> <span class='ocrx_word' id='word_1_117' title='bbox 496 2408 563 2449; x_wconf 93' lang='lat' dir='ltr'><strong>non</strong></span> <span class='ocrx_word' id='word_1_118' title='bbox 576 2385 778 2472; x_wconf 86' lang='lat' dir='ltr'><strong>pugnaturis</strong></span> <span class='ocrx_word' id='word_1_119' title='bbox 806 2384 982 2460; x_wconf 70' lang='lat' dir='ltr'><strong>militibus</strong></span> <span class='ocrx_word' id='word_1_120' title='bbox 1004 2383 1061 2449; x_wconf 92' lang='lat' dir='ltr'><strong>ubi</strong></span> <span class='ocrx_word' id='word_1_121' title='bbox 1084 2385 1244 2449; x_wconf 91' lang='lat' dir='ltr'><strong>Pisonem</strong></span> <span class='ocrx_word' id='word_1_122' title='bbox 1275 2384 1317 2449; x_wconf 92' lang='lat' dir='ltr'><strong>ab</strong></span> <span class='ocrx_word' id='word_1_123' title='bbox 1352 2385 1434 2473; x_wconf 86' lang='lat' dir='ltr'><strong>ipsis</strong></span> <span class='ocrx_word' id='word_1_124' title='bbox 1457 2392 1636 2473; x_wconf 87' lang='lat' dir='ltr'><strong>parentem</strong></span> 
     </span>
     <span class='ocr_line' id='line_1_16' title="bbox 394 2490 1635 2581; baseline 0.002 -26"><span class='ocrx_word' id='word_1_125' title='bbox 394 2491 565 2581; x_wconf 91' lang='lat' dir='ltr'><strong>quondam</strong></span> <span class='ocrx_word' id='word_1_126' title='bbox 581 2491 831 2580; x_wconf 89' lang='lat' dir='ltr'><strong>appellatum...</strong></span> <span class='ocrx_word' id='word_1_127' title='bbox 847 2491 1027 2557; x_wconf 85' lang='lat' dir='ltr'><strong>vidissent.</strong></span> <span class='ocrx_word' id='word_1_128' title='bbox 1049 2530 1083 2541; x_wconf 97' lang='lat'>-</span> <span class='ocrx_word' id='word_1_129' title='bbox 1101 2516 1132 2572; x_wconf 76' lang='grc' dir='ltr'><strong>α,</strong></span> <span class='ocrx_word' id='word_1_130' title='bbox 1153 2494 1207 2559; x_wconf 81' lang='lat'><strong>81.</strong></span> <span class='ocrx_word' id='word_1_131' title='bbox 1232 2490 1370 2558; x_wconf 90' lang='lat' dir='ltr'><strong>Interim</strong></span> <span class='ocrx_word' id='word_1_132' title='bbox 1388 2492 1467 2557; x_wconf 90' lang='lat' dir='ltr'><strong>Piso</strong></span> <span class='ocrx_word' id='word_1_133' title='bbox 1487 2491 1635 2557; x_wconf 88' lang='lat' dir='ltr'><strong>classem</strong></span> 
     </span>
     <span class='ocr_line' id='line_1_17' title="bbox 393 2598 1636 2688; baseline 0.001 -25"><span class='ocrx_word' id='word_1_134' title='bbox 393 2598 483 2663; x_wconf 92' lang='lat' dir='ltr'><strong>haud</strong></span> <span class='ocrx_word' id='word_1_135' title='bbox 494 2598 610 2686; x_wconf 90' lang='lat' dir='ltr'><strong>procul</strong></span> <span class='ocrx_word' id='word_1_136' title='bbox 625 2600 855 2688; x_wconf 89' lang='lat' dir='ltr'><strong>opperientem</strong></span> <span class='ocrx_word' id='word_1_137' title='bbox 879 2600 1075 2686; x_wconf 83' lang='lat' dir='ltr'><strong>adpugnare</strong></span> <span class='ocrx_word' id='word_1_138' title='bbox 1091 2598 1214 2664; x_wconf 82' lang='lat' dir='ltr'><strong>frustra</strong></span> <span class='ocrx_word' id='word_1_139' title='bbox 1238 2600 1459 2688; x_wconf 87' lang='lat' dir='ltr'><strong>temptavit...</strong></span> <span class='ocrx_word' id='word_1_140' title='bbox 1482 2599 1636 2664; x_wconf 89' lang='lat' dir='ltr'><strong>Tandem</strong></span> 
     </span>
     <span class='ocr_line' id='line_1_18' title="bbox 393 2706 1637 2793; baseline 0.002 -23"><span class='ocrx_word' id='word_1_141' title='bbox 393 2706 482 2770; x_wconf 85' lang='lat' dir='ltr'><strong>vieta</strong></span> <span class='ocrx_word' id='word_1_142' title='bbox 514 2706 698 2793; x_wconf 90' lang='lat' dir='ltr'><strong>pertinacia</strong></span> <span class='ocrx_word' id='word_1_143' title='bbox 729 2706 807 2771; x_wconf 92' lang='lat' dir='ltr'><strong>Piso</strong></span> <span class='ocrx_word' id='word_1_144' title='bbox 837 2707 958 2787; x_wconf 88' lang='lat' dir='ltr'><strong>oravit,</strong></span> <span class='ocrx_word' id='word_1_145' title='bbox 982 2714 1019 2771; x_wconf 94' lang='lat' dir='ltr'><strong>ut</strong></span> <span class='ocrx_word' id='word_1_146' title='bbox 1052 2706 1185 2772; x_wconf 86' lang='lat' dir='ltr'><strong>traditis</strong></span> <span class='ocrx_word' id='word_1_147' title='bbox 1205 2708 1308 2771; x_wconf 90' lang='lat' dir='ltr'><strong>armis</strong></span> <span class='ocrx_word' id='word_1_148' title='bbox 1327 2715 1478 2772; x_wconf 89' lang='lat' dir='ltr'><strong>maneret</strong></span> <span class='ocrx_word' id='word_1_149' title='bbox 1505 2707 1539 2770; x_wconf 94' lang='lat' dir='ltr'><strong>in</strong></span> <span class='ocrx_word' id='word_1_150' title='bbox 1562 2730 1637 2772; x_wconf 93' lang='lat' dir='ltr'><strong>cas-</strong></span> 
     </span>
     <span class='ocr_line' id='line_1_19' title="bbox 394 2813 1636 2902; baseline 0.002 -25"><span class='ocrx_word' id='word_1_151' title='bbox 394 2813 517 2879; x_wconf 90' lang='lat' dir='ltr'><strong>tello...</strong></span> <span class='ocrx_word' id='word_1_152' title='bbox 535 2852 578 2861; x_wconf 95' lang='lat'>—</span> <span class='ocrx_word' id='word_1_153' title='bbox 595 2838 625 2892; x_wconf 78' lang='lat' dir='ltr'><strong>a,</strong></span> <span class='ocrx_word' id='word_1_154' title='bbox 649 2814 703 2878; x_wconf 86' lang='lat'><strong>82.</strong></span> <span class='ocrx_word' id='word_1_155' title='bbox 721 2815 768 2878; x_wconf 81' lang='lat' dir='ltr'><strong>At</strong></span> <span class='ocrx_word' id='word_1_156' title='bbox 788 2814 928 2888; x_wconf 83' lang='lat' dir='ltr'><strong>Romae,</strong></span> <span class='ocrx_word' id='word_1_157' title='bbox 953 2821 1133 2902; x_wconf 86' lang='lat' dir='ltr'><strong>postquam</strong></span> <span class='ocrx_word' id='word_1_158' title='bbox 1162 2814 1352 2879; x_wconf 86' lang='lat' dir='ltr'><strong>Germanici</strong></span> <span class='ocrx_word' id='word_1_159' title='bbox 1372 2813 1531 2879; x_wconf 87' lang='lat' dir='ltr'><strong>valetudo</strong></span> <span class='ocrx_word' id='word_1_160' title='bbox 1557 2838 1636 2902; x_wconf 93' lang='lat' dir='ltr'><strong>per-</strong></span> 
     </span>
     <span class='ocr_line' id='line_1_20' title="bbox 393 2920 1633 3009; baseline 0 -24"><span class='ocrx_word' id='word_1_161' title='bbox 393 2920 595 2999; x_wconf 89' lang='lat' dir='ltr'><strong>crebruit...,</strong></span> <span class='ocrx_word' id='word_1_162' title='bbox 618 2920 841 3009; x_wconf 86' lang='lat' dir='ltr'><strong>erumpebant</strong></span> <span class='ocrx_word' id='word_1_163' title='bbox 855 2929 997 3009; x_wconf 88' lang='lat' dir='ltr'><strong>questus</strong></span> <span class='ocrx_word' id='word_1_164' title='bbox 1088 2921 1162 2986; x_wconf 91' lang='lat' dir='ltr'><strong>ideo</strong></span> <span class='ocrx_word' id='word_1_165' title='bbox 1190 2921 1306 2986; x_wconf 92' lang='lat' dir='ltr'><strong>Pisoni</strong></span> <span class='ocrx_word' id='word_1_166' title='bbox 1319 2922 1520 3009; x_wconf 90' lang='lat' dir='ltr'><strong>permissam</strong></span> <span class='ocrx_word' id='word_1_167' title='bbox 1553 2945 1633 3009; x_wconf 91' lang='lat' dir='ltr'><strong>pro-</strong></span> 
     </span>
     <span class='ocr_line' id='line_1_21' title="bbox 391 3027 1634 3117; baseline 0.001 -26"><span class='ocrx_word' id='word_1_168' title='bbox 391 3028 549 3092; x_wconf 83' lang='lat' dir='ltr'><strong>vinciam.</strong></span> <span class='ocrx_word' id='word_1_169' title='bbox 566 3065 608 3076; x_wconf 94' lang='lat'>—</span> <span class='ocrx_word' id='word_1_170' title='bbox 621 3028 653 3100; x_wconf 80' lang='lat'><strong>3,</strong></span> <span class='ocrx_word' id='word_1_171' title='bbox 667 3052 699 3116; x_wconf 95' lang='grc'><strong>7.</strong></span> <span class='ocrx_word' id='word_1_172' title='bbox 716 3028 845 3094; x_wconf 82' lang='lat' dir='ltr'><strong>Erectis</strong></span> <span class='ocrx_word' id='word_1_173' title='bbox 859 3028 1011 3093; x_wconf 92' lang='lat' dir='ltr'><strong>omnium</strong></span> <span class='ocrx_word' id='word_1_174' title='bbox 1027 3029 1148 3093; x_wconf 91' lang='lat' dir='ltr'><strong>animis</strong></span> <span class='ocrx_word' id='word_1_175' title='bbox 1163 3028 1327 3117; x_wconf 89' lang='lat' dir='ltr'><strong>petendae</strong></span> <span class='ocrx_word' id='word_1_176' title='bbox 1347 3052 1364 3093; x_wconf 89' lang='lat' dir='ltr'><strong>e</strong></span> <span class='ocrx_word' id='word_1_177' title='bbox 1381 3029 1503 3093; x_wconf 87' lang='lat' dir='ltr'><strong>Pisone</strong></span> <span class='ocrx_word' id='word_1_178' title='bbox 1529 3027 1634 3095; x_wconf 91' lang='lat' dir='ltr'><strong>ultio-</strong></span> 
     </span>
     <span class='ocr_line' id='line_1_22' title="bbox 392 3134 1634 3226; baseline 0.002 -27"><span class='ocrx_word' id='word_1_179' title='bbox 392 3135 446 3199; x_wconf 90' lang='lat' dir='ltr'><strong>nis</strong></span> <span class='ocrx_word' id='word_1_180' title='bbox 463 3142 496 3200; x_wconf 91' lang='lat' dir='ltr'><strong>et</strong></span> <span class='ocrx_word' id='word_1_181' title='bbox 510 3134 626 3198; x_wconf 91' lang='lat' dir='ltr'><strong>crebro</strong></span> <span class='ocrx_word' id='word_1_182' title='bbox 642 3142 776 3223; x_wconf 88' lang='lat' dir='ltr'><strong>questu.</strong></span> <span class='ocrx_word' id='word_1_183' title='bbox 794 3135 884 3224; x_wconf 90' lang='lat' dir='ltr'><strong>quod</strong></span> <span class='ocrx_word' id='word_1_184' title='bbox 904 3159 1012 3223; x_wconf 92' lang='lat' dir='ltr'><strong>vagus</strong></span> <span class='ocrx_word' id='word_1_185' title='bbox 1028 3136 1164 3201; x_wconf 91' lang='lat' dir='ltr'><strong>interim</strong></span> <span class='ocrx_word' id='word_1_186' title='bbox 1178 3159 1238 3224; x_wconf 93' lang='lat' dir='ltr'><strong>per</strong></span> <span class='ocrx_word' id='word_1_187' title='bbox 1257 3159 1398 3201; x_wconf 88' lang='lat' dir='ltr'><strong>amoena</strong></span> <span class='ocrx_word' id='word_1_188' title='bbox 1413 3136 1514 3201; x_wconf 84' lang='lat' dir='ltr'><strong>Asiae</strong></span> <span class='ocrx_word' id='word_1_189' title='bbox 1528 3144 1634 3226; x_wconf 90' lang='lat' dir='ltr'><strong>atque</strong></span> 
     </span>
     <span class='ocr_line' id='line_1_23' title="bbox 391 3241 1633 3331; baseline 0.001 -24"><span class='ocrx_word' id='word_1_190' title='bbox 391 3241 688 3321; x_wconf 78' lang='lat' dir='ltr'><strong>Achaiae...—3,</strong></span> <span class='ocrx_word' id='word_1_191' title='bbox 705 3245 736 3308; x_wconf 83' lang='lat'><strong>8.</strong></span> <span class='ocrx_word' id='word_1_192' title='bbox 758 3243 806 3307; x_wconf 81' lang='lat' dir='ltr'><strong>At</strong></span> <span class='ocrx_word' id='word_1_193' title='bbox 823 3243 913 3318; x_wconf 92' lang='lat' dir='ltr'><strong>Piso,</strong></span> <span class='ocrx_word' id='word_1_194' title='bbox 942 3243 1127 3330; x_wconf 90' lang='lat' dir='ltr'><strong>praemisso</strong></span> <span class='ocrx_word' id='word_1_195' title='bbox 1160 3243 1195 3307; x_wconf 94' lang='lat' dir='ltr'><strong>in</strong></span> <span class='ocrx_word' id='word_1_196' title='bbox 1219 3242 1337 3308; x_wconf 91' lang='lat' dir='ltr'><strong>urbem</strong></span> <span class='ocrx_word' id='word_1_197' title='bbox 1366 3242 1436 3307; x_wconf 85' lang='lat' dir='ltr'><strong>filio</strong></span> <span class='ocrx_word' id='word_1_198' title='bbox 1475 3243 1633 3331; x_wconf 89' lang='lat' dir='ltr'><strong>datisque</strong></span> 
     </span>
     <span class='ocr_line' id='line_1_24' title="bbox 391 3349 1633 3438; baseline 0 -25"><span class='ocrx_word' id='word_1_199' title='bbox 391 3349 571 3426; x_wconf 76' lang='lat' dir='ltr'><strong>mandatiS,</strong></span> <span class='ocrx_word' id='word_1_200' title='bbox 590 3373 648 3436; x_wconf 94' lang='lat' dir='ltr'><strong>per</strong></span> <span class='ocrx_word' id='word_1_201' title='bbox 663 3374 748 3438; x_wconf 89' lang='lat' dir='ltr'><strong>quae</strong></span> <span class='ocrx_word' id='word_1_202' title='bbox 765 3350 951 3437; x_wconf 89' lang='lat' dir='ltr'><strong>principem</strong></span> <span class='ocrx_word' id='word_1_203' title='bbox 968 3350 1127 3418; x_wconf 89' lang='lat' dir='ltr'><strong>molliret.</strong></span> <span class='ocrx_word' id='word_1_204' title='bbox 1150 3350 1192 3415; x_wconf 89' lang='lat' dir='ltr'><strong>ad</strong></span> <span class='ocrx_word' id='word_1_205' title='bbox 1210 3350 1357 3414; x_wconf 86' lang='lat' dir='ltr'><strong>Drusum</strong></span> <span class='ocrx_word' id='word_1_206' title='bbox 1374 3352 1522 3438; x_wconf 87' lang='lat' dir='ltr'><strong>pergit...</strong></span> <span class='ocrx_word' id='word_1_207' title='bbox 1544 3350 1633 3414; x_wconf 89' lang='lat' dir='ltr'><strong>Dru-</strong></span> 
     </span>
     <span class='ocr_line' id='line_1_25' title="bbox 390 3457 1630 3545; baseline 0.002 -25"><span class='ocrx_word' id='word_1_208' title='bbox 390 3457 586 3530; x_wconf 90' lang='lat' dir='ltr'><strong>susPisoni,</strong></span> <span class='ocrx_word' id='word_1_209' title='bbox 611 3458 638 3520; x_wconf 92' lang='lat' dir='ltr'><strong>si</strong></span> <span class='ocrx_word' id='word_1_210' title='bbox 654 3481 733 3522; x_wconf 89' lang='lat' dir='ltr'><strong>vera</strong></span> <span class='ocrx_word' id='word_1_211' title='bbox 754 3457 863 3522; x_wconf 85' lang='lat' dir='ltr'><strong>forent</strong></span> <span class='ocrx_word' id='word_1_212' title='bbox 892 3480 978 3544; x_wconf 90' lang='lat' dir='ltr'><strong>quac</strong></span> <span class='ocrx_word' id='word_1_213' title='bbox 998 3457 1198 3525; x_wconf 86' lang='lat' dir='ltr'><strong>iacerentur.</strong></span> <span class='ocrx_word' id='word_1_214' title='bbox 1218 3458 1435 3545; x_wconf 90' lang='lat' dir='ltr'><strong>praecipuum</strong></span> <span class='ocrx_word' id='word_1_215' title='bbox 1458 3457 1630 3523; x_wconf 89' lang='lat' dir='ltr'><strong>indolere</strong></span> 
     </span>
     <span class='ocr_line' id='line_1_26' title="bbox 390 3563 1632 3653; baseline -0.001 -25"><span class='ocrx_word' id='word_1_216' title='bbox 390 3563 609 3630; x_wconf 88' lang='lat' dir='ltr'><strong>suumlocum</strong></span> <span class='ocrx_word' id='word_1_217' title='bbox 629 3565 822 3652; x_wconf 80' lang='lat' dir='ltr'><strong>respondit;</strong></span> <span class='ocrx_word' id='word_1_218' title='bbox 839 3564 898 3628; x_wconf 92' lang='lat' dir='ltr'><strong>sed</strong></span> <span class='ocrx_word' id='word_1_219' title='bbox 913 3564 1014 3628; x_wconf 89' lang='lat' dir='ltr'><strong>malle</strong></span> <span class='ocrx_word' id='word_1_220' title='bbox 1030 3565 1252 3631; x_wconf 85' lang='lat' dir='ltr'><strong>falsa...esse.</strong></span> <span class='ocrx_word' id='word_1_221' title='bbox 1276 3604 1318 3612; x_wconf 88' lang='lat'><em>—</em></span> <span class='ocrx_word' id='word_1_222' title='bbox 1334 3565 1366 3644; x_wconf 80' lang='lat'><strong>3,</strong></span> <span class='ocrx_word' id='word_1_223' title='bbox 1383 3590 1416 3653; x_wconf 86' lang='lat'><strong>9.</strong></span> <span class='ocrx_word' id='word_1_224' title='bbox 1448 3564 1526 3628; x_wconf 91' lang='lat' dir='ltr'><strong>Piso</strong></span> <span class='ocrx_word' id='word_1_225' title='bbox 1551 3565 1632 3630; x_wconf 86' lang='lat' dir='ltr'><strong>Del-</strong></span> 
     </span>
     <span class='ocr_line' id='line_1_27' title="bbox 390 3671 1631 3759; baseline 0.002 -24"><span class='ocrx_word' id='word_1_226' title='bbox 390 3672 512 3736; x_wconf 89' lang='lat' dir='ltr'><strong>matico</strong></span> <span class='ocrx_word' id='word_1_227' title='bbox 529 3672 611 3735; x_wconf 89' lang='lat' dir='ltr'><strong>mari</strong></span> <span class='ocrx_word' id='word_1_228' title='bbox 621 3672 819 3736; x_wconf 90' lang='lat' dir='ltr'><strong>tramisso...</strong></span> <span class='ocrx_word' id='word_1_229' title='bbox 840 3671 1037 3759; x_wconf 87' lang='lat' dir='ltr'><strong>adsequitur</strong></span> <span class='ocrx_word' id='word_1_230' title='bbox 1050 3671 1231 3757; x_wconf 83' lang='lat' dir='ltr'><strong>legionem,</strong></span> <span class='ocrx_word' id='word_1_231' title='bbox 1255 3695 1373 3759; x_wconf 81' lang='lat' dir='ltr'><strong>quaec</strong></span> <span class='ocrx_word' id='word_1_232' title='bbox 1394 3671 1569 3736; x_wconf 91' lang='lat' dir='ltr'><strong>Pannonia</strong></span> <span class='ocrx_word' id='word_1_233' title='bbox 1596 3674 1631 3737; x_wconf 92' lang='lat' dir='ltr'><strong>in</strong></span> 
     </span>
     <span class='ocr_line' id='line_1_28' title="bbox 389 3778 1628 3866; baseline 0.002 -23"><span class='ocrx_word' id='word_1_234' title='bbox 389 3779 549 3844; x_wconf 92' lang='lat' dir='ltr'><strong>urbem...</strong></span> <span class='ocrx_word' id='word_1_235' title='bbox 567 3778 764 3843; x_wconf 88' lang='lat' dir='ltr'><strong>ducebatur.</strong></span> <span class='ocrx_word' id='word_1_236' title='bbox 781 3818 824 3825; x_wconf 97' lang='lat'><strong>—</strong></span> <span class='ocrx_word' id='word_1_237' title='bbox 841 3779 871 3852; x_wconf 82' lang='lat'><strong>3,</strong></span> <span class='ocrx_word' id='word_1_238' title='bbox 901 3804 949 3843; x_wconf 80' lang='lat' dir='ltr'><strong>ra.</strong></span> <span class='ocrx_word' id='word_1_239' title='bbox 969 3778 1031 3843; x_wconf 91' lang='lat' dir='ltr'><strong>l)ie</strong></span> <span class='ocrx_word' id='word_1_240' title='bbox 1055 3787 1193 3843; x_wconf 90' lang='lat' dir='ltr'><strong>senatus</strong></span> <span class='ocrx_word' id='word_1_241' title='bbox 1213 3778 1380 3864; x_wconf 85' lang='lat' dir='ltr'><strong>(Tiberius</strong></span> <span class='ocrx_word' id='word_1_242' title='bbox 1411 3780 1628 3866; x_wconf 81' lang='lat' dir='ltr'><strong>disseruit)...</strong></span> 
     </span>
     <span class='ocr_line' id='line_1_29' title="bbox 390 3886 1632 3974; baseline 0 -23"><span class='ocrx_word' id='word_1_243' title='bbox 390 3888 562 3974; x_wconf 87' lang='lat' dir='ltr'><strong>patrissui</strong></span> <span class='ocrx_word' id='word_1_244' title='bbox 582 3886 732 3972; x_wconf 81' lang='lat' dir='ltr'><strong>legatum</strong></span> <span class='ocrx_word' id='word_1_245' title='bbox 757 3895 858 3974; x_wconf 90' lang='lat' dir='ltr'><strong>atque</strong></span> <span class='ocrx_word' id='word_1_246' title='bbox 885 3886 1031 3950; x_wconf 91' lang='lat' dir='ltr'><strong>amicum</strong></span> <span class='ocrx_word' id='word_1_247' title='bbox 1061 3887 1219 3950; x_wconf 87' lang='lat' dir='ltr'><strong>Pisonem</strong></span> <span class='ocrx_word' id='word_1_248' title='bbox 1250 3886 1352 3950; x_wconf 87' lang='lat' dir='ltr'><strong>luisse</strong></span> <span class='ocrx_word' id='word_1_249' title='bbox 1378 3888 1632 3974; x_wconf 89' lang='lat' dir='ltr'><strong>adiutoremqae</strong></span> 
     </span>
     <span class='ocr_line' id='line_1_30' title="bbox 389 3992 1631 4081; baseline 0.001 -25"><span class='ocrx_word' id='word_1_250' title='bbox 389 3995 589 4058; x_wconf 87' lang='lat' dir='ltr'><strong>Germanico</strong></span> <span class='ocrx_word' id='word_1_251' title='bbox 603 3993 720 4058; x_wconf 91' lang='lat' dir='ltr'><strong>datum</strong></span> <span class='ocrx_word' id='word_1_252' title='bbox 733 4019 750 4056; x_wconf 90' lang='lat' dir='ltr'><strong>a</strong></span> <span class='ocrx_word' id='word_1_253' title='bbox 766 4018 801 4057; x_wconf 91' lang='lat' dir='ltr'><strong>se</strong></span> <span class='ocrx_word' id='word_1_254' title='bbox 818 4001 953 4058; x_wconf 91' lang='lat' dir='ltr'><strong>auctore</strong></span> <span class='ocrx_word' id='word_1_255' title='bbox 970 4000 1090 4057; x_wconf 90' lang='lat' dir='ltr'><strong>senatu</strong></span> <span class='ocrx_word' id='word_1_256' title='bbox 1109 3992 1208 4057; x_wconf 90' lang='lat' dir='ltr'><strong>rebus</strong></span> <span class='ocrx_word' id='word_1_257' title='bbox 1229 3993 1318 4081; x_wconf 89' lang='lat' dir='ltr'><strong>apud</strong></span> <span class='ocrx_word' id='word_1_258' title='bbox 1333 3994 1505 4059; x_wconf 73' lang='lat' dir='ltr'><strong>(trientem</strong></span> <span class='ocrx_word' id='word_1_259' title='bbox 1522 3993 1631 4058; x_wconf 90' lang='lat' dir='ltr'><strong>admi-</strong></span> 
     </span>
     <span class='ocr_line' id='line_1_31' title="bbox 388 4099 1631 4188; baseline 0.001 -24"><span class='ocrx_word' id='word_1_260' title='bbox 388 4101 615 4166; x_wconf 78' lang='lat' dir='ltr'><strong>nistrandis..</strong></span> <span class='ocrx_word' id='word_1_261' title='bbox 638 4100 848 4188; x_wconf 78' lang='lat' dir='ltr'><strong>«Simulque</strong></span> <span class='ocrx_word' id='word_1_262' title='bbox 869 4101 954 4164; x_wconf 90' lang='lat' dir='ltr'><strong>illud</strong></span> <span class='ocrx_word' id='word_1_263' title='bbox 975 4108 1140 4187; x_wconf 88' lang='lat' dir='ltr'><strong>reputate,</strong></span> <span class='ocrx_word' id='word_1_264' title='bbox 1161 4099 1293 4165; x_wconf 91' lang='lat' dir='ltr'><strong>turbide</strong></span> <span class='ocrx_word' id='word_1_265' title='bbox 1309 4110 1341 4166; x_wconf 92' lang='lat' dir='ltr'><strong>et</strong></span> <span class='ocrx_word' id='word_1_266' title='bbox 1361 4101 1521 4166; x_wconf 88' lang='lat' dir='ltr'><strong>seditiose</strong></span> <span class='ocrx_word' id='word_1_267' title='bbox 1543 4109 1631 4165; x_wconf 89' lang='lat' dir='ltr'><strong>trae-</strong></span> 
     </span>
     <span class='ocr_line' id='line_1_32' title="bbox 389 4207 1630 4286; baseline 0 -15"><span class='ocrx_word' id='word_1_268' title='bbox 389 4208 509 4273; x_wconf 88' lang='lat' dir='ltr'><strong>taverit</strong></span> <span class='ocrx_word' id='word_1_269' title='bbox 525 4209 693 4272; x_wconf 82' lang='lat' dir='ltr'><strong>exercitus</strong></span> <span class='ocrx_word' id='word_1_270' title='bbox 714 4208 835 4273; x_wconf 87' lang='lat' dir='ltr'><strong>Piso...</strong></span> <span class='ocrx_word' id='word_1_271' title='bbox 857 4239 871 4267; x_wconf 70' lang='lat' dir='ltr'><strong>a</strong></span> <span class='ocrx_word' id='word_1_272' title='bbox 892 4244 931 4257; x_wconf 91' lang='lat'><em>-</em></span> <span class='ocrx_word' id='word_1_273' title='bbox 944 4209 974 4286; x_wconf 79' lang='lat'><strong>3,</strong></span> <span class='ocrx_word' id='word_1_274' title='bbox 993 4208 1042 4272; x_wconf 84' lang='lat'><strong>13.</strong></span> <span class='ocrx_word' id='word_1_275' title='bbox 1061 4209 1227 4273; x_wconf 87' lang='lat' dir='ltr'><strong>Servaeus</strong></span> <span class='ocrx_word' id='word_1_276' title='bbox 1247 4216 1279 4272; x_wconf 92' lang='lat' dir='ltr'><strong>et</strong></span> <span class='ocrx_word' id='word_1_277' title='bbox 1292 4209 1458 4273; x_wconf 83' lang='lat' dir='ltr'><strong>Veranius</strong></span> <span class='ocrx_word' id='word_1_278' title='bbox 1471 4216 1504 4273; x_wconf 91' lang='lat' dir='ltr'><strong>et</strong></span> <span class='ocrx_word' id='word_1_279' title='bbox 1525 4207 1630 4273; x_wconf 78' lang='lat' dir='ltr'><strong>Vitel-</strong></span> 
     </span>
     <span class='ocr_line' id='line_1_33' title="bbox 387 4314 1629 4380; baseline 0.002 -3"><span class='ocrx_word' id='word_1_280' title='bbox 387 4315 494 4380; x_wconf 88' lang='lat' dir='ltr'><strong>lius...</strong></span> <span class='ocrx_word' id='word_1_281' title='bbox 505 4314 655 4379; x_wconf 87' lang='lat' dir='ltr'><strong>obiecere</strong></span> <span class='ocrx_word' id='word_1_282' title='bbox 676 4315 752 4378; x_wconf 90' lang='lat' dir='ltr'><strong>odio</strong></span> <span class='ocrx_word' id='word_1_283' title='bbox 769 4316 962 4379; x_wconf 89' lang='lat' dir='ltr'><strong>Germanici</strong></span> <span class='ocrx_word' id='word_1_284' title='bbox 979 4323 1012 4378; x_wconf 91' lang='lat' dir='ltr'><strong>et</strong></span> <span class='ocrx_word' id='word_1_285' title='bbox 1027 4337 1139 4379; x_wconf 89' lang='lat' dir='ltr'><strong>rerum</strong></span> <span class='ocrx_word' id='word_1_286' title='bbox 1155 4337 1319 4379; x_wconf 87' lang='lat' dir='ltr'><strong>novarum</strong></span> <span class='ocrx_word' id='word_1_287' title='bbox 1334 4316 1446 4380; x_wconf 90' lang='lat' dir='ltr'><strong>studio</strong></span> <span class='ocrx_word' id='word_1_288' title='bbox 1468 4316 1629 4380; x_wconf 90' lang='lat' dir='ltr'><strong>Pisonem</strong></span> 
     </span>
     <span class='ocr_line' id='line_1_34' title="bbox 386 4422 1632 4511; baseline 0.002 -27"><span class='ocrx_word' id='word_1_289' title='bbox 386 4423 509 4508; x_wconf 91' lang='lat' dir='ltr'><strong>vulgus</strong></span> <span class='ocrx_word' id='word_1_290' title='bbox 521 4422 709 4487; x_wconf 88' lang='lat' dir='ltr'><strong>militum...</strong></span> <span class='ocrx_word' id='word_1_291' title='bbox 721 4446 759 4487; x_wconf 91' lang='lat' dir='ltr'><strong>eo</strong></span> <span class='ocrx_word' id='word_1_292' title='bbox 775 4446 882 4511; x_wconf 91' lang='lat' dir='ltr'><strong>usque</strong></span> <span class='ocrx_word' id='word_1_293' title='bbox 898 4422 1100 4510; x_wconf 86' lang='lat' dir='ltr'><strong>corrupisse,</strong></span> <span class='ocrx_word' id='word_1_294' title='bbox 1118 4429 1153 4485; x_wconf 93' lang='lat' dir='ltr'><strong>ut</strong></span> <span class='ocrx_word' id='word_1_295' title='bbox 1165 4445 1288 4509; x_wconf 90' lang='lat' dir='ltr'><strong>parens</strong></span> <span class='ocrx_word' id='word_1_296' title='bbox 1302 4422 1475 4508; x_wconf 85' lang='lat' dir='ltr'><strong>legionum</strong></span> <span class='ocrx_word' id='word_1_297' title='bbox 1487 4447 1506 4487; x_wconf 90' lang='lat' dir='ltr'><strong>a</strong></span> <span class='ocrx_word' id='word_1_298' title='bbox 1518 4422 1632 4487; x_wconf 90' lang='lat' dir='ltr'><strong>deter-</strong></span> 
     </span>
     <span class='ocr_line' id='line_1_35' title="bbox 387 4529 1628 4618; baseline 0.001 -26"><span class='ocrx_word' id='word_1_299' title='bbox 387 4530 481 4593; x_wconf 90' lang='lat' dir='ltr'><strong>rimis</strong></span> <span class='ocrx_word' id='word_1_300' title='bbox 498 4529 736 4618; x_wconf 85' lang='lat' dir='ltr'><strong>appellaretur.</strong></span> <span class='ocrx_word' id='word_1_301' title='bbox 750 4569 791 4578; x_wconf 94' lang='lat'>—</span> <span class='ocrx_word' id='word_1_302' title='bbox 808 4531 838 4606; x_wconf 74' lang='lat' dir='ltr'><strong>a,</strong></span> <span class='ocrx_word' id='word_1_303' title='bbox 867 4532 915 4606; x_wconf 68' lang='lat' dir='ltr'><strong>rt.</strong></span> <span class='ocrx_word' id='word_1_304' title='bbox 933 4531 1175 4614; x_wconf 70' lang='lat' dir='ltr'><strong>(Accusatores</strong></span> <span class='ocrx_word' id='word_1_305' title='bbox 1199 4529 1457 4614; x_wconf 86' lang='lat' dir='ltr'><strong>asseverabant)</strong></span> <span class='ocrx_word' id='word_1_306' title='bbox 1483 4531 1516 4594; x_wconf 90' lang='lat' dir='ltr'><strong>in</strong></span> <span class='ocrx_word' id='word_1_307' title='bbox 1545 4553 1628 4593; x_wconf 92' lang='lat' dir='ltr'><strong>con-</strong></span> 
     </span>
     <span class='ocr_line' id='line_1_36' title="bbox 388 4635 1628 4724; baseline 0.002 -26"><span class='ocrx_word' id='word_1_308' title='bbox 388 4637 477 4700; x_wconf 78' lang='lat' dir='ltr'><strong>vivio</strong></span> <span class='ocrx_word' id='word_1_309' title='bbox 503 4638 707 4716; x_wconf 83' lang='lat' dir='ltr'><strong>Germanici,</strong></span> <span class='ocrx_word' id='word_1_310' title='bbox 725 4661 800 4700; x_wconf 93' lang='lat' dir='ltr'><strong>eum</strong></span> <span class='ocrx_word' id='word_1_311' title='bbox 817 4661 918 4724; x_wconf 92' lang='lat' dir='ltr'><strong>super</strong></span> <span class='ocrx_word' id='word_1_312' title='bbox 934 4660 1010 4701; x_wconf 92' lang='lat' dir='ltr'><strong>eum</strong></span> <span class='ocrx_word' id='word_1_313' title='bbox 1023 4636 1101 4700; x_wconf 89' lang='lat' dir='ltr'><strong>Piso</strong></span> <span class='ocrx_word' id='word_1_314' title='bbox 1112 4635 1352 4714; x_wconf 85' lang='lat' dir='ltr'><strong>discumberet,</strong></span> <span class='ocrx_word' id='word_1_315' title='bbox 1366 4637 1509 4702; x_wconf 86' lang='lat' dir='ltr'><strong>inlectos</strong></span> <span class='ocrx_word' id='word_1_316' title='bbox 1521 4638 1628 4701; x_wconf 92' lang='lat' dir='ltr'><strong>mani·</strong></span> 
     </span>
     <span class='ocr_line' id='line_1_37' title="bbox 388 4743 1626 4831; baseline 0.002 -25"><span class='ocrx_word' id='word_1_317' title='bbox 388 4744 451 4807; x_wconf 82' lang='lat' dir='ltr'><strong>bus</strong></span> <span class='ocrx_word' id='word_1_318' title='bbox 467 4745 538 4807; x_wconf 93' lang='lat' dir='ltr'><strong>eius</strong></span> <span class='ocrx_word' id='word_1_319' title='bbox 558 4743 692 4808; x_wconf 85' lang='lat' dir='ltr'><strong>eibos..</strong></span> <span class='ocrx_word' id='word_1_320' title='bbox 711 4743 808 4822; x_wconf 85' lang='lat' dir='ltr'><strong>Quod</strong></span> <span class='ocrx_word' id='word_1_321' title='bbox 823 4744 911 4808; x_wconf 89' lang='lat' dir='ltr'><strong>haud</strong></span> <span class='ocrx_word' id='word_1_322' title='bbox 934 4743 1046 4807; x_wconf 87' lang='lat' dir='ltr'><strong>minus</strong></span> <span class='ocrx_word' id='word_1_323' title='bbox 1063 4743 1217 4807; x_wconf 89' lang='lat' dir='ltr'><strong>Tiberius</strong></span> <span class='ocrx_word' id='word_1_324' title='bbox 1233 4767 1334 4831; x_wconf 91' lang='lat' dir='ltr'><strong>quam</strong></span> <span class='ocrx_word' id='word_1_325' title='bbox 1364 4745 1441 4808; x_wconf 88' lang='lat' dir='ltr'><strong>Piso</strong></span> <span class='ocrx_word' id='word_1_326' title='bbox 1461 4744 1626 4809; x_wconf 80' lang='lat' dir='ltr'><strong>abnuere¹</strong></span> 
     </span>
    </p>
   </div>
   <div class='ocr_carea' id='block_1_3' title="bbox 342 4903 1628 5033">
    <p class='ocr_par' dir='ltr' id='par_1_3' title="bbox 342 4903 1628 5033">
     <span class='ocr_line' id='line_1_38' title="bbox 375 4903 1628 4960; baseline 0.002 -11"><span class='ocrx_word' id='word_1_327' title='bbox 375 4905 382 4937; x_wconf 87' lang='lat'><strong>¹</strong></span> <span class='ocrx_word' id='word_1_328' title='bbox 400 4904 470 4957; x_wconf 81' lang='lat' dir='ltr'><strong>Quid</strong></span> <span class='ocrx_word' id='word_1_329' title='bbox 490 4903 633 4950; x_wconf 89' lang='lat' dir='ltr'><strong>abnuerint</strong></span> <span class='ocrx_word' id='word_1_330' title='bbox 648 4903 772 4949; x_wconf 85' lang='lat' dir='ltr'><strong>Tiberius</strong></span> <span class='ocrx_word' id='word_1_331' title='bbox 790 4913 818 4950; x_wconf 84' lang='lat' dir='ltr'><strong>et</strong></span> <span class='ocrx_word' id='word_1_332' title='bbox 834 4903 894 4950; x_wconf 77' lang='lat' dir='ltr'><strong>l&#39;iso</strong></span> <span class='ocrx_word' id='word_1_333' title='bbox 911 4918 964 4950; x_wconf 90' lang='lat' dir='ltr'><strong>non</strong></span> <span class='ocrx_word' id='word_1_334' title='bbox 980 4905 1055 4950; x_wconf 92' lang='lat' dir='ltr'><strong>certo</strong></span> <span class='ocrx_word' id='word_1_335' title='bbox 1075 4903 1184 4960; x_wconf 86' lang='lat' dir='ltr'><strong>scimus,</strong></span> <span class='ocrx_word' id='word_1_336' title='bbox 1204 4918 1265 4952; x_wconf 87' lang='lat' dir='ltr'><strong>cum</strong></span> <span class='ocrx_word' id='word_1_337' title='bbox 1287 4903 1337 4951; x_wconf 88' lang='lat' dir='ltr'><strong>hoe</strong></span> <span class='ocrx_word' id='word_1_338' title='bbox 1355 4903 1414 4952; x_wconf 91' lang='lat' dir='ltr'><strong>loco</strong></span> <span class='ocrx_word' id='word_1_339' title='bbox 1435 4905 1470 4954; x_wconf 85' lang='lat' dir='ltr'><strong>sit</strong></span> <span class='ocrx_word' id='word_1_340' title='bbox 1487 4904 1581 4954; x_wconf 81' lang='lat' dir='ltr'><strong>lacuna</strong></span> <span class='ocrx_word' id='word_1_341' title='bbox 1601 4906 1628 4958; x_wconf 86' lang='lat' dir='ltr'><strong>in</strong></span> 
     </span>
     <span class='ocr_line' id='line_1_39' title="bbox 342 4982 841 5033; baseline -0.004 0"><span class='ocrx_word' id='word_1_342' title='bbox 342 4984 446 5033; x_wconf 85' lang='lat' dir='ltr'><strong>codiee.</strong></span> <span class='ocrx_word' id='word_1_343' title='bbox 463 4982 502 5030; x_wconf 86' lang='lat' dir='ltr'><strong>Ct.</strong></span> <span class='ocrx_word' id='word_1_344' title='bbox 520 4982 841 5032; x_wconf 65' lang='lat' dir='ltr'><strong>ltu-rmnonuttmnmsar.</strong></span> 
     </span>
    </p>
   </div>
   <div class='ocr_carea' id='block_1_4' title="bbox 1409 5339 1767 5516">
    <p class='ocr_par' dir='ltr' id='par_1_4' title="bbox 1409 5339 1767 5516">
     <span class='ocr_line' id='line_1_40' title="bbox 1409 5339 1767 5516; baseline 0 0"><span class='ocrx_word' id='word_1_345' title='bbox 1409 5339 1767 5516; x_wconf 54' lang='lat' dir='ltr'><strong>&#39;NJ</strong></span> 
     </span>
    </p>
   </div>
   <div class='ocr_carea' id='block_1_5' title="bbox 0 0 1860 6232">
    <p class='ocr_par' dir='ltr' id='par_1_5' title="bbox 0 0 1860 6232">
     <span class='ocr_line' id='line_1_41' title="bbox 0 0 1860 6232; baseline 0 0"><span class='ocrx_word' id='word_1_346' title='bbox 0 0 1860 6232; x_wconf 95' lang='lat' dir='ltr'><strong> </strong></span> 
     </span>
    </p>
   </div>
  </div>
 </body>
</html>
