3709 6234
783 850 945 904 ANTONIVS
965 851 1083 903 PRIMVS

333 991 494 1056 Hormine
509 991 542 1054 id
567 991 743 1078 ingenium
759 991 940 1078 (militibus
960 991 1213 1057 exhortationes
1242 991 1471 1059 abnuentibus
1488 993 1572 1058 Cre-

332 1121 469 1163 monam
502 1099 773 1184 monstravisse).
811 1108 850 1164 ut
882 1098 1030 1164 Messala
1063 1098 1178 1180 tradit,
1208 1123 1250 1164 an
1275 1100 1386 1187 potior
1400 1109 1519 1165 auctor
1531 1099 1573 1164 sit

333 1206 371 1272 C.
391 1205 534 1285 Plinius,
559 1206 615 1293 qui
645 1206 836 1270 Antonium
858 1206 1004 1282 incusat,
1023 1205 1113 1271 haud
1147 1205 1244 1272 facile
1259 1206 1491 1288 discreverim,
1510 1205 1574 1272 nisi

333 1312 423 1402 quod
438 1336 548 1401 neque
564 1313 737 1377 Antonius
758 1336 867 1402 neque
883 1313 1033 1379 llormus
1044 1337 1062 1377 a
1074 1313 1163 1378 laura
1179 1313 1315 1402 vitaque
1342 1337 1403 1379 sua
1418 1313 1574 1403 quamvis

332 1421 479 1509 pessimo
494 1420 623 1506 llagitio
635 1419 897 1506 degeneravere.
919 1459 960 1469 -
979 1420 1040 1502 ΙΙΙ,
1061 1444 1113 1508 29.
1133 1421 1346 1486 Acerrimum
1364 1421 1482 1486 tertiae
1503 1445 1574 1509 sep·

332 1528 502 1615 timaeque
518 1527 689 1614 legionum
707 1534 889 1605 certamen,
908 1534 941 1592 et
961 1527 1030 1591 dux
1046 1528 1219 1592 Antonius
1233 1549 1310 1592 curn
1327 1527 1468 1594 delectis
1479 1529 1575 1594 auxi-

334 1633 476 1698 liaribus
494 1633 612 1699 eodem
628 1633 840 1699 incubuerat.
857 1670 901 1682 -
917 1633 978 1713 lll,
998 1634 1050 1698 30.
1070 1633 1156 1722 llapi
1174 1634 1270 1720 ignes
1290 1634 1463 1699 Antonius
1476 1634 1576 1700 inler-

334 1742 430 1831 rique
460 1742 709 1807 amoenissimis
734 1749 829 1807 extra
844 1740 963 1807 urbem
979 1741 1141 1806 aedificiis
1156 1741 1262 1824 iubet,
1280 1741 1309 1805 si
1328 1741 1576 1806 damnorerum

332 1873 470 1915 suarum
487 1849 734 1915 Cremonenses
750 1850 792 1914 ad
808 1848 1007 1914 mutandam
1025 1849 1125 1913 fidem
1146 1849 1413 1915 traherentur-
1437 1848 1499 1930 lll,
1522 1851 1575 1916 31.

334 1957 415 2022 Mox
442 1957 633 2023 velamenta
651 1965 685 2022 et
704 1955 830 2021 insulas
860 1980 920 2044 pro
939 1957 1045 2021 muris
1064 1964 1238 2022 ostentant
1252 1955 1470 2045 (Vitelliani).
1491 1959 1579 2024 (jum

334 2066 505 2130 Antonius
542 2063 687 2129 inhiberi
721 2064 787 2129 tela
813 2064 981 2144 iussisset,
1008 2064 1105 2152 signa
1139 2063 1339 2153 aquilasque
1377 2065 1573 2131 extulere...

334 2173 478 2238 Obstitit
499 2171 672 2237 Antonius
706 2172 787 2257 (irae
813 2171 961 2237 militum
977 2172 1012 2235 in
1025 2171 1221 2259 Caecinam)
1250 2171 1407 2260 datisque
1424 2172 1578 2238 delenso·

335 2280 430 2345 ribus
444 2280 486 2345 ad
497 2279 744 2368 Vespasianum
761 2279 901 2345 dimisit.
920 2318 963 2329 -
978 2278 1039 2356 ΙΙΙ,
1060 2279 1113 2343 32.
1132 2278 1255 2367 (Capta
1271 2278 1453 2367 Cremona)
1476 2303 1578 2345 voca·

337 2396 389 2453 tos
406 2387 450 2452 ad
470 2386 664 2452 contionem
681 2387 854 2452 Antonius
875 2386 1080 2475 adloquitur,
1099 2386 1278 2473 magnifice
1292 2387 1454 2469 victores,
1470 2387 1578 2454 victos

338 2495 534 2574 elementer,
561 2494 601 2559 de
627 2494 792 2559 Cremona
825 2494 858 2558 in
887 2501 1088 2560 neutrum...
1106 2494 1217 2558 Ceteri
1243 2494 1347 2559 duces
1366 2495 1401 2559 in
1418 2492 1576 2570 obscuro,

336 2602 525 2666 Antonium
538 2602 672 2667 lortuna
684 2601 840 2689 tantaque
855 2601 1006 2665 omnium
1019 2600 1127 2665 oeulis
1138 2607 1382 2687 exposuerat...
1393 2637 1439 2651 —
1450 2600 1512 2680 ΙΙΙ,
1522 2599 1575 2678 34.

336 2709 509 2774 Antonius
543 2708 672 2796 pudore
697 2709 828 2794 llagitii,
859 2708 1094 2774 crebrescente
1122 2708 1262 2788 invidia,
1298 2707 1405 2773 edixit
1438 2731 1481 2774 ne
1504 2707 1579 2797 quis

338 2816 603 2882 Cremonensem
618 2815 789 2904 captivum
805 2815 982 2882 detineret.
1003 2853 1043 2864 -
1065 2815 1125 2885 lll.
1150 2818 1207 2905 49.
1242 2815 1379 2880 Primus
1406 2815 1579 2880 Antonius

338 2946 552 3012 nequaquam
580 2924 652 3011 pari
682 2923 873 2988 innocentia
903 2930 980 3010 post
996 2922 1199 2988 Cremonam
1219 2923 1352 3011 agebat.
1369 2961 1413 2973 -
1433 2921 1496 3004 lll,
1523 2925 1576 2988 52.

339 3031 490 3095 Antonio
510 3029 720 3118 ducibusque
751 3030 898 3116 partium
932 3031 1103 3117 praemitti
1132 3031 1264 3118 equites
1279 3053 1482 3119 omnemque
1497 3029 1579 3094 Vm·

340 3139 448 3204 briam
476 3137 646 3225 explorari
665 3137 805 3226 placuit,
838 3138 866 3201 si
887 3162 955 3226 qua
984 3138 1181 3227 Appennini
1197 3138 1275 3226 iuga
1290 3137 1493 3204 clementius
1507 3136 1580 3203 adi·

340 3255 498 3312 rentur...
517 3245 624 3310 Erant
653 3246 739 3309 inter
755 3245 857 3310 duces
879 3247 939 3334 qui
963 3253 1137 3311 necterent
1157 3268 1294 3312 moras:
1316 3245 1441 3334 quippe
1454 3245 1579 3310 nimius

340 3354 407 3418 iam
441 3353 614 3418 Antonius
642 3359 674 3416 et
700 3353 843 3417 certiora
870 3377 912 3417 ex
940 3353 1098 3418 blociano
1151 3353 1385 3440 sperabantur.
1424 3352 1578 3441 Namque

341 3461 520 3525 Mucianus
556 3467 623 3524 tarn
658 3458 758 3523 celeri
788 3460 928 3525 victoria
963 3461 1125 3526 anxius..
1156 3460 1199 3525 ad
1226 3460 1376 3525 Primum
1403 3467 1437 3524 et
1453 3458 1579 3525 Varum

341 3567 451 3632 media
480 3565 734 3654 scriptitabat...
766 3566 913 3632 Plotium
949 3567 1158 3654 Gripbum...
1182 3574 1378 3656 ceterosque
1407 3564 1473 3631 sibi
1494 3566 1580 3632 lidos

342 3676 491 3763 apertius
518 3675 660 3742 monuit.
690 3673 790 3761 bique
835 3697 953 3738 omnes
977 3674 1019 3738 de
1046 3674 1261 3740 testinatione
1291 3673 1396 3739 Primi
1424 3696 1463 3739 ae
1501 3672 1582 3738 Vari

342 3782 478 3846 sinistre
494 3789 527 3846 et
544 3782 701 3845 blociano
720 3781 868 3846 volentia
896 3782 1110 3868 rescripsere.
1138 3781 1269 3860 Quibus
1284 3779 1440 3868 epistulis
1453 3779 1581 3868 Vespa·

343 3890 439 3953 siano
466 3889 578 3952 missis
598 3889 764 3962 ell'ecerat,
791 3897 910 3952 utnon
932 3912 992 3976 pro
1022 3913 1081 3977 spe
1108 3889 1250 3954 Antonii
1266 3887 1405 3953 consilia
1426 3887 1581 3975 tactaque

344 3997 416 4061 eius
432 3996 701 4060 aestimarentur.
719 4032 763 4045 -
781 3994 841 4072 ΙΙΙ,
855 3995 908 4060 53,
925 3997 1037 4082 Aegre
1065 3996 1098 4059 id
1122 3997 1192 4083 pati
1212 3996 1384 4062 Antonius
1396 4001 1431 4060 et
1446 3995 1579 4085 eulpam

345 4104 379 4168 in
397 4102 592 4168 Mucianum
622 4102 835 4181 conterre...;
865 4125 925 4167 nee
948 4103 1162 4168 sermonibus
1183 4104 1407 4192 temperabat,
1423 4101 1577 4169 immodi-

345 4234 405 4275 cus
420 4210 535 4295 lingua
553 4218 586 4273 et
600 4208 755 4297 obsequii
783 4209 943 4275 insolens.
963 4211 1108 4276 Litteras
1124 4212 1165 4276 ad
1185 4211 1432 4300 Vespasianum
1447 4233 1575 4300 compo

346 4319 452 4384 suit...
487 4317 556 4381 Nee
587 4316 734 4382 lelellere
755 4342 792 4381 ea
810 4317 1021 4390 Mucianum:
1039 4318 1116 4384 inde
1131 4343 1252 4407 graves
1268 4319 1473 4402 simultatm,
1498 4341 1573 4409 qum

346 4425 518 4491 Antonius
570 4423 769 4511 simplicius,
820 4425 999 4490 Mucianus
1035 4425 1156 4492 callide
1192 4451 1300 4517 eoque
1337 4427 1571 4518 implacabiliu·

347 4532 528 4598 nutriebat.
547 4532 667 4606 -ΙΙΙ,
700 4534 753 4607 al.
781 4531 849 4597 Nec
865 4532 1098 4621 exploratione
1114 4535 1247 4601 occulta
1265 4534 1381 4601 fallere
1394 4537 1569 4603 Antonino

349 4641 525 4728 temptavit
542 4639 664 4726 (lulius
683 4641 840 4724 Agrestis
856 4664 874 4704 a
895 4639 1033 4705 l'itellio
1053 4642 1233 4731 missus)...
1257 4681 1302 4695 -
1318 4642 1378 4724 lll,
1393 4645 1447 4734 59.
1466 4643 1566 4710 Flavi

348 4771 481 4836 queque
514 4747 640 4811 Sabino
675 4772 711 4811 ae
751 4747 942 4812 ltnmitiano
967 4750 1118 4836 patuisse
1149 4751 1309 4836 ellugium
1340 4751 1396 4840 (ex
1418 4750 1565 4818 Romae«

347 4856 449 4921 duces
463 4855 655 4944 Flavianos)
671 4854 769 4920 multi
786 4855 965 4938 tradidere,
989 4865 1023 4921 et
1045 4857 1141 4921 missi
1156 4857 1198 4923 ab
1218 4859 1369 4924 Antonio
1393 4859 1504 4926 nuntii
1526 4881 1563 4949 pe

347 4962 458 5028 varias
487 4961 624 5028 fallendi
649 4972 739 5030 artes
768 4963 1003 5052 penetrabant,
1035 4963 1147 5029 locum
1175 4989 1213 5030 ae
1248 4966 1457 5056 praesidium
1472 4989 1561 5034 mom
