3709 6234
369 877 416 932 tol
902 884 945 938 Μ’.
965 884 1102 937 LEPIDVS

410 1013 547 1070 senatus
566 1005 683 1071 Cassio
708 1014 741 1071 ct
764 1005 879 1070 Silano
907 1005 1007 1071 exilia
1026 1006 1271 1088 decernuntur;
1299 1007 1339 1072 de
1363 1006 1488 1094 Lepida
1517 1005 1642 1071 Caesar

409 1119 583 1180 statueret.

364 1218 546 1298 LEPIDA,
564 1244 597 1287 v.
616 1220 810 1287 DOMITIA
828 1221 1010 1286 LEPIDA.

365 1325 557 1392 LEPIDVS
572 1327 616 1411 (A
619 1327 664 1414 )¹.
683 1367 725 1377 -
741 1327 772 1408 3,
796 1353 849 1418 27.
867 1329 905 1393 L.
924 1327 1018 1394 Sulla
1047 1326 1203 1403 dictator,
1230 1327 1367 1393 abolitis
1391 1327 1445 1392 vel
1466 1330 1644 1394 conversis

409 1433 577 1518 prioribus
607 1434 823 1523 (legibusl...,
847 1436 953 1501 otium
974 1436 1046 1500 eius
1068 1435 1115 1499 rei
1143 1435 1232 1500 haud
1261 1436 1295 1499 in
1322 1434 1463 1522 longum
1494 1437 1641 1523 paravit,

409 1542 523 1606 statim
538 1542 683 1606 turbidis
695 1542 813 1630 Lepidi
828 1541 1102 1630 rogationibus...

366 1648 577 1715 LEPlDVS²
601 1650 672 1737 (B).
704 1673 803 1730 -1,
836 1674 863 1716 r.
901 1650 1018 1715 Cito...
1044 1649 1165 1737 Lepidi
1191 1657 1291 1738 atque
1316 1650 1457 1714 Antonii
1486 1673 1580 1716 arma
1608 1651 1643 1715 in

410 1755 604 1843 Augustum
629 1780 772 1824 cessere.
788 1797 832 1806 -
852 1782 879 1834 r,
896 1781 926 1823 α.
951 1758 1103 1824 ExutO...
1127 1756 1265 1844 Lepide,
1279 1755 1455 1822 interiecto
1477 1758 1641 1837 Antonio,

409 1886 450 1927 ne
467 1862 606 1929 Iulianis
629 1864 766 1953 quidem
786 1864 941 1953 partibus
968 1865 1033 1929 nisi
1054 1863 1179 1930 Caesar
1203 1864 1273 1928 dux
1296 1863 1458 1952 reliquus.
1486 1904 1529 1914 —
1553 1887 1581 1939 r,
1607 1889 1641 1953 9.

409 1968 489 2055 (Qui
509 1971 614 2035 vitam
630 1971 778 2059 Augusti
798 1971 1019 2048 extollebant,
1036 1969 1277 2037 asseverabant
1291 1971 1382 2058 eum)
1409 1972 1515 2037 multa
1533 1972 1643 2037 Anto-

410 2078 477 2158 nin,
495 2078 574 2143 dum
595 2077 827 2144 interfectores
846 2080 952 2168 patris
970 2061 1206 2158 ulcisceretur,¹
1229 2077 1336 2144 multa
1364 2078 1490 2166 Lepido
1505 2102 1644 2145 conces·

339 2217 343 2228 ·
410 2186 506 2252 sisse.
533 2226 577 2236 —
605 2211 633 2268 1,
664 2211 713 2253 ro.
749 2186 829 2271 (Qui
858 2187 964 2252 vitam
1005 2187 1156 2273 Augusti
1188 2185 1385 2273 arguebant,
1428 2185 1641 2275 dicebant)...

411 2292 573 2380 Lepidum
590 2294 701 2383 specie
715 2294 881 2360 amicitiae
898 2294 1116 2383 (deceptum).

366 2399 425 2467 Μ’.
449 2401 653 2482 LEPIDVS,
674 2401 957 2468 1.El³11)VS³.-
984 2426 1010 2480 ι,
1043 2402 1092 2467 13.
1122 2404 1341 2489 Augustus...
1373 2400 1448 2466 M’.·'·
1477 2401 1642 2489 Lepidum

409 2508 541 2573 dixerat
580 2531 737 2596 capacem
776 2508 937 2596 (imperii)
975 2508 1034 2574 sed
1069 2515 1318 2596 aspernantem.
1349 2547 1392 2556 -
1420 2507 1452 2582 3,
1492 2532 1541 2575 ιι.
1572 2508 1644 2573 Reo

411 2615 489 2699 (Cn.
515 2615 687 2703 Pisoni)...
717 2614 793 2680 M'.⁵
827 2615 975 2703 Lepidus
1001 2624 1034 2681 et
1059 2616 1097 2681 L.
1130 2616 1208 2679 Piso
1235 2623 1269 2680 ct
1302 2615 1476 2681 Livineius
1491 2615 1644 2701 Regulus

409 2722 574 2809 (patroni)
606 2721 753 2788 adsuere.
785 2759 830 2770 -
857 2723 887 2802 3,
921 2746 974 2787 22.
1008 2722 1176 2810 Lepida...
1216 2722 1405 2788 defertur...
1443 2722 1644 2788 defendente

410 2852 501 2893 ream
526 2827 640 2892 Manio
663 2828 788 2916 chido
809 2828 922 2895 fratre.
946 2867 987 2878 —
1009 2828 1041 2908 3,
1060 2831 1115 2895 35.
1138 2829 1297 2894 Proximo
1315 2837 1453 2895 senatus
1477 2829 1530 2893 die
1545 2828 1645 2895 Tibe·

411 2936 481 3000 rius
501 2959 560 3023 per
580 2935 752 3001 litteras...
770 2933 846 2999 M’.⁶
866 2935 1032 3023 Lepidum
1056 2943 1090 3001 et
1116 2936 1248 3000 lunium
1265 2935 1423 3001 Blaesum
1439 2936 1639 3014 nominavit,

398 3066 451 3107 =ex
486 3044 562 3131 quis
588 3066 648 3130 pro
672 3042 814 3126 consule
841 3042 975 3108 Africae
1008 3044 1188 3128 legeretur.
1215 3042 1300 3108 Tum
1334 3043 1448 3109 audita
1467 3041 1644 3109 amborum

410 3148 524 3230 verba,
546 3150 709 3215 intentius
720 3157 903 3215 excusante
919 3173 955 3214 se
972 3148 1110 3238 Lepido,
1133 3172 1210 3214 cum
1235 3149 1465 3215 valetudinem
1478 3151 1642 3239 corporis,

409 3264 554 3322 aetatem
575 3256 732 3340 liberum,
751 3255 902 3321 nubilem
919 3256 1024 3321 liliam
1046 3255 1287 3323 obtenderet...
1314 3294 1356 3307 -
1383 3257 1415 3332 3,
1441 3259 1493 3323 50.
1517 3256 1644 3323 Contra

410 3364 598 3452 (Haterium
606 3364 793 3453 Agrippam
808 3387 864 3428 rco
876 3363 1028 3429 Clutorio
1041 3364 1196 3429 ultimum
1208 3364 1409 3451 supplicium
1424 3364 1643 3452 indicentem)

410 3472 485 3536 ts]
501 3470 648 3559 Lepidus
662 3472 696 3536 in
711 3472 801 3537 hunc
817 3471 956 3536 modum
968 3495 1108 3537 exorsus
1124 3479 1217 3537 est...
1236 3512 1277 3523 -
1299 3471 1330 3555 3,
1354 3470 1407 3537 51.
1431 3470 1532 3536 Solus
1546 3471 1644 3559 Lepi-

409 3578 451 3642 do
484 3578 660 3643 Rubellius
687 3579 876 3645 Blanduse
901 3579 1137 3644 consularibus
1166 3579 1375 3654 adsensit...,
1393 3578 1584 3667 ductusque
1608 3580 1642 3644 in

408 3708 575 3751 carcerem
598 3685 798 3772 (Clutorius)
821 3687 959 3751 Priscus
981 3709 1019 3750 ac
1044 3687 1160 3751 statim
1180 3687 1403 3751 exanimatus.
1428 3685 1466 3749 ld
1489 3685 1644 3751 Tiberius

411 3792 521 3857 solitis
538 3792 601 3857 sibi
621 3792 820 3879 ambagibus
845 3792 934 3881 apud
961 3801 1115 3858 senatum
1139 3794 1318 3862 incusavit.
1344 3816 1463 3858 cum...
1491 3792 1644 3858 laudaret

410 3899 573 3986 Lepidum
617 3923 724 3986 neque
749 3901 937 3987 Agrippam
967 3908 1134 3987 argueret.
1171 3937 1208 3949 -
1241 3901 1273 3980 A,
1293 3924 1345 3966 20.
1372 3899 1496 3964 Contra
1514 3900 1643 3985 (Asinii

409 4006 499 4070 Galli
519 4007 735 4092 sententiam)
753 4005 827 4072 Μ’.8
841 4006 987 4095 Lepidus
1002 4015 1158 4096 quartam
1171 4007 1352 4093 (bonorum
1369 4008 1484 4072 Sosiae
1498 4009 1643 4095 partem)

398 4260 404 4291 ¹
424 4259 461 4306 Μ.
474 4260 605 4307 Aemilius
626 4262 751 4323 Lepidus,
768 4277 821 4313 ros.
837 4279 861 4310 a..
874 4264 921 4325 070
932 4283 962 4307 =
974 4264 1011 4327 78.

395 4339 405 4371 '·'
423 4339 458 4386 Μ.
476 4342 607 4388 Aemilius
624 4342 741 4404 Lepidus
760 4344 894 4392 triumvir.
909 4344 1032 4394 Pnosor„
1049 4346 1082 4392 A.
1099 4344 1154 4401 210.

394 4418 527 4468 litanias
549 4423 679 4469 Aemilius
703 4424 828 4485 Lepidus.
848 4424 971 4478 l‘aosor..
991 4426 1023 4480 A,
1045 4431 1099 4480 24².
1119 4425 1158 4472 De
1184 4426 1275 4472 Manio
1298 4428 1325 4472 ct
1348 4425 1440 4471 Ilurco
1462 4425 1513 4482 (B)
1535 4422 1644 4483 Lepidis

364 4501 451 4563 dcquc
463 4502 548 4549 'l'uciti
562 4503 682 4550 {oestrum
696 4505 766 4551 inter
785 4508 929 4567 utramque
944 4505 1146 4554 distributione.
1161 4507 1194 4553 el'.
1204 4506 1523 4556 Nterminiis-Amaumas,
1532 4502 1565 4550 ad
1576 4501 1643 4559 Lite,

363 4582 407 4643 qui
424 4587 532 4629 secutus
547 4587 589 4630 cst
605 4583 786 4636 Bormrrusrru.
799 4600 853 4647 ορ..
868 4585 901 4636 V.
915 4586 969 4646 287,
987 4601 1047 4646 sqq.
1063 4585 1153 4646 Nepos
1175 4586 1211 4632 Μ.
1226 4586 1333 4633 Aemilii
1354 4584 1447 4647 Lepidi
1466 4583 1610 4631 triumuiri.

396 4662 406 4696 ⁴
422 4661 447 4713 Μ
461 4676 467 4710 :
483 4662 518 4709 Μ,
532 4663 607 4710 tlorr.
623 4663 740 4724 Lipsius.

395 4741 447 4793 5Μ
462 4759 467 4790 :
484 4742 520 4790 Μ.
538 4742 612 4791 Corr.
631 4744 745 4805 Lipsius.

396 4823 407 4856 s·
427 4822 471 4874 M:
489 4824 527 4873 Μ.
543 4824 617 4873 Corr.
634 4824 749 4885 I.ipsius.

397 4902 407 4936 ⁷
424 4903 447 4953 Μ
465 4918 470 4950 ;
490 4903 526 4951 Μ.
540 4904 616 4951 Corr.
631 4904 748 4965 Lipsius.

396 4982 408 5017 ⁸
424 4982 450 5034 Μ
464 4999 469 5030 :
484 4984 521 5030 Μ.
535 4984 610 5033 Corr.
627 4983 742 5045 Lipsius.
