3709 6234
281 864 336 923 718
813 871 1030 925 vtsetstaavs

326 1010 477 1098 Vitellio)
495 1010 706 1077 adulationes
721 1036 782 1099 pro
804 1013 1011 1101 Vespasiano
1027 1012 1138 1077 fore...
1158 1002 1196 1076 ld
1218 1011 1343 1078 Sabino
1368 1012 1571 1088 convenire,

324 1127 363 1184 ut
391 1119 569 1206 imperium
597 1118 692 1185 fratri
719 1128 917 1195 reservaret,
950 1120 984 1185 id
1014 1119 1235 1208 Vespasium,
1266 1127 1305 1184 ut
1345 1120 1450 1185 ceteri
1491 1127 1573 1208 post

324 1226 487 1292 Sabinum
513 1226 727 1293 haberentur.
754 1251 830 1290 r-
846 1227 907 1309 ΙΙΙ,
932 1226 987 1294 65.
1011 1227 1148 1292 Flavius
1169 1226 1316 1292 Sabinus
1335 1234 1447 1292 aetate
1475 1227 1571 1315 prior

322 1334 464 1421 privatis
494 1334 670 1424 utriusque
699 1334 800 1400 rebus
833 1335 1034 1400 auctoritate
1074 1334 1284 1423 pecuniaque
1314 1334 1568 1422 Vespasianum

324 1441 487 1523 anteibat,
518 1449 551 1507 et
579 1441 779 1507 credebatur
815 1441 982 1506 adfectam
1025 1442 1098 1507 eius
1145 1441 1247 1505 sidem
1291 1464 1388 1530 parce
1432 1441 1565 1507 iuvisse

321 1548 422 1612 domo
447 1549 606 1637 agrisque
630 1549 764 1638 pignori
789 1550 949 1637 acceptis.
974 1586 1016 1620 -,-
1038 1548 1099 1628 ΙΙΙ,
1127 1548 1179 1613 66.
1204 1548 1301 1627 Quod
1316 1549 1345 1612 si
1367 1556 1439 1613 tarn
1465 1548 1566 1614 facile

323 1680 460 1721 suorum
481 1664 612 1722 mentes
628 1658 777 1722 flexisset
789 1656 959 1740 vitellius,
971 1679 1072 1745 quam
1083 1657 1155 1744 ipse
1169 1663 1326 1733 cesserat,
1344 1655 1565 1721 incruentam

321 1763 439 1828 urbem
456 1764 654 1852 Vespasiani
667 1765 837 1830 exercitus
866 1765 1037 1830 intrasset.
1062 1764 1220 1830 Ceterum
1239 1772 1277 1828 ut
1296 1763 1438 1853 quisque
1453 1763 1565 1829 Vitel-

322 1872 367 1936 lio
381 1871 480 1950 lidus,
498 1872 544 1937 ita
559 1895 675 1960 pacem
692 1879 725 1937 et
743 1871 960 1936 condiciones
980 1870 1213 1937 abnuebant...
1236 1890 1243 1936 :
1267 1896 1283 1935 «
1303 1870 1413 1938 ...Nec
1428 1877 1563 1936 tantam

285 1994 287 1998 ‘
322 1979 530 2068 Vespasiano
552 1979 758 2068 superbiam,
790 1988 827 2045 ut
860 1980 1032 2068 privatum
1060 1979 1233 2045 Vitellium
1262 1986 1477 2068 pateretur...
1497 1978 1562 2043 Vbi

322 2087 498 2176 imperium
513 2087 743 2177 Vespasianus
770 2087 942 2160 invaserit,
974 2111 1041 2152 non
1065 2088 1142 2176 ipsi,
1169 2111 1237 2152 non
1253 2087 1369 2152 amicis
1388 2086 1474 2154 eius.
1493 2109 1562 2150 uon

320 2194 465 2283 denique
489 2194 692 2261 exercitibus
712 2195 928 2273 securitatem
949 2195 1013 2259 nisi
1029 2195 1197 2259 exstincto
1213 2194 1418 2259 aemulatore
1432 2193 1563 2258 reditu-

319 2325 433 2368 ram...
462 2301 535 2366 Nisi
564 2302 647 2367 torte
676 2301 907 2389 Vespasianus
953 2301 1090 2368 altiores
1127 2302 1266 2389 spiritus
1302 2307 1396 2388 gerat
1440 2300 1560 2389 (quam

320 2409 444 2475 Caesar
467 2417 501 2475 et
524 2408 730 2496 Augustus),
759 2408 830 2494 (L)
859 2407 988 2473 Vitellii
1013 2407 1129 2488 cliens,
1152 2431 1228 2473 curn
1249 2407 1407 2473 Vitellius
1426 2407 1561 2495 collega

320 2515 462 2582 Claudio
478 2515 565 2581 foret
583 2539 612 2581 u.
631 2554 674 2564 —
690 2514 750 2595 ΙΙΙ,
768 2513 823 2605 69.
840 2514 949 2603 lgitur
964 2523 1137 2603 tamquam
1164 2515 1275 2580 omnis
1292 2538 1345 2579 res
1365 2513 1505 2603 publica
1524 2514 1561 2579 in

319 2624 518 2711 Vespasiani
538 2624 650 2688 sinum
674 2621 864 2695 cecidisset,
887 2623 1053 2711 primores
1075 2630 1253 2689 senatus...
1280 2622 1419 2688 domum
1448 2621 1562 2688 Flavii

318 2729 434 2796 Sabini
467 2731 720 2820 complevere...
755 2730 879 2794 Arcem
901 2730 1060 2817 Capitolii
1082 2729 1206 2795 insedit
1224 2729 1562 2816 (FlaviusSabinus)

308 2839 424 2904 'mixto
459 2838 565 2904 milite
595 2845 628 2902 et
666 2836 870 2925 quibusdam
907 2845 1103 2903 senatorum
1141 2838 1370 2926 equitumque,
1411 2860 1560 2925 quorum

318 2946 453 3012 nomina
473 2945 603 3011 tradere
618 2944 708 3010 haud
732 2952 926 3033 promptum
947 2952 1008 3023 est,
1029 2944 1188 3034 quoniam
1203 2944 1329 3010 victore
1346 2943 1560 3032 Vespasiano

193 3056 196 3065 '
317 3053 415 3119 multi
434 3053 468 3118 id
484 3053 640 3118 meritum
661 3075 739 3138 erga
769 3058 881 3140 partes
910 3052 1124 3118 simulavere.
1157 3090 1199 3100 —
1230 3051 1290 3125 ΙΙΙ,
1314 3075 1366 3140 70.
1386 3050 1558 3139 (Flavius)

315 3160 502 3229 Sabinus...
521 3158 715 3225 Cornelium
736 3159 970 3226 Martialem...
988 3160 1030 3223 ad
1045 3159 1219 3225 Vitellium
1248 3159 1341 3223 misit
1360 3181 1438 3223 cuni
1457 3182 1559 3224 man·

314 3269 402 3333 datis
421 3276 455 3333 et
473 3276 594 3356 questu
612 3288 619 3331 ε
639 3296 654 3326 a
675 3267 807 3333 ...Dum
828 3266 917 3331 inter
933 3267 1178 3353 Vespasianum
1203 3290 1240 3330 ac
1257 3264 1433 3331 Vitellium
1455 3288 1557 3353 proe-

314 3376 367 3440 liis
387 3374 600 3462 legionum...
638 3374 815 3452 iudicatur,
847 3373 984 3438 fratrem
1010 3373 1209 3460 Vespasiani
1239 3373 1405 3436 mansisse
1431 3373 1556 3437 iulide

315 3479 513 3570 lVitellii)...
545 3481 619 3545 Non
654 3505 700 3552 se,
730 3506 830 3569 quein
856 3480 996 3568 pertidia
1024 3480 1204 3568 deceperit,
1222 3480 1308 3544 terro
1326 3487 1466 3566 peteret,
1486 3503 1556 3544 non

315 3589 420 3655 lilium
454 3589 652 3676 Vespasiani
687 3589 947 3675 (Domitianum)
974 3589 1032 3651 vix
1066 3588 1227 3675 puberem
1260 3616 1289 3652 ».
1323 3625 1364 3635 -
1407 3586 1465 3666 lll,
1499 3588 1553 3674 73.

313 3699 488 3783 (Quintius
504 3698 637 3761 Atticus
660 3695 793 3776 consul)
817 3696 926 3760 edicta
947 3696 980 3759 in
997 3695 1158 3783 populum
1182 3719 1242 3783 pro
1258 3693 1466 3780 Vespasiano
1484 3718 1556 3758 nia-

313 3808 448 3893 gnitica,
481 3804 640 3890 probrosa
680 3803 841 3866 adversus
870 3788 1044 3867 Vitellium
1073 3803 1205 3868 iecerat.
1231 3842 1273 3850 —
1309 3801 1368 3878 ΙΙΙ,
1388 3800 1442 3888 75.
1460 3802 1554 3866 Ante

314 3915 537 4001 principatum
568 3912 765 3997 Vespasiani
792 3911 895 3974 decus
926 3912 1048 3975 domus
1078 3934 1181 3997 penes
1208 3911 1370 3977 Sabinum
1393 3917 1478 3974 erat.
1511 3947 1554 3957 —

318 4020 377 4097 ΙΙΙ,
400 4045 453 4106 77.
474 4018 653 4106 (Mansisse
675 4018 708 4079 in
733 4018 918 4103 Campania
946 4018 982 4083 l..
998 4018 1025 4079 V
1030 4017 1172 4083 itellium
1195 4026 1271 4105 post
1285 4025 1416 4104 captam
1433 4016 1554 4081 Tarra·

313 4128 437 4211 cinam)
473 4125 618 4189 salutare
639 4146 706 4186 non
732 4125 832 4187 modo
861 4125 1013 4212 partibus
1029 4125 1241 4212 Vespasiani,
1263 4124 1321 4189 sed
1332 4124 1379 4189 rei
1395 4122 1552 4211 publicae

312 4236 384 4300 luit.
421 4274 459 4283 -
490 4232 548 4305 ΙΙΙ,
581 4232 634 4319 78.
663 4231 844 4316 Digressus
880 4232 1003 4296 Narnia
1034 4233 1231 4320 Vespasiani
1260 4232 1427 4296 exereitus
1445 4230 1552 4295 festos

312 4342 447 4409 Saturni
463 4340 535 4404 dies
555 4338 703 4402 Ocriculi
719 4362 777 4426 per
799 4340 903 4404 etium
927 4340 1086 4426 agitabat.
1101 4378 1144 4389 -
1160 4339 1219 4415 ΙΙΙ,
1245 4339 1298 4403 86.
1323 4338 1382 4403 llei
1394 4337 1552 4425 publicae

311 4447 518 4515 hauddubie
538 4447 699 4511 intererat
712 4447 886 4512 Vitellium
904 4448 1006 4527 vinci,
1029 4446 1088 4510 sed
1108 4448 1275 4533 imputare
1287 4445 1462 4532 pertidiam
1479 4467 1550 4510 non

312 4565 465 4646 possunt,
485 4554 541 4642 qui
556 4553 731 4618 Vitellium
749 4554 956 4640 Vespasiano
972 4553 1160 4641 prodidere,
1184 4577 1293 4618 cuma
1313 4551 1421 4617 Galba
1441 4551 1551 4617 desci-

311 4666 450 4729 vissent.
469 4661 586 4726 -lV.
607 4662 637 4726 3.
665 4662 711 4723 nt
738 4660 863 4725 ltemae
897 4669 1033 4726 senatus
1062 4670 1181 4726 cuncta
1214 4660 1423 4749 principibus
1448 4659 1551 4725 solita

312 4771 520 4859 Vespasiano
553 4767 745 4833 decernit...
780 4767 950 4833 Addidere
980 4770 1187 4835 alacritatem
1202 4768 1400 4856 Vespasiani
1414 4766 1551 4833 litterae

312 4891 483 4968 tamquam
501 4884 656 4941 manente
671 4873 761 4937 bello
778 4876 962 4963 scriptae...
981 4876 1139 4942 Ceterum
1156 4884 1192 4941 ut
1207 4877 1364 4965 princeps
1379 4872 1550 4961 loqueba--

314 4997 406 5053 tur...
427 4985 495 5073 lpsi
511 4982 707 5048 consulatus
727 5004 804 5046 cum
826 4982 900 5047 Tito
915 4983 984 5048 tilio
1005 4984 1236 5072 (decernitur).
1260 5021 1293 5034 -
1319 4981 1376 5057 lV,
1394 4982 1426 5057 Ι.
1446 4981 1552 5049 blise-
