3709 6234
822 857 1047 914 romorantes
1523 859 1578 918 693

341 1004 413 1065 tore
450 999 599 1067 exercitu
633 1000 779 1085 Treveri,
811 1023 886 1066 cum
917 1001 1037 1068 Civilis
1069 1009 1103 1069 et
1132 1003 1344 1072 Classicus...
1373 1042 1418 1061 -
1445 1005 1502 1086 lV,
1521 1006 1574 1096 76.

340 1107 485 1175 Tutor...
504 1097 745 1177 adfirrnabat..i
763 1131 872 1196 neque
887 1109 1044 1175 Treviros
1067 1119 1126 1177 aut
1147 1112 1317 1200 Lingonas
1342 1112 1577 1180 benevolentia

339 1217 526 1294 contineri;
553 1224 786 1304 resumpturos
807 1240 898 1282 arma
928 1216 986 1283 ubi
1014 1227 1124 1284 metus
1144 1218 1356 1287 abscesserit.
1381 1260 1425 1270 —
1441 1221 1498 1292 IV.
1520 1225 1574 1291 85.

340 1325 386 1390 ,u
410 1325 625 1389 Domitianus
646 1325 904 1413 Mucianusque,
941 1333 1123 1415 antequam
1138 1326 1284 1416 Alpibus
1297 1329 1575 1419 propinquarent,

339 1454 519 1520 prosperos
541 1455 651 1498 rerum
668 1433 701 1497 in
713 1432 867 1497 Treveris
878 1440 1050 1519 gestarum
1064 1435 1201 1500 nuntios
1216 1459 1385 1525 accepere.
1402 1475 1446 1487 —
1461 1435 1502 1515 V,
1527 1439 1575 1515 rt.

339 1540 386 1603 at
402 1539 522 1604 Civilis
540 1549 618 1628 post
634 1539 758 1605 malam
773 1542 807 1605 in
828 1540 984 1605 'Treveris
999 1565 1189 1629 pugnam...
1205 1581 1248 1591 -
1264 1542 1305 1623 V,
1335 1567 1385 1632 ¹9·
1401 1544 1577 1610 Transiere

340 1646 496 1712 Rhenum
515 1647 605 1734 (cum
623 1647 736 1735 Civili)
754 1649 859 1713 Tutor
877 1672 1012 1739 quoque
1027 1658 1061 1714 ot
1074 1649 1246 1715 Classicus
1262 1657 1295 1717 et
1314 1658 1450 1717 centurn
1467 1651 1576 1717 trede-

338 1754 404 1818 cim
421 1755 635 1819 Trevirorum
660 1763 845 1832 senatores,
876 1756 911 1820 in
927 1757 1004 1845 quis
1025 1756 1086 1823 luit
1102 1756 1262 1846 Alpinius
1286 1757 1512 1825 Montanus..
1533 1798 1577 1810 -

338 1860 379 1936 V,
409 1864 460 1938 al.
480 1861 621 1926 Cerialis
636 1886 696 1950 per
715 1863 866 1929 occultos
891 1864 1072 1930 nuntios...
1091 1864 1274 1930 Velaedam
1302 1867 1576 1956 propinquosque

338 1969 498 2034 monebat
523 1969 693 2035 fortunam
726 1969 844 2037 belli...
884 1979 1035 2050 mutare,
1071 1995 1186 2037 caesos
1216 1973 1383 2053 Treviros,
1424 1983 1576 2063 receptos

339 2076 484 2144 l'bios..
502 2116 545 2126 -
560 2081 599 2142 tl.
617 2080 670 2143 28.
689 2078 823 2143 Treveri
840 2085 873 2143 et
888 2078 1001 2144 Nervii
1017 2079 1103 2145 circa
1120 2080 1379 2147 adfectationem
1393 2082 1575 2147 Germani-

337 2208 394 2250 cae
406 2186 545 2272 0riginis
560 2185 649 2251 ultro
665 2185 836 2251 ambitiosi
856 2194 948 2260 sunt,
967 2195 1140 2277 tamquam
1155 2211 1214 2276 per
1234 2188 1319 2254 hanc
1334 2188 1477 2275 gloriam
1499 2213 1575 2255 san-

337 2294 449 2376 guinis
464 2317 481 2357 a
496 2293 718 2359 similitudine
731 2301 765 2359 et
780 2294 901 2359 inertia
918 2293 1095 2360 Gallorum
1111 2296 1338 2383 separentur¹.

293 2400 589 2474 'l'lllil'lllllCl'S,
618 2400 695 2467 VM.
718 2441 761 2451 -
778 2401 809 2482 3,
837 2405 891 2479 42.
924 2401 1087 2470 Florus...
1121 2426 1182 2468 sua
1204 2405 1455 2471 rnanucecidit.
1476 2407 1575 2495 lsque

337 2508 503 2576 'l'reverici
521 2508 687 2573 tumultus
709 2509 797 2574 linis
823 2510 923 2590 -V,
946 2534 996 2599 ¹7·
1016 2510 1083 2575 Nec
1108 2509 1227 2575 Civilis
1244 2512 1400 2578 silentem
1416 2514 1577 2581 instruxit

338 2617 485 2684 aciem...
507 2647 521 2676 «
542 2616 590 2682 Ne
607 2625 812 2682 terrerentur
826 2618 920 2682 vario
937 2618 1103 2683 Treverici
1122 2618 1241 2706 proelii
1256 2628 1421 2690 eventu...
1448 2649 1463 2681 u

295 2723 498 2791 Tltlaltln.
517 2723 694 2802 -11,63.
718 2725 944 2791 Cunctantem
969 2749 1070 2813 super
1086 2727 1271 2814 (delatione
1297 2726 1425 2793 Planeii
1446 2729 1525 2794 Vari
1540 2729 1574 2793 in

338 2831 532 2898 Cornelium
559 2831 785 2919 Dolabellam)
820 2833 975 2898 Flavium
1014 2833 1178 2899 Sabinum
1211 2835 1349 2915 Triaria,
1381 2836 1418 2903 L.
1447 2835 1575 2901 Vitellii

336 2964 433 3014 uxor,
465 2941 552 3007 ultra
582 2940 740 3006 seminam
771 2940 864 3007 ferox
886 2942 1016 3007 terruit.
1039 2980 1081 2991 —
1108 2941 1150 3020 ll,
1168 2942 1222 3020 64.
1241 2943 1387 3008 Triariae
1403 2942 1574 3009 licentiam

337 3048 559 3114 moclestumo
580 3050 735 3137 proximo
770 3048 964 3137 exemplum
995 3047 1168 3129 onerabat,
1194 3049 1328 3115 Galeria
1362 3051 1574 3139 imperatoris

336 3179 462 3223 uxor...
493 3165 569 3222 et...
605 3165 712 3221 mater
732 3155 945 3221 Vitelliorum
973 3156 1156 3222 Sextilia...
1178 3196 1221 3205 --
1238 3157 1297 3236 lll,
1321 3182 1373 3247 77.
1394 3158 1500 3223 Fuere
1514 3159 1573 3248 qui

335 3287 475 3329 uxorem
495 3265 533 3330 l..
551 3263 678 3329 Vitellii
703 3264 865 3329 Triariam
887 3264 1092 3342 incusarent,
1115 3272 1287 3352 tamquam
1303 3263 1418 3351 gladio
1435 3264 1573 3331 militari

335 3372 444 3437 cincta
469 3373 556 3436 inter
580 3371 750 3437 luctum...
787 3371 1211 3459 expugnataeTarracinae
1240 3372 1382 3459 superbe
1405 3395 1572 3462 saeveque

336 3481 473 3567 egisset.

291 3587 485 3653 l'ltlssocl.
511 3626 551 3637 -
577 3588 633 3660 ll',
669 3612 722 3675 7⁰·
748 3585 886 3676 (lulius)
913 3585 1018 3650 Tutor
1050 3586 1264 3651 Treuirorum
1293 3586 1420 3677 copias,
1446 3589 1573 3654 recenti

336 3695 564 3782 l'angionurn,
578 3695 821 3774 Caeracatium,
833 3692 1052 3758 Tribocorum
1063 3692 1188 3758 dilectu
1207 3702 1366 3761 auctas...
1381 3696 1569 3762 lirmauit...

336 3800 555 3890 (legionarii)
575 3802 717 3867 honesto
731 3800 919 3888 transfugio
940 3800 1079 3876 rediere,
1109 3802 1233 3866 secutis
1248 3801 1400 3867 Tribocis
1427 3803 1454 3864 V
1456 3803 1573 3889 angio-

336 3910 502 3999 nibusque
522 3919 554 3976 et
575 3909 827 3975 Caeracatibus.
856 3912 948 3973 -ll,
978 3908 1031 3973 28.
1065 3907 1175 3994 lpsam
1206 3907 1315 3973 ltbeni
1345 3910 1452 3998 ripam
1483 3909 1572 3975 haud

336 4018 436 4083 dubie
471 4018 717 4082 Germanorum
748 4015 864 4104 populi
905 4015 1033 4096 colunt,
1076 4013 1282 4102 Vangiones,
1328 4015 1473 4096 Triboci,
1504 4017 1572 4083 Ne-

335 4134 454 4191 metes
662 4167 669 4181 ·

290 4232 496 4299 TlllblllllV
499 4234 533 4299 S.
550 4273 592 4282 -
608 4238 625 4309 ά
633 4286 639 4308 ,
664 4256 717 4321 71.
733 4231 884 4319 (Iuliam)
900 4240 1036 4319 neptem
1060 4232 1238 4318 Augustus
1262 4231 1451 4298 convictam
1475 4232 1572 4299 adul-

336 4341 409 4407 terii
420 4340 641 4406 damnaverat
656 4341 907 4428 proieceratque
916 4341 951 4404 in
963 4338 1109 4404 insulam
1121 4339 1307 4404 Trimerum
1316 4339 1340 4415 ³²,
1354 4338 1570 4427 lraud'procul

335 4449 457 4536 Apulis
476 4448 644 4513 litoribus.

290 4555 557 4632 'Tltllll·]Tl''S,
577 4579 608 4621 v.
633 4555 877 4621 TlllMElll'S.

290 4662 618 4729 Tltla'ussnx'l‘sss.
650 4702 693 4711 —
726 4665 775 4739 ¹4·
794 4663 848 4727 31.
879 4662 998 4751 (Iceni)
1029 4662 1163 4749 rapiunt
1186 4685 1290 4732 arma.
1330 4662 1508 4757 commotis
1527 4660 1570 4727 ad

322 4912 329 4944 ¹
346 4911 378 4960 Υ.
394 4911 474 4957 etiarn
489 4910 534 4964 lt',
551 4928 580 4973 77
594 4911 635 4972 [dc
647 4911 827 4959 Treverorum
844 4913 970 4972 colonia).

321 4991 331 5027 ἰ’
350 4990 437 5042 lloilic
452 4990 573 5045 Treuriti.
591 4990 678 5050 Quare
694 5008 763 5042 corr.
782 4993 948 5050 l'reiuslreim
964 5009 969 5054 ς
988 4993 1146 5053 Trimetum.

192 5333 623 5529 A
