3709 6234
284 895 320 948 20
791 889 902 949 lullus
930 893 1060 948 seranus

327 1021 523 1109 effigiesque
554 1018 680 1086 circum
718 1022 873 1085 Caesaris
892 1043 931 1085 ac
950 1019 1064 1086 Seiani
1094 1042 1298 1085 censuere...
1329 1016 1419 1083 Satis
1450 1017 1562 1082 visum

331 1131 486 1198 omittere
516 1131 662 1196 insulam
692 1136 725 1194 ct
757 1129 791 1192 iu
818 1129 976 1216 proximo
1004 1129 1209 1217 Campaniae
1242 1128 1359 1215 aspici,
1377 1153 1416 1195 eo
1449 1129 1563 1196 venire

328 1249 454 1329 patrae,
492 1263 607 1328 equeS,
639 1261 762 1323 magna
791 1260 870 1325 pars
894 1236 1015 1325 plebis,
1045 1238 1137 1303 anxii
1158 1260 1238 1324 erga
1271 1237 1444 1320 Seianum,
1467 1236 1563 1303 cuius

328 1348 444 1413 durior
458 1369 672 1434 congressam,
695 1352 795 1432 atque
810 1368 849 1409 eo
869 1367 929 1432 per
943 1345 1108 1410 ambitum
1121 1353 1155 1410 et
1170 1346 1330 1411 societate
1345 1345 1561 1411 consiliorum

326 1455 548 1545 parabatur...
580 1492 621 1504 -—
647 1455 678 1529 5,
703 1452 733 1516 3.
768 1451 933 1516 lncolumi
953 1454 1108 1539 Augusta
1128 1459 1201 1518 erat
1227 1452 1335 1518 adhuc
1357 1453 1561 1542 perfugium,

328 1563 447 1651 quia...
465 1585 573 1652 neque
588 1561 731 1627 Seianus
747 1558 892 1625 audebat
907 1560 1101 1625 auctoritati
1113 1560 1264 1647 parentis
1277 1561 1397 1626 antire.
1413 1599 1453 1611 —
1479 1561 1510 1631 5.
1529 1563 1561 1637 ά.

331 1668 540 1735 Ferebantur
557 1668 658 1734 etiam
683 1667 746 1733 sub
772 1667 965 1734 nominibus
985 1667 1214 1734 consularium
1228 1668 1326 1735 lictae
1350 1669 1384 1734 in
1403 1667 1563 1734 Seianum

328 1775 527 1852 sentcntiae,
550 1775 785 1842 exercentibus
806 1775 976 1865 plerisque
992 1800 1051 1864 per
1070 1775 1240 1842 occultum
1258 1784 1360 1865 atque
1379 1801 1418 1842 co
1447 1799 1563 1863 proca-

328 1886 399 1950 cius
419 1882 594 1948 libidinem
624 1883 848 1970 ingeniorum.
871 1883 968 1948 Vnde
1003 1883 1051 1947 illi
1093 1884 1141 1948 ira
1172 1882 1392 1951 violentior...
1415 1926 1445 1936 -
1476 1881 1509 1962 5,
1528 1882 1561 1946 6.

330 2022 345 2053 a
373 1992 456 2056 Mihi
469 1992 632 2078 pudorem
648 1999 705 2055 aut
721 1991 843 2055 Seiano
858 1990 1022 2055 invidiam
1037 1990 1228 2056 adlaturum
1246 1992 1372 2062 censui.
1394 2019 1410 2050 »
1429 1989 1511 2064 -5,
1529 1995 1561 2054 8.

328 2098 530 2188 (Pomponio
560 2097 716 2163 Secundo
736 2097 969 2163 obiectabatur
989 2097 1077 2162 Aelii
1093 2098 1184 2163 Galli
1200 2098 1360 2172 amicitia,
1374 2098 1430 2187 qui
1446 2098 1563 2186 punito

328 2207 450 2271 Seiano
466 2206 499 2269 iu
520 2205 637 2270 hortos
659 2205 838 2293 Pomponii
855 2204 951 2293 quasi
974 2203 1176 2270 fidissimum
1191 2205 1234 2270 ad
1249 2204 1438 2270 subsidium
1454 2205 1564 2293 perfu-

329 2314 505 2401 gisset-
533 2313 564 2388 5,
583 2339 615 2400 9.
650 2312 815 2377 Placitum
833 2312 986 2400 posthac,
1008 2321 1047 2377 ut
1067 2312 1099 2376 in
1122 2313 1270 2401 reliquos
1296 2313 1408 2377 Seiani
1440 2312 1564 2379 liberos

329 2420 574 2485 adverteretur.
592 2458 631 2467 —
653 2418 685 2497 5,
722 2444 769 2485 rr.
788 2419 965 2484 lliscordia
993 2418 1171 2484 consulum
1187 2421 1313 2508 erupit:
1339 2443 1417 2484 nam
1442 2419 1562 2488 Trio...

329 2536 367 2593 ut
394 2551 533 2616 segnem
564 2525 732 2613 llegulum
757 2525 799 2590 ad
828 2524 1072 2614 opprimendos
1096 2525 1207 2590 Seiani
1236 2527 1410 2591 ministros
1429 2526 1564 2614 oblique

331 2636 588 2723 perstrinxerat.
612 2672 654 2684 -
678 2633 710 2702 6.
728 2659 757 2697 2.
779 2633 824 2698 ,lt
858 2633 984 2698 llomae
1000 2633 1165 2720 principio
1190 2634 1324 2712 anni...‚
1343 2642 1473 2700 atroces
1488 2656 1564 2699 sen-

332 2742 456 2807 tentiae
478 2740 730 2815 dicebantur...,
756 2746 789 2804 et
808 2739 895 2804 bona
920 2739 1032 2804 Seiani
1058 2738 1169 2804 ablata
1191 2740 1317 2805 aerario
1337 2741 1424 2807 utin
1447 2743 1562 2806 liscum

332 2856 545 2936 cogerentur.
568 2855 741 2935 tamquam
764 2847 914 2912 referret.
941 2886 982 2895 —
1003 2846 1035 2915 6.
1053 2845 1085 2911 3.
1104 2848 1151 2911 nt
1176 2845 1306 2912 lunium
1329 2848 1561 2915 t'iallionern...

331 2955 498 3022 violenter
517 2955 682 3043 increpuit
702 2954 870 3042 (Tiberius
893 2953 1015 3020 litteris
1036 2953 1068 3016 in
1094 2962 1213 3020 senatu
1234 2956 1396 3042 recitatis)
1416 2976 1454 3026 :a
1481 2979 1563 3023 ...an

331 3064 443 3151 potius
453 3062 655 3128 discordiam
682 3069 715 3126 et
745 3061 946 3126 seditionem
963 3087 981 3126 a
1007 3062 1152 3128 satellite
1163 3063 1535 3151 Seianiquaesitam...'.'
1547 3093 1563 3120 u

334 3169 914 3237 ...lsdemlitteris(laesarSextiurn
927 3170 1369 3259 Paconianumpraetorium
1377 3170 1532 3259 perculit.
1541 3222 1561 3237 ..

330 3276 541 3343 delectum...
559 3276 601 3341 ab
618 3276 752 3352 Seiano,
771 3276 866 3340 cuius
879 3301 942 3364 ope
958 3275 1056 3342 dolus
1072 3279 1156 3341 (iaie
1169 3279 1305 3343 (laesuri
1318 3287 1503 3366 pararetur.
1521 3315 1564 3327 -·

330 3385 362 3466 6,
381 3410 411 3473 7.
432 3384 472 3463 Q.
497 3385 663 3448 Servaeus
675 3383 815 3470 posthae
832 3392 866 3448 ct
881 3384 1050 3449 llinucius
1069 3385 1233 3450 'l'lrcrmus
1246 3388 1409 3472 (accusati
1426 3389 1531 3476 sunt).
1554 3440 1561 3454 .

332 3494 501 3557 llinucius
516 3492 661 3579 equestri
696 3491 781 3568 loco,
806 3492 958 3557 modeste
976 3493 1089 3557 habita
1105 3494 1216 3558 Seiani
1243 3494 1401 3560 amicitia.
1417 3533 1459 3542 —
1480 3494 1512 3562 6.
1530 3497 1562 3559 8.

332 3600 417 3665 Nam
437 3623 475 3664 ea
502 3607 800 3687 tempestateque
827 3599 941 3665 Seiani
969 3601 1152 3665 amicitiam
1168 3602 1268 3666 ceteri
1287 3600 1371 3666 salso
1387 3610 1562 3676 exuerant,

332 3731 433 3771 ausus
453 3715 505 3771 est
520 3730 623 3794 eques
638 3707 813 3771 llomanus
830 3706 877 3770 M.
893 3707 1081 3786 Terentius,
1105 3708 1147 3773 ob
1169 3708 1201 3773 id
1230 3733 1306 3773 rcus
1321 3708 1492 3797 arnplccti.
1523 3709 1564 3774 ad

334 3816 420 3878 lrunc
447 3813 582 3878 modurn
606 3814 695 3900 apud
724 3822 877 3878 senatum
898 3814 1061 3880 ordiendo
1084 3837 1089 3881 :
1113 3851 1126 3872 α
1149 3815 1377 3881 ...l'ateboret
1394 3816 1496 3881 luisse
1513 3839 1565 3882 rue

333 3923 454 3986 Seiano
470 3921 628 3989 amicum.
647 3931 720 3986 et...
747 3921 787 3985 l't
806 3921 948 4009 quisque
965 3922 1086 3987 Seiano
1115 3924 1265 3990 intimus.
1283 3924 1327 3988 ita
1344 3924 1385 3987 ad
1411 3924 1566 3991 (lacuaria

334 4028 515 4095 amicitiani
538 4027 709 4092 validus...
730 4028 805 4091 Non
821 4029 910 4092 enim
926 4029 1086 4093 Seianum
1105 4030 1366 4108 Vulsiniensem,
1385 4032 1443 4097 scd
1464 4032 1565 4096 (ilau-

333 4137 407 4202 diae
427 4143 460 4200 et
479 4135 581 4200 luliac
602 4135 723 4199 domus
744 4143 884 4222 partem.
903 4159 988 4223 (paras
1003 4136 1176 4202 adlinitale
1199 4147 1433 4225 occupaverat.
1457 4147 1563 4210 tuum,

332 4247 655 4330 tiaresa1·,gerier·urn,
676 4242 720 4307 tui
742 4242 940 4307 consulatus
953 4244 1093 4315 socium,
1112 4254 1169 4309 tua
1184 4245 1292 4310 oflicia
1324 4246 1357 4310 iu
1377 4269 1411 4311 re
1430 4245 1566 4333 publica

333 4358 565 4438 capessentem
579 4348 813 4416 colebamus...
831 4350 1043 4437 Speclamus.
1064 4352 1157 4417 ...cui
1177 4376 1218 4416 ex
1240 4361 1271 4417 te
1295 4376 1387 4440 elice,
1407 4352 1564 4430 nouerca,

336 4459 410 4547 quis
421 4457 565 4545 plurima
582 4457 719 4520 iuvandi
737 4456 923 4521 nocendive
938 4460 1100 4544 potentia,
1114 4482 1199 4547 quac
1215 4460 1336 4524 Seiano
1352 4460 1455 4525 fuisse
1467 4481 1567 4525 nemo

334 4564 550 4652 negaverit...
581 4561 641 4634 Ne,
669 4572 782 4649 patres
824 4565 1018 4652 conscripti,
1040 4565 1197 4630 ultimum
1226 4566 1339 4631 Seiani
1366 4567 1468 4644 diem,
1508 4563 1567 4633 sed

336 4671 482 4737 sedecim
497 4692 604 4734 annos
619 4670 859 4757 cogitaveritis.
881 4699 896 4729 a
918 4711 961 4720 —
981 4672 1012 4749 6,
1045 4696 1094 4739 ro.
1117 4672 1233 4759 (lulio)
1257 4673 1388 4739 Marino
1404 4674 1566 4763 participe

336 4779 478 4842 Seianus
494 4777 647 4841 Curtium
668 4778 818 4843 Atticum
835 4787 1060 4866 oppresserat.
1078 4818 1119 4827 —
1136 4779 1167 4854 ti,
1192 4784 1241 4857 rai.
1265 4781 1441 4846 Geminius
1456 4783 1564 4871 prodi·

336 4886 449 4972 gentle
477 4908 579 4972 opum
606 4908 643 4949 ac
660 4883 802 4950 mollitia
827 4886 915 4951 vitae
931 4887 1059 4951 amicus
1072 4886 1193 4951 Seiano
1207 4888 1343 4974 (cecidit
1366 4890 1563 4956 coniuratio·

336 4994 389 5059 nis
404 4992 570 5078 crimine).
591 5030 627 5040 —
646 4993 676 5062 e.
706 5018 754 5080 ¹9·
773 4993 966 5060 liberius...
986 5001 1136 5073 cunctos
1154 4995 1212 5083 qui
1227 5019 1359 5061 carcere
1376 4997 1562 5066 attinebam
