3709 6234
295 865 347 920 418
824 871 914 923 TITVS
934 873 1039 925 ttt'lvs

337 1012 369 1088 t,
388 1011 428 1097 39
458 1010 652 1084 Seianus..-,
669 1011 873 1097 promissum
891 1013 1144 1078 matrimonium
1161 1012 1332 1099 flagitante
1348 1011 1454 1088 Livia,
1480 1031 1571 1075 com·

336 1118 431 1204 ponit
446 1117 486 1182 ad
503 1117 681 1187 Caesarem
705 1119 920 1189 codicillos...
948 1121 1008 1186 «Si
1031 1121 1172 1185 maritus
1202 1120 1316 1184 Liviae
1342 1125 1569 1205 quaereretur,

335 1224 473 1290 haberet
483 1228 517 1291 in
533 1230 645 1295 animo
661 1234 806 1297 amicum
832 1229 903 1294 sola
923 1228 1183 1292 necessitudinis
1199 1226 1305 1313 gloria
1320 1249 1461 1291 usurum
1475 1253 1508 1293 n,
1529 1264 1573 1276 -

334 1334 367 1407 ἀ,
382 1336 435 1410 άο.
455 1335 510 1397 Ad
523 1358 561 1399 ea
577 1338 730 1404 'liberius
745 1338 881 1403 laudata
897 1337 1022 1424 pietate
1038 1335 1192 1401 Seiani...
1210 1335 1363 1399 adiunxit
1379 1363 1395 1396 «
1412 1357 1571 1399 ...senon

334 1438 414 1504 illuc
440 1440 628 1526 decurrere,
650 1448 740 1535 quod
769 1452 962 1533 promptum
990 1443 1168 1530 rescripta,
1188 1466 1286 1528 posse
1307 1443 1413 1529 ipsam
1442 1442 1571 1506 Liuiam

333 1546 493 1616 statuere,
515 1542 709 1610 nubendum
730 1552 806 1632 post
819 1544 980 1616 Drusum,
998 1565 1040 1605 an
1056 1542 1091 1605 in
1106 1540 1286 1628 penatibus
1304 1541 1409 1605 isdem
1427 1539 1572 1605 toleran-

333 1644 412 1710 dum
428 1645 607 1717 haberet...
625 1651 820 1739 Simplicius
835 1659 1001 1724 acturum,
1020 1648 1060 1713 de
1082 1648 1265 1713 inimicitiis
1280 1648 1425 1736 primum
1447 1647 1572 1735 Agrip-

332 1753 440 1838 pinae.
459 1778 543 1842 quas
557 1756 656 1845 longe
668 1759 778 1823 acrius
793 1781 941 1835 arsuras,
961 1757 990 1820 si
1011 1756 1264 1821 matrimonium
1288 1755 1403 1820 Liviae
1422 1754 1517 1820 velut
1535 1754 1570 1818 in

331 1868 444 1947 partes
469 1863 605 1928 domum
636 1866 819 1932 Caesarum
848 1865 1103 1930 distraxisset...
1132 1862 1273 1927 Falleris
1303 1863 1404 1938 enim,
1436 1861 1567 1942 Seiane,

331 1967 401 2032 si...
422 1978 561 2055 putas...
582 1972 726 2048 Liviam,
746 1997 830 2063 quae
847 1974 932 2037 Gaio
948 1972 1097 2051 Caesari,
1114 1994 1194 2035 mox
1210 1972 1321 2034 Druso
1337 1976 1441 2057 nupta
1455 1968 1568 2047 fuerit,

331 2097 368 2139 ea
386 2084 499 2141 mente
519 2087 682 2156 acturam,
712 2089 749 2145 ut
778 2105 854 2145 cum
880 2080 992 2167 equite
1022 2079 1175 2142 Romano
1199 2084 1392 2142 senescat..
1412 2077 1569 2141 Ceterum

330 2205 438 2271 neque
453 2185 521 2249 tuis
536 2209 645 2275 neque
661 2187 775 2253 Liuiae
786 2188 965 2252 destinatis
981 2186 1196 2250 adversabor.
1214 2209 1229 2247 n
1243 2224 1286 2232 —
1307 2187 1337 2263 q,
1357 2184 1409 2247 fio.
1433 2182 1482 2247 Ne
1502 2206 1569 2246 nox

330 2291 465 2377 quidem
486 2316 603 2358 secura
617 2295 756 2381 (Neroni
774 2295 966 2359 Germanici
987 2292 1081 2376 lilio),
1106 2315 1183 2358 cum
1206 2316 1292 2356 uxor
1310 2290 1455 2378 vigilias,
1479 2313 1569 2354 som-

330 2420 403 2476 nos,
420 2400 562 2487 suspiria
579 2403 677 2466 matri
693 2403 805 2466 Liviae
835 2410 935 2489 atque
961 2401 1018 2464 illa
1043 2401 1165 2465 Seiano
1186 2400 1400 2486 patefaceret.
1423 2434 1464 2445 -
1483 2396 1516 2477 6,
1534 2421 1566 2460 a.

331 2506 378 2570 At
394 2505 520 2571 Itomae
537 2509 699 2597 principio
714 2511 806 2588 anni,
822 2510 917 2597 quasi
937 2531 1052 2572 reeens
1074 2507 1218 2594 cognitis
1239 2506 1352 2570 liviae
1372 2503 1510 2591 flagitiis
1532 2527 1570 2567 ac

330 2635 397 2676 non
414 2614 543 2700 pridem
561 2617 662 2680 ctiam
677 2618 816 2703 punitis.
834 2625 965 2682 atroces
980 2615 1167 2680 sententiae
1182 2611 1380 2678 dicebantur
1395 2613 1430 2676 in
1440 2611 1570 2698 effigies

330 2742 464 2808 quoque
480 2745 517 2785 ac
531 2724 728 2788 memoriam
744 2725 856 2790 eius...
873 2764 903 2772 -
918 2724 950 2805 fi,
968 2748 1019 2810 aq.
1033 2722 1088 2786 Ab
1100 2721 1243 2786 Servilio
1259 2728 1291 2785 et
1308 2718 1463 2785 Cornelio
1472 2741 1571 2783 accu-

332 2828 501 2893 satoribus
516 2828 719 2894 adulterium
737 2832 862 2912 Liviae,
887 2853 1061 2917 magorum
1087 2852 1180 2893 saera
1205 2826 1461 2892 obiectabantur
1480 2825 1569 2912 (Ma-

331 2957 442 2998 merco
455 2936 626 3022 Scaur0)¹.

286 3039 406 3116 LIVII,
438 3041 562 3107 LIVIA
595 3043 802 3111 IIAMILIA.
825 3085 856 3096 -
878 3048 909 3124 5,
932 3069 959 3111 1.
979 3045 1103 3130 (Livia)
1118 3043 1305 3109 nobilitatis
1320 3065 1378 3130 per
1392 3040 1568 3106 Claudiam

331 3149 492 3214 familiam
510 3159 543 3215 et
557 3151 737 3239 adoptione
747 3151 1156 3238 Liviorumlnliorumque
1168 3150 1384 3216 clarissimae.
1402 3187 1446 3198 —
1460 3148 1493 3212 6.
1512 3148 1566 3212 51.

331 3257 492 3345 (Tiberio)
514 3260 683 3346 utrimque
703 3260 797 3346 origo
831 3260 943 3346 gentis
970 3258 1140 3332 Claudiae,
1172 3280 1377 3346 quamquam
1406 3267 1514 3321 mater
1534 3256 1568 3318 in

331 3364 460 3428 Liviam
477 3374 510 3429 et
535 3390 611 3429 mox
629 3366 746 3430 Iuliam
765 3367 924 3431 Iarniliam
941 3366 1177 3452 adoptionibus
1197 3366 1377 3430 transient.

287 3471 513 3537 LIVINEIVS
532 3473 831 3540 ltEGt'1,vS·².-
849 3475 879 3550 3,
901 3499 949 3538 rr.
970 3473 1039 3537 Ileo
1060 3473 1137 3560 (Cn.
1158 3473 1327 3557 Pisoni)...
1347 3471 1393 3535 Μ’
1419 3469 1569 3557 Lepidus

331 3588 363 3644 et
380 3581 405 3643 Ii
437 3581 513 3645 Piso
535 3589 567 3645 et
583 3581 754 3645 Livineius
769 3582 919 3667 Ifegulus
937 3582 1098 3667 (patroni)
1118 3581 1264 3644 adfuere.

287 3685 513 3751 LIVINEIVS
532 3687 750 3764 llllGl'INS,
771 3688 1028 3753 tlvta‘ltlvst
1055 3727 1098 3737 -
1119 3691 1166 3763 if,
1193 3713 1239 3775 ¹7·
1260 3688 1340 3751 Levi
1354 3687 1449 3750 initio
1469 3693 1568 3749 atrox

330 3794 448 3857 caedes
468 3802 540 3858 orta
557 3795 643 3857 inter
666 3794 804 3858 colonos
825 3795 1013 3859 Nucerinos
1046 3796 1336 3881 Pompeianosque
1366 3792 1568 3879 gladiatorio

331 3899 534 3987 spectaculo,
566 3900 657 3988 quod
689 3902 882 3965 Livineius*
908 3901 1072 3988 Regulus,
1094 3926 1194 3989 quem
1212 3910 1339 3966 motum
1362 3908 1481 3964 senatu
1501 3908 1569 3964 ret-

330 4007 404 4086 tuli,
435 4007 594 4071 edebat...
632 4008 822 4072 Livineius⁵
851 4017 884 4073 et
913 4010 971 4095 qui
996 4008 1053 4072 alii
1096 4010 1295 4073 seditionem
1338 4007 1567 4080 conciverant,

331 4112 431 4177 exilio
454 4112 587 4177 multati
608 4124 698 4178 sunt.

287 4220 349 4286 'C.
370 4219 529 4296 LIVIVS,
553 4244 584 4283 v.
609 4221 646 4285 C.
670 4220 818 4285 VIBIVS
835 4223 1124 4307 stiltlirtvsct).

285 4327 412 4392 TITVS
430 4327 589 4400 LIVIVS,
624 4327 770 4392 LIVIVS
782 4349 804 4394 ¹³.
825 4368 862 4377 -
884 4333 911 4405 t,
932 4331 985 4409 34.
1005 4330 1182 4417 {Loquitur
1210 4331 1402 4396 Cremutius
1418 4329 1566 4414 Cordus)

317 4601 324 4634 ¹
347 4601 379 4648 l'.
390 4603 479 4656 etiam,
494 4602 516 4651 a.
532 4601 569 4657 34,
586 4604 629 4650 ao:
646 4610 668 4657 t.
683 4620 704 4664 7.

315 4673 325 4707 ²
344 4673 465 4727 Pnosor.,
483 4689 594 4721 acm-201.
606 4702 635 4708 —
654 4675 732 4734 l'nlg.
750 4679 813 4722 irrite
829 4676 964 4736 Ifyrkunn
980 4694 985 4725 :
1004 4676 1154 4724 Liveneius.

314 4754 325 4788 ³
343 4754 464 4804 Pnosor..
481 4769 571 4803 2021«
592 4756 674 4802 Filius
690 4758 805 4804 tlutnssc
823 4761 880 4804 retiis
896 4758 941 4819 qui
959 4759 1106 4820 praecedit.
1128 4775 1139 4800 u

314 4835 324 4867 ⁴
343 4833 368 4883 Μ
381 4851 386 4883 1
400 4834 570 4883 libidinum.
589 4835 662 4885 Corr.
680 4837 796 4898 Lipsius.

313 4916 324 4949 ⁸
343 4914 385 4964 Id:
406 4915 575 4964 liuidineius.
588 4917 663 4966 Corr.
675 4918 792 4979 Lipsius.

313 4985 324 5019 ὓ
342 4985 531 5040 P1tosor.,2o3.
