3709 6234
286 851 341 904 272
798 856 907 906 Fllllll'S
931 854 1054 907 vetulas

333 994 479 1059 Caecina
494 1018 531 1059 ac
549 994 674 1059 Valens
689 994 839 1065 obibant.
857 994 939 1060 olim
952 995 1044 1061 anxii
1062 994 1163 1070 odiis.
1180 1017 1267 1083 quae
1282 993 1373 1061 bello
1397 1001 1432 1062 et
1450 996 1569 1062 castris

332 1099 420 1166 male
435 1100 648 1167 dissimulata
663 1102 813 1188 pravitas
827 1103 1013 1168 amicorum
1023 1109 1056 1168 et
1072 1101 1215 1169 lecunda
1228 1101 1412 1190 gignendis
1426 1101 1568 1167 inimici-

333 1208 390 1273 tiis
413 1209 533 1274 civitas
561 1217 713 1275 auxerat.
737 1260 744 1275 .
765 1249 809 1258 —
834 1208 877 1288 ΙΙ,
903 1210 958 1297 93.
993 1209 1147 1275 Sedecim
1178 1209 1378 1296 praetoriae,
1409 1215 1570 1298 quattuor

332 1316 479 1382 urbanae
497 1316 652 1381 cohortes
672 1315 945 1383 scribebantur...
969 1317 1050 1382 Plus
1069 1317 1104 1380 in
1119 1339 1159 1382 eo
1181 1315 1309 1382 dilectu
1327 1315 1456 1384 Valens
1470 1315 1569 1382 aude

331 1424 401 1501 bat,
421 1431 593 1511 tamquam
619 1424 729 1511 ipsum
756 1425 935 1489 Caecinam
965 1423 1113 1512 periculo
1142 1424 1365 1490 exemisset...
1383 1422 1569 1512 Omnisque

332 1531 501 1597 inferioris
518 1532 720 1596 Germaniae
737 1531 832 1596 miles
861 1531 1040 1596 Valentem
1055 1530 1306 1614 adsectabatur,
1319 1529 1412 1602 unde
1422 1531 1567 1619 primurn

332 1638 480 1703 creditur
493 1638 657 1704 Caecinae
670 1638 753 1703 sides
768 1639 932 1705 lluitasse.
949 1677 991 1688 -
1008 1638 1051 1720 ΙΙ,
1068 1641 1124 1727 95.
1141 1637 1298 1703 Natalem
1324 1636 1454 1704 Vitellii
1480 1638 1567 1704 diem

333 1744 477 1810 Caecina
491 1769 529 1810 ac
551 1745 675 1809 Valens
686 1745 786 1811 editis
801 1751 871 1812 tota
887 1744 969 1810 urbe
998 1744 1137 1809 vicatim
1152 1743 1400 1831 gladiatoribus
1421 1744 1569 1812 celebra·

332 1875 450 1918 vere...
475 1853 600 1918 Misera
634 1852 754 1918 civitas
786 1852 904 1917 eodem
929 1876 1018 1918 anno
1048 1852 1229 1930 Othonem,
1251 1851 1429 1918 Vitellium
1455 1877 1565 1943 passa,

332 1960 421 2025 inter
436 1960 566 2040 Vinios,
582 1960 715 2040 Fabios,
735 1959 854 2041 leelas,
872 1960 1042 2026 Asiaticos
1054 1960 1146 2026 varia
1160 1967 1194 2026 et
1207 1960 1365 2048 pudenda
1379 1969 1471 2028 sorte
1494 1985 1568 2049 age·

332 2066 402 2132 bat.
420 2102 460 2116 -·
495 2066 536 2142 ΙΙ,
569 2090 623 2155 99.
645 2065 795 2131 Tandem
823 2067 1017 2155 inruptione
1038 2066 1186 2132 hostium
1215 2065 1387 2133 atrocibus
1422 2067 1567 2156 undique

333 2174 462 2239 nuntiis·
476 2173 658 2239 exterritus
674 2172 874 2262 (Vitellius),
893 2173 1075 2240 Caecinam
1091 2197 1129 2238 ac
1145 2173 1323 2239 Valentem
1345 2174 1505 2263 expedire
1527 2173 1567 2238 ad

332 2280 458 2346 bellum
488 2279 591 2347 iubet.
624 2281 835 2346 Praemissus
865 2280 1023 2358 Caecina,
1040 2280 1218 2346 Valentem
1247 2303 1265 2346 e
1294 2282 1389 2368 gravi
1418 2281 1566 2370 corporis

334 2387 451 2454 morbo
467 2397 538 2454 tum
554 2388 700 2475 primum
715 2388 956 2475 adsurgentem
969 2388 1148 2454 inlirmitas
1159 2386 1472 2454 tardabat...Simul
1482 2388 1566 2454 odio·

335 2520 408 2562 rum
431 2496 735 2583 invidiaequeerga
758 2495 901 2562 Fabium
922 2494 1100 2562 Valentem
1122 2494 1367 2561 admonebatur
1390 2500 1426 2582 (a
1453 2495 1567 2561 Flavio

333 2603 458 2668 Sabino
475 2603 675 2690 Caecina)...
698 2641 741 2652 —
759 2602 801 2682 ll,
835 2626 906 2668 roo.
941 2602 1094 2668 Proiecto
1116 2602 1261 2668 Caecina
1288 2602 1426 2690 scripsit
1444 2602 1566 2670 Fabius

333 2710 458 2777 Valens
480 2711 655 2788 exercitui,
676 2735 776 2800 quem
797 2711 867 2799 ipse
892 2711 1103 2790 ductaverat,
1129 2718 1167 2776 ut
1194 2710 1227 2776 in
1254 2711 1374 2778 itinere
1397 2711 1566 2800 opperire-

332 2826 387 2884 tur
403 2840 409 2892 ;
428 2819 475 2883 sic
496 2817 560 2884 sibi
571 2842 648 2883 cum
664 2818 808 2884 Caecina
823 2820 1035 2895 convenisse,
1046 2819 1144 2907 qui...
1157 2825 1326 2884 mutatum
1339 2817 1375 2883 id
1388 2817 1566 2884 consilium

331 2925 440 2989 linxit.
457 2961 492 2972 -
513 2922 574 3002 ΙΙΙ,
597 2926 646 2990 ι5.
663 2923 805 2989 Fabium
821 2924 1000 2991 Valentem
1022 2924 1211 3012 prolectam
1235 2923 1278 2990 ab
1292 2922 1376 2990 urbe
1399 2923 1567 2992 adcelera-

330 3040 511 3119 turumque
526 3031 661 3118 cognita
677 3032 840 3097 Caecinae
854 3032 1044 3120 proditione
1056 3030 1268 3098 coniectabat
1288 3031 1475 3121 (Antonius
1490 3032 1567 3097 Pri-

332 3141 434 3226 mus).
449 3138 492 3204 ΙΙΙ
508 3138 595 3203 lidus
611 3138 748 3204 Vitellio
765 3141 790 3204 F
793 3139 890 3205 abias
906 3161 967 3205 nec
985 3137 1124 3203 militiae
1144 3138 1295 3225 ignarus.
1311 3137 1431 3217 -ΙΙΙ,
1449 3137 1504 3206 36.
1522 3137 1569 3203 nt

331 3245 490 3311 Vitellius
519 3243 668 3333 prolecto
697 3245 853 3326 Caecina,
871 3269 948 3311 cum
980 3245 1121 3311 Fabium
1151 3244 1328 3311 Valentem
1347 3244 1465 3334 paucis
1493 3251 1568 3334 post

328 3353 448 3418 diebus
462 3353 504 3418 ad
520 3352 646 3418 bellum
668 3352 901 3440 impulisset...
919 3391 962 3402 -
984 3352 1045 3430 ΙΙΙ,
1059 3356 1113 3429 lo.
1138 3352 1261 3417 Fabius
1279 3352 1413 3418 interim
1440 3351 1567 3418 Valens

330 3463 436 3528 multo
450 3486 487 3526 ac
503 3460 597 3525 molli
613 3459 877 3525 concubinarum
890 3461 1146 3549 spadonumque
1162 3461 1296 3549 agmine
1311 3460 1451 3548 segnius
1466 3483 1567 3549 quarn

328 3570 371 3635 ad
386 3570 513 3635 bellum
529 3569 729 3634 incedens...
755 3608 791 3618 -
812 3566 871 3647 ΙΙΙ,
889 3571 943 3645 dr.
967 3567 1033 3632 Sed
1049 3567 1175 3633 Valens
1196 3592 1236 3633 ne
1259 3568 1294 3633 in
1316 3574 1411 3634 tanto
1430 3567 1565 3657 quidem

329 3677 523 3743 discrimine
544 3674 679 3740 inlamia
693 3676 812 3751 caruit,
830 3697 897 3763 quo
912 3675 1023 3739 minus
1039 3698 1155 3762 rapere
1170 3674 1316 3740 inlicitas
1330 3674 1565 3764 voluptates...

330 3784 562 3849 crederetur...
585 3781 702 3856 -lll,
726 3784 781 3859 Aa.
813 3782 972 3868 Digresso
1003 3781 1141 3847 Valente
1162 3782 1322 3870 trepidos,
1358 3783 1416 3869 qui
1443 3782 1568 3847 Arimi·

330 3914 411 3956 num
426 3889 596 3966 tenebant,
613 3888 791 3953 Cornelius
816 3888 988 3955 Fuscus...
1007 3896 1095 3954 terra
1117 3890 1267 3978 nimique
1303 3889 1565 3956 circumvenit...

328 3996 613 4062 FabiusValense
633 3996 710 4060 sinu
727 3996 891 4063 Pisano...
915 4005 1051 4084 portum
1073 3996 1230 4062 Herculis
1247 3996 1402 4063 Monoeci
1427 3995 1568 4085 depelli·

329 4115 423 4172 tur...
447 4106 574 4172 llarius
589 4106 743 4170 blaturus
759 4104 898 4191 Alpium
914 4105 1159 4170 maritimarum
1186 4111 1427 4191 procurater...
1443 4102 1568 4170 Valen-

328 4223 396 4280 tem
410 4213 551 4279 comiter
564 4221 756 4300 exceptum.
779 4235 821 4276 ne
837 4211 985 4276 Galliam
1013 4211 1269 4278 Narbonensem
1297 4219 1423 4277 temere
1442 4211 1562 4299 ingre·
1642 4251 1647 4268 ·

329 4320 476 4396 deretur,
495 4319 662 4385 monendo
677 4320 805 4385 terruit.
826 4355 865 4370 -
881 4319 942 4397 ΙΙΙ,
960 4318 1015 4396 43.
1035 4318 1158 4384 Fabius
1174 4319 1300 4384 Valens
1316 4341 1392 4384 cum
1405 4326 1566 4408 quattuor

328 4426 597 4515 speculatoribus
623 4434 655 4492 et
673 4426 779 4491 tribus
794 4426 922 4498 anneis.
939 4426 1081 4491 totidem
1100 4425 1368 4508 centurionibus,
1392 4425 1437 4490 ad
1463 4447 1566 4492 naves

327 4534 558 4620 regreditur...
587 4536 746 4600 Celerum
779 4540 817 4599 ut
841 4556 932 4599 mare
956 4534 1064 4599 tutius
1088 4533 1223 4599 Valenti
1251 4556 1353 4621 quam
1381 4531 1481 4599 litora
1508 4540 1567 4598 aut

330 4641 442 4720 urbes,
488 4642 533 4706 ita
566 4642 670 4706 luturi
709 4641 930 4727 rirrrbiguus...
960 4640 1101 4706 adversa
1129 4648 1331 4728 tempestate
1358 4639 1565 4707 Stoechadas

330 4748 596 4813 Massiliensium
613 4747 741 4813 insulas
765 4747 926 4815 adlertur.
944 4786 987 4796 -
1005 4746 1064 4826 ΙΙΙ,
1077 4749 1132 4824 dl.
1156 4747 1263 4835 Capto
1280 4746 1424 4812 Valente
1445 4754 1566 4813 cuncta

327 4855 369 4920 ad
385 4855 522 4919 victoris
540 4879 621 4943 opes
642 4878 816 4920 conversa.
834 4893 877 4903 -
894 4854 955 4936 ΙΙΙ,
968 4856 1023 4922 62.
1039 4854 1150 4920 lsdem
1166 4853 1286 4920 diebus
1300 4853 1426 4920 Fabius
1440 4853 1566 4920 Valens

329 4961 445 5027 Vrbini
461 4962 494 5027 in
510 4962 664 5028 custodia
679 4963 920 5029 interlicitur...
941 4962 1135 5028 l'crvasisse
1159 4962 1194 5027 in
1214 4961 1414 5028 Germanias
1441 4961 1564 5028 Valen-
