3709 6234
279 813 333 867 736
826 817 1013 871 stultitam

326 954 585 1021 Vitellianorum
611 954 753 1023 auxilia.
784 955 892 1036 -ΙΙ,
925 956 980 1024 25.
1011 958 1206 1046 Antequam
1230 959 1461 1025 miscerentur
1480 959 1580 1025 acies

325 1070 421 1149 terga
435 1061 646 1128 vertentibus
662 1062 865 1145 Vitellianis,
883 1063 1004 1129 Celsus
1021 1064 1090 1129 doli
1109 1066 1257 1153 prudens
1286 1066 1452 1155 repressit
1472 1090 1571 1144 suos,

324 1170 496 1236 Vitelliani
509 1165 639 1235 'temere
658 1179 879 1259 exsurgentes
897 1178 954 1256 (ex
973 1172 1121 1260 insidiis)
1138 1173 1278 1240 cedente
1298 1174 1427 1240 sensim
1464 1173 1573 1240 Celso

324 1278 458 1365 longius
472 1278 578 1343 secuti
593 1276 682 1343 ultro
698 1278 731 1343 in
747 1277 888 1343 insidias
905 1279 1210 1367 praecipitantur...
1225 1279 1450 1346 Cunctatione
1467 1281 1572 1367 (Sue-

322 1385 406 1451 tonii
426 1385 574 1474 Paulini)
597 1386 745 1474 spatium
769 1385 962 1451 Vitellianis
983 1386 1099 1452 datum
1117 1387 1151 1452 in
1181 1389 1340 1457 vineas...
1358 1388 1569 1477 refugiendi.

322 1491 422 1567 -ΙΙ,
440 1517 492 1580 27.
516 1492 615 1558 llaud
629 1492 770 1580 perinde
785 1493 820 1557 id
836 1494 999 1559 damnum
1025 1493 1227 1560 Vitellianos
1247 1495 1281 1560 in
1308 1503 1437 1561 metum
1463 1519 1565 1561 conr·

324 1600 410 1689 pulit
422 1624 523 1689 quam
543 1599 585 1666 ad
602 1600 802 1665 modest-iam
817 1601 1022 1689 composuit.
1050 1641 1094 1651 —
1111 1601 1153 1681 ΙΙ,
1177 1602 1230 1668 3ι.
1255 1602 1455 1669 Coniunctis
1477 1602 1567 1668 Cae-

323 1709 417 1774 cinae
436 1732 473 1774 ac
487 1707 640 1774 Valentis
656 1707 761 1796 copiis
777 1708 872 1773 nulla
888 1708 976 1774 ultra
997 1732 1102 1796 penes
1123 1709 1323 1775 Vitellianos
1347 1733 1456 1790 mora,
1479 1712 1565 1800 quin

323 1817 403 1881 totis
413 1815 542 1881 viribus
558 1823 737 1881 certarent.
751 1854 794 1864 —
810 1814 851 1891 ll,
871 1814 924 1891 34.
941 1814 1033 1879 Nihil
1050 1840 1166 1881 eorum
1182 1816 1381 1883 Vitellianos
1405 1815 1562 1890 fallebat.

323 1923 460 2003 crebris,
478 1931 517 1988 ut
540 1923 573 1987 in
594 1922 686 1988 civili
704 1921 805 2000 bello,
824 1922 1064 2008 transfugiis...
1086 1923 1187 2003 -ΙΙ,
1206 1924 1259 1991 35.
1279 1924 1372 2003 Quae
1386 1931 1513 1990 cuncta
1530 1926 1564 1989 in

324 2030 431 2096 oculis
443 2030 618 2119 utriusque
638 2029 806 2094 exercitus
816 2037 943 2117 quanto
958 2029 1096 2095 laetiora
1112 2029 1316 2113 Vitellianis,
1339 2038 1435 2096 tanto
1451 2032 1565 2096 aerius

324 2138 549 2203 Othoniani...
580 2136 687 2212 -ll,
717 2139 771 2214 tl.
802 2137 1040 2203 Praetorianus
1061 2137 1158 2202 miles
1183 2161 1251 2203 non
1280 2138 1404 2204 virtute
1425 2162 1474 2219 se,
1502 2138 1562 2204 sed

323 2244 511 2333 proditione
539 2244 668 2309 victum
693 2242 868 2320 fremebat,
898 2268 940 2309 ne
966 2245 1160 2309 Vitellianis
1179 2245 1315 2333 quidem
1346 2246 1561 2311 incruentam

324 2352 427 2417 luisse
442 2352 630 2417 victoriam.
648 2350 746 2430 -ΙΙ,
764 2352 817 2428 45.
830 2351 898 2416 Nec
914 2351 1004 2438 apud
1015 2352 1118 2417 duces
1134 2351 1335 2418 Vitellianos
1348 2352 1558 2431 dubitatum,
1649 2379 1652 2383 ¹

324 2483 390 2548 quo
406 2460 517 2525 minus
532 2482 649 2546 pacem
665 2459 900 2523 concederent.
920 2498 958 2508 -
976 2459 1019 2539 ΙΙ,
1043 2459 1097 2524 56.
1125 2458 1276 2547 Dispersi
1297 2483 1355 2549 per
1373 2460 1560 2547 municipia

324 2575 357 2633 et
375 2567 525 2632 colonias
545 2564 719 2631 Vitelliani
736 2566 891 2653 spoliare,
910 2589 1038 2653 rapere,
1056 2566 1091 2630 vi
1110 2574 1143 2631 et
1163 2568 1290 2655 stupris
1304 2566 1499 2654 polluere...
1517 2605 1562 2617 -

325 2673 386 2754 ΙΙΙ,
406 2699 437 2762 9.
460 2672 558 2752 Quod
579 2673 607 2737 si
622 2673 788 2738 adfuisset
803 2673 996 2761 (Caecinae)
1013 2673 1110 2748 tides,
1135 2682 1193 2739 aut
1220 2674 1364 2762 opprimi
1388 2674 1561 2740 universis

326 2781 587 2847 Vitellianorum
608 2780 736 2844 viribus
749 2779 835 2845 duae
849 2780 1040 2867 legiones..
1058 2787 1209 2869 potuere,
1233 2789 1290 2846 aut
1305 2789 1394 2847 retro
1419 2790 1559 2847 actae...

324 2897 456 2977 turpem
475 2888 590 2976 lugam
610 2887 897 2955 conscivissent...
916 2886 986 2952 llas
1005 2887 1047 2952 ad
1063 2888 1176 2975 copias
1206 2912 1417 2978 nequaquam
1450 2887 1559 2953 Vitel-

323 2995 422 3061 lianis
450 3018 560 3084 pareS,
582 2995 705 3083 quippe
730 3002 798 3060 tres
823 2994 932 3060 adhue
958 2995 1109 3082 legiones
1135 3003 1243 3076 erant,
1272 2996 1364 3061 misit
1391 2994 1560 3083 epistulas

324 3104 508 3169 Caecina...
530 3101 652 3183 -ΙΙΙ,
680 3101 728 3167 16.
747 3102 867 3167 Arrius
887 3102 997 3167 Varus
1021 3126 1097 3167 eum
1120 3102 1382 3190 promptissimis
1402 3103 1558 3190 equitum

322 3211 474 3300 prorupit
491 3208 899 3298 impulitqueVitellianos
911 3210 1042 3275 modica
1058 3210 1200 3276 caede...
1216 3249 1260 3259 -
1272 3209 1332 3290 ΙΙΙ,
1349 3235 1398 3297 ¹7·
1416 3210 1442 3273 Ι11
1444 3210 1559 3276 irmati

323 3319 409 3383 inter
425 3342 459 3382 se
483 3318 596 3381 densis
618 3316 792 3380 ordinibus
813 3316 982 3400 (Floriani
1002 3317 1146 3404 equites)
1163 3318 1336 3404 excipiunt
1355 3316 1559 3382 Vitellianos

322 3436 446 3490 temere
464 3427 630 3490 ellusos..
649 3463 691 3471 —
711 3424 770 3501 lll,
796 3424 848 3489 23.
868 3423 1040 3488 Vitelliani
1058 3433 1224 3490 tormenta
1244 3426 1277 3489 in
1299 3448 1457 3511 aggerem
1481 3427 1557 3489 riae

319 3533 544 3619 (Postumiae)
560 3531 815 3596 contulerant...
835 3531 1007 3595 Vitelliani
1025 3531 1166 3596 adverso
1183 3532 1310 3597 lumine
1332 3531 1463 3617 (lunae)
1485 3532 1557 3596 eol-

321 3639 471 3704 lucentes
501 3637 595 3702 velut
619 3661 659 3700 ex
676 3637 808 3701 occulto
825 3637 1050 3702 iaculantibus
1074 3638 1273 3726 (Flavianis)
1298 3639 1423 3702 incauti
1440 3639 1560 3703 ollerc-

254 3805 256 3808 ,
320 3747 453 3812 bantur.
472 3786 512 3794 —
535 3745 594 3815 ΙΙΙ,
618 3748 670 3820 at.
694 3745 863 3808 Antonius
880 3746 1139 3831 (testabatur)...
1165 3747 1287 3810 frustra
1309 3746 1409 3809 minis
1429 3753 1462 3810 et
1482 3770 1558 3811 ver-

322 3856 373 3918 bis
388 3860 588 3941 prorocalos
607 3850 818 3927 Vitellianos,
838 3852 866 3913 si
892 3876 1011 3916 ruauus
1030 3876 1145 3916 eorum
1170 3852 1352 3940 oculosque
1375 3875 1442 3916 non
1474 3854 1558 3918 tole-

321 3970 407 4025 rent.
438 4001 476 4010 -
504 3959 563 4025 ΙΙΙ.
593 3958 645 4023 25.
682 3958 831 4023 tiradum
867 3958 1015 4023 inierunt
1041 3960 1224 4048 (Flaviani)
1246 3961 1341 4047 quasi
1362 3959 1557 4025 recentibus

321 4069 455 4133 auxiliis
471 4067 572 4132 aucti.
589 4066 712 4129 rariore
728 4067 793 4129 iam
811 4065 1068 4130 Vitellianorum
1092 4068 1173 4146 acie,
1198 4075 1234 4131 ut
1257 4091 1341 4154 quos
1365 4066 1459 4131 nullo
1486 4092 1558 4133 rec-

322 4185 390 4240 tore
411 4199 492 4239 suus
508 4196 674 4261 quemque
691 4173 837 4259 impetus
852 4173 905 4236 rel
917 4197 1022 4260 pavor
1037 4175 1251 4239 contraheret
1263 4175 1491 4240 diduceretre.
1514 4216 1558 4223 —

323 4283 381 4361 ΙΙΙ,
414 4307 465 4369 ²7·
501 4280 652 4344 l’ondera
684 4303 840 4344 saxorum
869 4280 1041 4344 Vitelliani
1061 4282 1267 4368 provolvunt
1297 4282 1344 4366 (in
1373 4280 1558 4347 Flavianos

320 4390 446 4455 rollum
467 4388 729 4476 obpugnantes).
757 4427 799 4434 —
831 4386 889 4459 ΙΙΙ,
909 4413 961 4477 29.
987 4387 1184 4453 Obstinatos
1201 4390 1288 4453 inter
1309 4413 1344 4453 se
1360 4412 1436 4453 cum
1453 4392 1559 4456 susti-

320 4522 397 4562 nere
409 4495 581 4559 Vitelliani
594 4495 769 4582 nequirent
778 4545 798 4559 ..
822 4547 828 4563 ,
841 4494 948 4580 ipsam
958 4503 1128 4581 postremo
1141 4495 1313 4561 ballistam
1325 4497 1357 4560 in
1370 4495 1559 4562 subeuntes

320 4603 538 4693 propulere...
555 4602 665 4666 Ceteri
684 4602 822 4687 trepidis
843 4602 908 4664 iarn
924 4602 1115 4667 Vitellianis
1129 4628 1230 4691 seque
1248 4627 1265 4667 e
1281 4604 1370 4668 vallo
1391 4605 1559 4693 praccipi-

323 4712 471 4777 tantibus
490 4733 681 4797 perrupere.
703 4747 746 4757 -
770 4707 828 4782 ΙΙΙ,
849 4709 901 4772 31.
925 4710 1157 4797 Languescerc
1178 4711 1339 4797 paulatim
1358 4711 1557 4777 Vitelliano·

323 4843 396 4885 rum
409 4818 523 4881 animi.
548 4856 591 4864 —
614 4816 671 4892 ΙΙΙ,
692 4818 743 4879 32.
764 4816 808 4900 (Α
821 4817 1121 4897 Cremonensibus)
1134 4818 1278 4904 praebiti
1295 4819 1327 4881 in
1350 4819 1420 4882 acie
1439 4819 1559 4884 Vitel-

321 4927 420 4992 lianis
438 4925 519 4990 cibi.
541 4924 659 4990 -ΙΙΙ,
680 4924 734 4987 235.
757 4922 869 5008 Vagus
884 4934 1115 5013 parentesque
1139 4925 1338 4990 Vitellianos
1354 4949 1412 4990 sua
1436 4950 1561 5015 quem-
