3709 6234
839 875 1018 931 AGlllPPlllA

336 1020 426 1066 cum.
458 996 645 1087 Agrippam
680 999 893 1070 Postumum.
926 1001 959 1065 in
995 1000 1142 1066 insulam
1171 1000 1366 1068 Planasiam
1381 1003 1570 1092 proiecerit.

336 1103 455 1169 rudem
482 1129 563 1171 sane
587 1105 752 1172 bonarum
781 1107 903 1173 artium
920 1114 953 1173 et
972 1107 1092 1174 robore
1107 1110 1259 1198 eorporis
1274 1110 1397 1179 stolide
1411 1111 1568 1186 ferocem.

336 1210 463 1277 nullius
492 1221 605 1278 tamen
646 1212 766 1303 llagitii
790 1223 1001 1303 conpertum.
1025 1252 1069 1264 -
1098 1241 1125 1296 1,
1151 1222 1184 1293 Δ.
1216 1218 1359 1284 Trucem
1383 1219 1570 1310 Agrippam

336 1318 424 1406 (esse
439 1320 682 1388 existimabant
698 1321 855 1421 Romani,
873 1322 931 1412 qui
945 1323 1106 1389 extremis
1115 1325 1263 1412 Augusti
1285 1325 1495 1416 temporibus
1510 1328 1571 1394 irn-

334 1428 505 1495 minentes
536 1429 693 1494 dominos
725 1430 829 1494 variis
858 1430 1051 1496 rumoribus
1083 1431 1298 1520 differebant)
1323 1441 1358 1500 et
1385 1434 1570 1523 ignominia

335 1558 528 1615 accensum,
546 1559 614 1601 non
634 1543 744 1602 aetate
759 1559 868 1626 neque
882 1560 994 1603 rerum
1009 1538 1217 1628 experientia
1225 1547 1340 1606 tantae
1353 1540 1436 1605 moli
1449 1565 1571 1630 parem.

334 1681 378 1693 -
406 1668 434 1727 1,
453 1646 484 1711 5.
502 1646 631 1711 Rumor
650 1645 876 1711 incesserat...
894 1646 1132 1733 Augustum...
1156 1647 1349 1712 Planasiam
1378 1656 1516 1715 vectum
1530 1647 1571 1714 ad

334 1752 512 1819 visendum
529 1752 734 1842 Agrippam3
753 1752 879 1820 multas
893 1752 963 1818 illic
977 1754 1148 1844 utrimque
1161 1752 1319 1820 lacrimas
1334 1762 1367 1820 et
1378 1755 1476 1843 signa
1487 1756 1570 1820 eari-

336 1862 415 1927 tatis
430 1883 592 1950 spemque
612 1884 654 1926 ex
674 1861 811 1939 solere,
829 1869 866 1927 ut
886 1861 1019 1926 iuvenis
1035 1860 1217 1949 penatibus
1231 1861 1285 1926 avi
1301 1861 1512 1930 redderetur.
1529 1898 1570 1910 -

340 1992 367 2050 1,
390 1968 422 2033 6.
444 1968 596 2034 Primum
612 1968 743 2034 lacinus
772 1969 850 2034 novi
883 1969 1093 2058 principatus
1122 1968 1185 2035 luit
1215 1968 1369 2035 Postumi
1398 1971 1569 2059 Agrippae

333 2076 465 2150 caedes,
503 2099 603 2166 quem
632 2077 787 2164 ignarum
817 2076 1052 2167 inermumque
1080 2076 1237 2165 quamvis
1265 2075 1422 2142 firmatus
1458 2078 1568 2142 animo

334 2184 487 2249 centurio
507 2208 606 2270 aegre
631 2184 815 2251 coniecit...
840 2183 1037 2251 Tiberius...
1059 2183 1166 2271 patris
1180 2184 1272 2250 iussa
1286 2183 1484 2265 simulabat,
1499 2185 1569 2274 qui·

335 2290 399 2355 bus
425 2291 701 2380 praescripsisset
724 2290 862 2358 tribuno
892 2290 1066 2357 custodiae
1096 2290 1263 2380 adposito,
1290 2313 1332 2356 ne
1353 2299 1567 2358 cunctaretur

334 2397 521 2487 Agrippam
555 2407 662 2465 morte
692 2399 847 2478 adlicere,
871 2398 1074 2487 quandoque
1098 2398 1170 2486 ipse
1185 2420 1382 2486 supremum
1398 2398 1489 2465 diem
1513 2421 1565 2464 ex·

334 2505 508 2592 plevisset.
532 2506 641 2572 Multa
662 2507 734 2573 sine
750 2506 853 2573 dubio
871 2529 1040 2595 saevaque
1063 2507 1241 2595 Augustus
1261 2504 1303 2571 de
1317 2505 1471 2572 moribus
1485 2506 1564 2572 adu·

334 2611 495 2678 lescentis
515 2622 667 2701 questus.
700 2621 736 2679 ut
760 2614 900 2679 exilium
931 2613 1004 2678 eius
1033 2619 1172 2678 senatus
1192 2611 1349 2678 consulto
1365 2614 1562 2691 sanciretur.

333 2720 560 2808 perfecerat...
579 2761 613 2772 —
640 2747 666 2803 1,
686 2722 740 2787 53.
759 2720 925 2811 (Tiberius
943 2721 1063 2786 Iuliam
1077 2720 1227 2809 Augusti
1242 2719 1361 2808 filiam)
1376 2726 1456 2808 post
1466 2720 1560 2784 inter·

332 2828 457 2894 lectum
486 2830 685 2894 Postumum
720 2827 908 2916 Agrippam
934 2826 1044 2891 omnis
1061 2825 1132 2913 spei
1148 2847 1290 2913 egenam
1305 2825 1419 2913 inopia
1436 2849 1476 2890 ac
1492 2824 1559 2890 tab(

333 2935 435 3024 longa
468 2937 623 3026 peremit.
652 2975 695 2985 -
721 2961 752 3021 2,
782 2936 836 3025 39.
873 2934 1025 3001 Postumi
1058 2934 1230 3022 Agrippae
1263 2955 1395 3010 servus,
1432 2931 1557 2997 nomini

334 3044 504 3121 Clemens,
528 3051 702 3133 comperto
726 3045 792 3109 line
816 3043 966 3131 Augusti
986 3065 1125 3131 pergere
1145 3041 1178 3104 in
1209 3039 1355 3105 insulam
1372 3038 1555 3105 Planasiun

332 3160 366 3218 ct
381 3153 498 3219 fraude
516 3162 574 3219 aut
593 3152 627 3217 vi
649 3160 782 3241 raptum
795 3152 982 3239 Agrippam
999 3150 1084 3215 lerre
1105 3149 1148 3215 ad
1162 3148 1332 3213 exereitus
1347 3146 1554 3212 Germanico.¹

333 3282 399 3326 non
416 3262 528 3327 servili
545 3262 657 3326 animo
678 3261 874 3348 concepit...
898 3257 1036 3326 Interim
1060 3265 1192 3346 patrata
1208 3256 1310 3323 caede
1323 3256 1366 3322 ad
1386 3256 1515 3321 maiora
1534 3277 1551 3318 e

333 3371 441 3457 magis
456 3369 652 3460 praecipitia
660 3391 887 3434 conversus...
901 3366 1094 3432 Crebreseit
1105 3366 1219 3430 vivere
1233 3364 1443 3453 Agripparn‚'
1454 3361 1548 3427 occul

332 3478 376 3543 tis
409 3479 556 3566 primum
591 3475 847 3544 sermonibus...
884 3513 924 3523 -
960 3499 990 3548 2,
1025 3476 1080 3551 Ao.
1114 3470 1326 3559 Vulgabatur
1354 3468 1491 3534 interim
1507 3490 1548 3556 pe

333 3584 464 3651 ltaliam
478 3592 647 3653 servatum
661 3608 799 3651 munere
813 3584 914 3649 deum
930 3582 1161 3670 Agrippam...
1180 3576 1396 3645 Percontanti
1418 3574 1547 3640 Tiberio

331 3717 398 3781 quo
444 3695 544 3759 modo
577 3694 729 3782 Agrippa
762 3692 871 3758 lactus
899 3696 1000 3772 esset,
1037 3687 1253 3776 respondisse
1279 3686 1414 3751 lertur:
1443 3710 1459 3740 «ι
1491 3680 1543 3758 Qu

332 3802 432 3867 modo
456 3810 493 3867 tu
514 3803 686 3867 Caesar».
721 3830 765 3849 ·-
794 3799 825 3871 3,
844 3799 897 3866 3ο.
931 3795 1115 3862 Sallustius
1136 3795 1318 3882 Crispus...
1341 3788 1544 3856 inter-licien(

332 3908 487 3974 Postumi
502 3909 676 3997 Agrippae
691 3906 877 3973 conscius¹.

285 4014 504 4083 AGRIPPA.
519 4039 552 4081 v.
571 4014 799 4080 HATERIVS
818 4013 1036 4082 AGlllPPA.

286 4121 579 4188 AGlllPPlNA2.
611 4124 689 4209 (A).
724 4161 767 4171 —
792 4146 819 4202 ι,
850 4121 903 4187 33.
939 4120 1190 4210 (Germanicus)
1225 4124 1360 4207 neptem
1389 4116 1538 4206 (August

330 4230 557 4320 Agrippinam
582 4230 617 4295 in
644 4230 858 4296 matrimonio
890 4229 1072 4318 pluresque
1094 4251 1134 4294 ex
1155 4252 1194 4293 ea
1221 4226 1346 4292 liberos
1374 4224 1532 4292 habebat.

331 4338 727 4405 Muliebtesollensiones
742 4337 978 4404 novercalibus
992 4339 1106 4404 Liviae
1122 4339 1155 4404 in
1165 4339 1387 4429 Agrippinam
1402 4342 1535 4408 stimuli

330 4453 430 4536 atque
458 4448 531 4536 ipsa
564 4447 755 4536 Agrippina
784 4446 885 4537 paulo
923 4448 1134 4528 commotior,
1154 4448 1219 4512 nisi
1245 4448 1533 4538 quodcustitate1

330 4554 441 4622 mariti
457 4579 570 4621 amore
599 4556 754 4644 quamvis
783 4555 987 4622 indomitum
1009 4556 1160 4621 animum
1179 4556 1214 4620 in
1240 4555 1366 4623 bonum
1396 4559 1532 4626 vertebu

328 4699 372 4715 -
393 4685 421 4734 1.
440 4665 493 4739 tr.
511 4663 595 4728 Pars
610 4664 820 4753 Agrippinae
847 4671 1076 4738 (recursantes,
1093 4663 1228 4752 plurimi
1258 4664 1300 4729 ad
1321 4665 1531 4733 Germanico

319 4925 324 4958 ¹
346 4925 378 4975 V.
390 4926 471 4974 etium
484 4927 506 4982 ³,
526 4940 565 4991 ip:
581 4936 604 4986 4,
617 4943 655 4989 7¹·

316 5001 328 5036 ²
343 5005 498 5070 (Vipsania)
508 5008 670 5070 Agrippina,
688 5009 866 5068 1’n0sor·.,v.‚
882 5010 936 5068 46³.
