3709 6234
366 865 419 920 236
928 870 1092 923 parvvlvs

410 1011 664 1099 composuerint
681 1031 689 1091 ;
711 1010 779 1075 illis
795 1011 945 1077 Moesiae
960 1035 1090 1100 pacem,
1112 1010 1175 1076 sibi
1201 1010 1346 1077 salutem
1366 1012 1653 1102 securitatemque

412 1117 529 1183 ltaliae
553 1118 646 1183 cordi
673 1119 790 1186 fuisse.
820 1160 837 1167 -
867 1120 913 1198 A,
927 1123 984 1198 li.
1002 1121 1050 1185 Ea
1069 1120 1221 1185 insecuta
1242 1126 1323 1185 sunt
1336 1118 1540 1208 reipublicae
1559 1126 1653 1185 lem-

410 1247 505 1311 pora‚
526 1248 612 1314 quae
628 1226 721 1292 sileri
738 1226 935 1314 Agricolam
950 1251 1018 1292 non
1044 1228 1205 1307 sinerent,
1225 1234 1276 1293 tot
1290 1227 1458 1293 exercitus
1471 1226 1504 1291 in
1520 1226 1651 1292 Moesia

412 1332 583 1422 Daciaque
603 1341 637 1400 et
655 1334 836 1400 Germania
850 1343 885 1401 et
908 1335 1083 1401 Pannonia
1098 1335 1287 1401 temeritate
1314 1341 1373 1400 aut
1395 1357 1455 1422 per
1476 1334 1651 1421 ignaviam

411 1439 535 1505 ducum
551 1442 680 1506 amissi.

367 1546 518 1613 DACVS
558 1548 661 1635 (sing.
692 1548 801 1636 coll),
835 1549 957 1615 DACI.
980 1587 1024 1598 —
1058 1548 1085 1631 l,
1111 1573 1140 1613 a.
1171 1548 1379 1614 Nobilitatus
1398 1546 1552 1614 cladibus
1574 1571 1651 1614 mu-

412 1654 479 1718 tuis
510 1653 632 1721 Dacus.
664 1696 699 1705 -
720 1654 852 1736 ttulit.
880 1656 974 1722 Mota
998 1664 1033 1722 ct
1057 1658 1223 1721 Dacorum
1253 1679 1338 1742 gens
1362 1678 1548 1744 numquam
1567 1655 1647 1732 fida,

410 1767 491 1825 tune
507 1761 578 1825 sine
606 1772 710 1842 metu,
738 1762 914 1828 abductoe
930 1764 1058 1829 Moesia
1079 1764 1229 1829 exercitu
1250 1813 1272 1829 ..
1294 1762 1344 1828 Ne
1368 1771 1507 1829 externa
1542 1763 1650 1827 moles

412 1869 581 1956 utrimque
597 1870 781 1956 ingrueret,
799 1871 827 1934 si
840 1871 953 1935 Dacus
964 1871 1222 1959 Germanusque
1234 1869 1359 1935 diversi
1374 1870 1593 1958 inrupissent.
1606 1909 1650 1919 -

412 1974 469 2052 lli,
488 1974 542 2053 54,
561 1976 708 2064 Vulgata
728 2001 861 2043 rumore
878 2003 896 2042 a
916 1978 1080 2044 Sarmatis
1097 1979 1264 2066 Dacisque
1290 1978 1437 2042 Moesica
1462 2000 1500 2043 ac
1515 1976 1648 2042 Panno-

410 2083 485 2146 nica
500 2082 638 2148 hiberna
655 2085 907 2151 circumsederi.
923 2125 967 2135 -
981 2086 1020 2166 F,
1037 2085 1069 2148 6.
1085 2086 1282 2173 (Diurpanei
1298 2087 1467 2150 Dacorum
1481 2084 1649 2173 regis).-

413 2190 451 2255 G.
476 2215 501 2254 i.
519 2191 700 2257 Germania
722 2194 841 2257 omnis.
867 2246 874 2258 .
898 2193 1095 2258 aSarmatis
1124 2192 1292 2280 Dacisque
1319 2200 1438 2257 mutuo
1470 2199 1562 2257 metu
1590 2199 1648 2257 aut

411 2296 584 2362 montibus
604 2306 790 2386 separatur.

368 2402 541 2470 DAHAE.
560 2430 646 2486 —2‚
670 2406 701 2470 3.
725 2406 921 2471 Artabanus
944 2406 1219 2470 Arsacidarume
1241 2406 1406 2493 sanguine
1421 2404 1511 2493 apud
1534 2405 1647 2470 Dahas

411 2509 560 2576 adultus,
580 2550 619 2562 —
641 2536 691 2587 ιι,
718 2518 750 2578 8.
780 2511 919 2578 Interim
939 2513 1101 2577 Gotarzes
1127 2512 1319 2578 Daharum¹
1346 2513 1647 2600 Hyrcanorumque

411 2618 533 2704 opibus
548 2627 667 2683 auctus
683 2619 810 2684 bellum
827 2628 1032 2688 renovat-
1054 2644 1102 2691 ιι,
1126 2643 1176 2684 ιο.
1194 2619 1249 2683 Ad
1266 2621 1391 2685 ssumen
1407 2618 1647 2708 Sinden‚quod

413 2724 526 2789 Dahas
546 2726 715 2814 Ariosque
730 2727 956 2792 disterminat.

369 2832 675 2909 1)ALMAT1.·t‚v.
701 2833 954 2899 DELMATIA.

369 2939 656 3006 DANDrllllthl.
686 2979 722 2991 -
755 2965 806 3022 ια,
836 2940 886 3007 16,
913 2941 968 3007 Sic
996 2940 1115 3028 pulsus
1148 2940 1256 3006 bostis
1288 2949 1496 3030 ventumque
1526 2941 1645 3007 Sozam

411 3046 573 3133 oppidum
596 3047 816 3113 Dandaricae.

369 3152 685 3220 DANDAlilDAF..
703 3194 746 3204 -
766 3179 816 3236 η,
837 3155 886 3222 ι5.
905 3154 1119 3221 Mithridates
1132 3157 1350 3244 Bosporanus
1374 3156 1510 3219 amissis
1526 3155 1647 3244 opibus

410 3284 560 3348 vagus..
585 3262 734 3326 exercitu
752 3271 868 3328 coacto
888 3286 1003 3349 regem
1026 3263 1293 3328 Dandaridarum
1318 3262 1477 3328 exturbat
1492 3262 1647 3351 imperio-

410 3393 475 3458 que
495 3370 567 3434 eius
583 3371 721 3458 potitur.

366 3479 377 3502 '
401 3476 644 3551 unuvsslvs,
668 3501 701 3542 r.
724 3476 881 3541 uluvv
886 3477 966 3541 IVS.

368 3581 610 3658 DANVVlVS,
629 3623 671 3632 —
693 3609 723 3660 2,
747 3583 801 3650 63.
826 3581 1085 3669 (Maroboduus)
1106 3591 1321 3669 trangressus
1353 3582 1558 3658 Danuvium,
1580 3605 1646 3670 qua

411 3692 567 3756 Noricam
606 3691 813 3777 provinciam
847 3690 1044 3778 praefluit...
1073 3689 1213 3754 Barbari
1258 3698 1440 3777 utrumque
1474 3689 1647 3775 (Marobo-

410 3798 514 3863 duum
534 3805 568 3862 et
596 3796 807 3882 Catualdanr)
838 3797 1001 3870 comitati,
1047 3819 1088 3861 ne
1118 3797 1251 3883 quietas
1284 3797 1476 3884 provincias
1502 3796 1648 3862 immixti

410 3904 599 3982 turbarent,
616 3904 807 3968 Danuvium
824 3904 910 3969 ultra
924 3904 1012 3968 inter
1032 3903 1172 3967 llumina
1187 3903 1320 3968 Marum
1335 3910 1370 3968 et
1390 3903 1520 3968 Cusum
1532 3903 1647 3968 locan-

411 4020 476 4077 tur.
494 4048 538 4060 -
556 4014 584 4089 l,
603 4013 633 4075 ι’).
651 4011 813 4097 lliparn...
835 4010 979 4074 Danuvii
1001 4010 1172 4096 legionum
1194 4009 1279 4075 duae
1294 4010 1329 4074 in
1355 4010 1541 4080 Pannonia.
1559 4009 1646 4077 duae

410 4120 444 4183 in
470 4117 598 4182 Moesia
616 4116 816 4192 attinebant,
841 4116 981 4181 totidem
1004 4116 1093 4203 apud
1115 4116 1318 4183 Delmatiam
1339 4117 1500 4183 locatis...
1525 4156 1565 4166 -
1593 4142 1643 4194 ια,

412 4226 463 4289 30.
481 4224 675 4289 Vannius...
698 4223 739 4287 ad
766 4222 908 4287 classem
937 4224 970 4287 in
997 4223 1150 4289 Danuvio
1172 4225 1402 4311 opperientem
1420 4224 1577 4312 perfugit.
1602 4262 1645 4274 -

413 4331 473 4410 ΙΙΙ,
496 4330 550 4407 46.
563 4329 676 4415 (Daci)
693 4330 896 4416 expugnatis
915 4328 1102 4394 cohortium
1120 4329 1317 4418 alarumque
1337 4330 1488 4395 hibernis
1502 4337 1645 4419 utraque

413 4437 557 4503 Danuvii
578 4436 649 4525 ripa
666 4434 893 4523 potiebantur,
918 4437 1050 4524 iamque
1074 4444 1184 4501 castra
1201 4436 1373 4524 legionum
1390 4437 1644 4526 (Moesicarum)

410 4544 606 4610 exscindere
621 4543 824 4631 parabant...
844 4583 884 4594 -
901 4545 940 4616 G,
962 4566 990 4609 r.
1012 4543 1193 4609 Germania
1213 4544 1323 4608 omnis
1347 4567 1364 4607 a
1381 4542 1489 4607 Gallis
1506 4544 1645 4610 Raetis—-

367 4836 438 4883 mota
461 4838 484 4882 et
514 4835 647 4881 Dacorum
672 4848 770 4897 pens...
796 4834 911 4881 abducto
927 4849 940 4881 e
959 4834 1060 4883 bineria
1077 4836 1210 4885 eren-itu.
1226 4835 1266 4883 Cs.
1291 4834 1396 4900 Aprir..
1419 4843 1446 4892 Ar
1465 4848 1471 4882 :
1491 4834 1517 4883 in
1540 4833 1645 4884 Moesia

368 4914 543 4980 Daciaque.»
563 4914 823 4975 (Onnum-Murena.)

397 4995 406 5030 ¹
422 4994 448 5047 Μ
464 5012 470 5045 :
485 4994 627 5044 deberem.
