<?xml version="1.0" encoding="UTF-8"?>
<!DOCTYPE html PUBLIC "-//W3C//DTD XHTML 1.0 Transitional//EN"
    "http://www.w3.org/TR/xhtml1/DTD/xhtml1-transitional.dtd">
<html xmlns="http://www.w3.org/1999/xhtml" xml:lang="en" lang="en">
 <head>
  <title>
</title>
<meta http-equiv="Content-Type" content="text/html;charset=utf-8" />
  <meta name='ocr-system' content='tesseract 3.04.00' />
  <meta name='ocr-capabilities' content='ocr_page ocr_carea ocr_par ocr_line ocrx_word'/>
</head>
<body>
  <div class='ocr_page' id='page_1' title='image "./onomasticontaci00fabigoog_0674.png"; bbox 0 0 3709 6234; ppageno 0'>
   <div class='ocr_carea' id='block_1_1' title="bbox 354 845 1076 900">
    <p class='ocr_par' dir='ltr' id='par_1_1' title="bbox 354 845 1076 900">
     <span class='ocr_line' id='line_1_1' title="bbox 354 845 1076 900; baseline 0 -1"><span class='ocrx_word' id='word_1_1' title='bbox 354 845 408 899; x_wconf 90' lang='grc'>666</span> <span class='ocrx_word' id='word_1_2' title='bbox 925 847 1076 900; x_wconf 81' lang='lat' dir='ltr'>TlBEltlt&#39;S</span> 
     </span>
    </p>
   </div>
   <div class='ocr_carea' id='block_1_2' title="bbox 394 968 1651 5043">
    <p class='ocr_par' dir='ltr' id='par_1_2' title="bbox 394 968 1651 5043">
     <span class='ocr_line' id='line_1_2' title="bbox 400 968 1651 1076; baseline -0.004 -22"><span class='ocrx_word' id='word_1_3' title='bbox 400 989 599 1054; x_wconf 75' lang='lat' dir='ltr'><strong>Commotus</strong></span> <span class='ocrx_word' id='word_1_4' title='bbox 619 996 671 1053; x_wconf 91' lang='lat' dir='ltr'>est</span> <span class='ocrx_word' id='word_1_5' title='bbox 690 986 844 1052; x_wconf 87' lang='lat' dir='ltr'>Tiberius</span> <span class='ocrx_word' id='word_1_6' title='bbox 865 995 909 1067; x_wconf 86' lang='lat' dir='ltr'>et,</span> <span class='ocrx_word' id='word_1_7' title='bbox 934 1010 1141 1076; x_wconf 89' lang='lat' dir='ltr'>quamquam</span> <span class='ocrx_word' id='word_1_8' title='bbox 1162 986 1301 1052; x_wconf 92' lang='lat' dir='ltr'>mitibus</span> <span class='ocrx_word' id='word_1_9' title='bbox 1317 968 1430 1050; x_wconf 80' lang='lat' dir='ltr'>veihis</span> <span class='ocrx_word' id='word_1_10' title='bbox 1455 984 1526 1075; x_wconf 86' lang='lat' dir='ltr'>(L.)</span> <span class='ocrx_word' id='word_1_11' title='bbox 1547 986 1651 1050; x_wconf 89' lang='lat' dir='ltr'>Piso·</span> 
     </span>
     <span class='ocr_line' id='line_1_3' title="bbox 399 1092 1648 1184; baseline -0.001 -24"><span class='ocrx_word' id='word_1_12' title='bbox 399 1118 476 1160; x_wconf 90' lang='lat' dir='ltr'>nem</span> <span class='ocrx_word' id='word_1_13' title='bbox 491 1096 738 1183; x_wconf 83' lang='lat' dir='ltr'>permulsisset,</span> <span class='ocrx_word' id='word_1_14' title='bbox 747 1095 958 1183; x_wconf 90' lang='lat' dir='ltr'>propinquos</span> <span class='ocrx_word' id='word_1_15' title='bbox 973 1118 1108 1184; x_wconf 89' lang='lat' dir='ltr'>quoque</span> <span class='ocrx_word' id='word_1_16' title='bbox 1121 1096 1193 1160; x_wconf 91' lang='lat' dir='ltr'>eius</span> <span class='ocrx_word' id='word_1_17' title='bbox 1209 1094 1356 1181; x_wconf 78' lang='lat' dir='ltr'>impulit,</span> <span class='ocrx_word' id='word_1_18' title='bbox 1364 1099 1403 1158; x_wconf 90' lang='lat' dir='ltr'>ut</span> <span class='ocrx_word' id='word_1_19' title='bbox 1413 1092 1614 1159; x_wconf 89' lang='lat' dir='ltr'>abeuntem.</span> <span class='ocrx_word' id='word_1_20' title='bbox 1624 1146 1648 1159; x_wconf 89' lang='lat'>..</span> 
     </span>
     <span class='ocr_line' id='line_1_4' title="bbox 398 1200 1651 1290; baseline -0.002 -22"><span class='ocrx_word' id='word_1_21' title='bbox 398 1210 593 1269; x_wconf 86' lang='lat' dir='ltr'>tenerent...</span> <span class='ocrx_word' id='word_1_22' title='bbox 614 1203 683 1267; x_wconf 85' lang='lat' dir='ltr'>Nec</span> <span class='ocrx_word' id='word_1_23' title='bbox 697 1211 755 1267; x_wconf 91' lang='lat' dir='ltr'>aut</span> <span class='ocrx_word' id='word_1_24' title='bbox 775 1201 962 1288; x_wconf 79' lang='lat' dir='ltr'>Vrgulania</span> <span class='ocrx_word' id='word_1_25' title='bbox 978 1202 1237 1290; x_wconf 86' lang='lat' dir='ltr'>obtemperavit,</span> <span class='ocrx_word' id='word_1_26' title='bbox 1265 1203 1299 1266; x_wconf 90' lang='lat' dir='ltr'>in</span> <span class='ocrx_word' id='word_1_27' title='bbox 1320 1200 1458 1265; x_wconf 90' lang='lat' dir='ltr'>domum</span> <span class='ocrx_word' id='word_1_28' title='bbox 1483 1200 1651 1266; x_wconf 76' lang='lat' dir='ltr'>Caesaris</span> 
     </span>
     <span class='ocr_line' id='line_1_5' title="bbox 398 1308 1650 1400; baseline -0.001 -26"><span class='ocrx_word' id='word_1_29' title='bbox 398 1318 512 1400; x_wconf 89' lang='lat' dir='ltr'>spreto</span> <span class='ocrx_word' id='word_1_30' title='bbox 535 1310 659 1375; x_wconf 77' lang='lat' dir='ltr'>Pisone</span> <span class='ocrx_word' id='word_1_31' title='bbox 676 1318 817 1375; x_wconf 83' lang='lat' dir='ltr'>recta...</span> <span class='ocrx_word' id='word_1_32' title='bbox 842 1309 1009 1389; x_wconf 87' lang='lat' dir='ltr'>Tiberius,</span> <span class='ocrx_word' id='word_1_33' title='bbox 1036 1310 1203 1376; x_wconf 89' lang='lat' dir='ltr'>hactenus</span> <span class='ocrx_word' id='word_1_34' title='bbox 1222 1308 1398 1396; x_wconf 82' lang='lat' dir='ltr'>indulgere</span> <span class='ocrx_word' id='word_1_35' title='bbox 1414 1309 1512 1374; x_wconf 91' lang='lat' dir='ltr'>matri</span> <span class='ocrx_word' id='word_1_36' title='bbox 1541 1309 1650 1374; x_wconf 89' lang='lat' dir='ltr'>eivile</span> 
     </span>
     <span class='ocr_line' id='line_1_6' title="bbox 399 1416 1650 1504; baseline 0 -23"><span class='ocrx_word' id='word_1_37' title='bbox 399 1426 503 1498; x_wconf 84' lang='lat' dir='ltr'>ratus,</span> <span class='ocrx_word' id='word_1_38' title='bbox 521 1425 559 1482; x_wconf 93' lang='lat' dir='ltr'>ut</span> <span class='ocrx_word' id='word_1_39' title='bbox 574 1441 650 1484; x_wconf 91' lang='lat' dir='ltr'>se...</span> <span class='ocrx_word' id='word_1_40' title='bbox 668 1417 1081 1504; x_wconf 81' lang='lat' dir='ltr'>adlaturuml&#39;rgulaniae</span> <span class='ocrx_word' id='word_1_41' title='bbox 1099 1417 1265 1483; x_wconf 90' lang='lat' dir='ltr'>diceret...</span> <span class='ocrx_word' id='word_1_42' title='bbox 1297 1416 1397 1504; x_wconf 89' lang='lat' dir='ltr'>lsque</span> <span class='ocrx_word' id='word_1_43' title='bbox 1426 1417 1502 1480; x_wconf 89' lang='lat' dir='ltr'>linis</span> <span class='ocrx_word' id='word_1_44' title='bbox 1524 1417 1588 1494; x_wconf 88' lang='lat' dir='ltr'>rei,</span> <span class='ocrx_word' id='word_1_45' title='bbox 1603 1440 1650 1481; x_wconf 82' lang='lat' dir='ltr'>ex</span> 
     </span>
     <span class='ocr_line' id='line_1_7' title="bbox 398 1523 1646 1614; baseline 0.001 -24"><span class='ocrx_word' id='word_1_46' title='bbox 398 1549 464 1614; x_wconf 91' lang='lat' dir='ltr'>qua</span> <span class='ocrx_word' id='word_1_47' title='bbox 489 1548 599 1614; x_wconf 90' lang='lat' dir='ltr'>neque</span> <span class='ocrx_word' id='word_1_48' title='bbox 620 1526 698 1590; x_wconf 89' lang='lat' dir='ltr'>Piso</span> <span class='ocrx_word' id='word_1_49' title='bbox 718 1523 882 1610; x_wconf 75' lang='lat' dir='ltr'>inglorius</span> <span class='ocrx_word' id='word_1_50' title='bbox 904 1533 938 1589; x_wconf 91' lang='lat' dir='ltr'>et</span> <span class='ocrx_word' id='word_1_51' title='bbox 958 1525 1084 1590; x_wconf 91' lang='lat' dir='ltr'>Caesar</span> <span class='ocrx_word' id='word_1_52' title='bbox 1106 1525 1231 1590; x_wconf 87' lang='lat' dir='ltr'>maiore</span> <span class='ocrx_word' id='word_1_53' title='bbox 1257 1524 1346 1589; x_wconf 88' lang='lat' dir='ltr'>lama</span> <span class='ocrx_word' id='word_1_54' title='bbox 1366 1523 1440 1591; x_wconf 87' lang='lat' dir='ltr'>luit.</span> <span class='ocrx_word' id='word_1_55' title='bbox 1465 1563 1508 1572; x_wconf 98' lang='lat'><em>-</em></span> <span class='ocrx_word' id='word_1_56' title='bbox 1530 1547 1562 1594; x_wconf 86' lang='grc'>3.</span> <span class='ocrx_word' id='word_1_57' title='bbox 1585 1524 1646 1591; x_wconf 84' lang='grc'>35.</span> 
     </span>
     <span class='ocr_line' id='line_1_8' title="bbox 401 1630 1650 1723; baseline -0.002 -25"><span class='ocrx_word' id='word_1_58' title='bbox 401 1632 496 1723; x_wconf 82' lang='lat' dir='ltr'>(Cn.)</span> <span class='ocrx_word' id='word_1_59' title='bbox 513 1634 606 1712; x_wconf 89' lang='lat' dir='ltr'>Piso,</span> <span class='ocrx_word' id='word_1_60' title='bbox 624 1656 829 1721; x_wconf 89' lang='lat' dir='ltr'>quamquam</span> <span class='ocrx_word' id='word_1_61' title='bbox 845 1632 1017 1697; x_wconf 87' lang='grc'><strong>3131333111</strong></span> <span class='ocrx_word' id='word_1_62' title='bbox 1045 1656 1080 1697; x_wconf 88' lang='lat' dir='ltr'>se</span> <span class='ocrx_word' id='word_1_63' title='bbox 1100 1633 1234 1697; x_wconf 80' lang='lat' dir='ltr'>dixerat</span> <span class='ocrx_word' id='word_1_64' title='bbox 1251 1633 1386 1711; x_wconf 79' lang='lat' dir='ltr'>Caesar,</span> <span class='ocrx_word' id='word_1_65' title='bbox 1405 1630 1448 1696; x_wconf 92' lang='lat' dir='ltr'>ob</span> <span class='ocrx_word' id='word_1_66' title='bbox 1472 1630 1505 1695; x_wconf 94' lang='lat' dir='ltr'>id</span> <span class='ocrx_word' id='word_1_67' title='bbox 1531 1633 1650 1717; x_wconf 79' lang='lat' dir='ltr'>magis</span> 
     </span>
     <span class='ocr_line' id='line_1_9' title="bbox 398 1738 1650 1828; baseline -0.003 -23"><span class='ocrx_word' id='word_1_68' title='bbox 398 1739 547 1827; x_wconf 88' lang='lat' dir='ltr'>agendas</span> <span class='ocrx_word' id='word_1_69' title='bbox 559 1742 641 1828; x_wconf 90' lang='lat' dir='ltr'>(res)</span> <span class='ocrx_word' id='word_1_70' title='bbox 652 1740 854 1807; x_wconf 86' lang='lat' dir='ltr'>censebat...</span> <span class='ocrx_word' id='word_1_71' title='bbox 872 1739 1034 1806; x_wconf 82' lang='lat' dir='ltr'><strong>Gallus...</strong></span> <span class='ocrx_word' id='word_1_72' title='bbox 1049 1739 1131 1803; x_wconf 91' lang='lat' dir='ltr'>nibil</span> <span class='ocrx_word' id='word_1_73' title='bbox 1142 1741 1225 1805; x_wconf 89' lang='lat' dir='ltr'>satis</span> <span class='ocrx_word' id='word_1_74' title='bbox 1240 1740 1383 1804; x_wconf 90' lang='lat' dir='ltr'>inlustre</span> <span class='ocrx_word' id='word_1_75' title='bbox 1396 1747 1454 1803; x_wconf 92' lang='lat' dir='ltr'>aut</span> <span class='ocrx_word' id='word_1_76' title='bbox 1469 1762 1512 1803; x_wconf 78' lang='lat' dir='ltr'>ex</span> <span class='ocrx_word' id='word_1_77' title='bbox 1527 1738 1650 1823; x_wconf 76' lang='lat' dir='ltr'>digni-</span> 
     </span>
     <span class='ocr_line' id='line_1_10' title="bbox 397 1846 1646 1937; baseline -0.001 -24"><span class='ocrx_word' id='word_1_78' title='bbox 397 1856 467 1914; x_wconf 87' lang='lat' dir='ltr'>tate</span> <span class='ocrx_word' id='word_1_79' title='bbox 486 1848 602 1937; x_wconf 87' lang='lat' dir='ltr'>populi</span> <span class='ocrx_word' id='word_1_80' title='bbox 623 1848 767 1914; x_wconf 88' lang='lat' dir='ltr'>Romani</span> <span class='ocrx_word' id='word_1_81' title='bbox 789 1848 853 1913; x_wconf 91' lang='lat' dir='ltr'>nisi</span> <span class='ocrx_word' id='word_1_82' title='bbox 873 1871 986 1912; x_wconf 89' lang='lat' dir='ltr'>coram</span> <span class='ocrx_word' id='word_1_83' title='bbox 1007 1856 1041 1913; x_wconf 92' lang='lat' dir='ltr'>et</span> <span class='ocrx_word' id='word_1_84' title='bbox 1059 1848 1122 1912; x_wconf 92' lang='lat' dir='ltr'>sub</span> <span class='ocrx_word' id='word_1_85' title='bbox 1146 1848 1254 1913; x_wconf 90' lang='lat' dir='ltr'>oculis</span> <span class='ocrx_word' id='word_1_86' title='bbox 1275 1848 1470 1913; x_wconf 78' lang='lat' dir='ltr'>Caesaris..</span> <span class='ocrx_word' id='word_1_87' title='bbox 1488 1846 1646 1912; x_wconf 86' lang='lat' dir='ltr'>dicebat.</span> 
     </span>
     <span class='ocr_line' id='line_1_11' title="bbox 398 1955 1647 2043; baseline -0.003 -22"><span class='ocrx_word' id='word_1_88' title='bbox 398 1956 568 2021; x_wconf 76' lang='lat' dir='ltr'>Audiente</span> <span class='ocrx_word' id='word_1_89' title='bbox 586 1956 667 2020; x_wconf 90' lang='grc'><strong>11333</strong></span> <span class='ocrx_word' id='word_1_90' title='bbox 687 1955 867 2020; x_wconf 74' lang='lat' dir='ltr'>Tiberinae</span> <span class='ocrx_word' id='word_1_91' title='bbox 883 1955 1017 2037; x_wconf 87' lang='lat' dir='ltr'>silente,</span> <span class='ocrx_word' id='word_1_92' title='bbox 1042 1955 1175 2042; x_wconf 84' lang='lat' dir='ltr'>magnis</span> <span class='ocrx_word' id='word_1_93' title='bbox 1192 1956 1362 2043; x_wconf 87' lang='lat' dir='ltr'>utrimque</span> <span class='ocrx_word' id='word_1_94' title='bbox 1379 1957 1542 2042; x_wconf 87' lang='lat' dir='ltr'>(patrum)</span> <span class='ocrx_word' id='word_1_95' title='bbox 1558 1977 1647 2018; x_wconf 90' lang='lat' dir='ltr'>eon·</span> 
     </span>
     <span class='ocr_line' id='line_1_12' title="bbox 397 2062 1647 2143; baseline -0.002 -15"><span class='ocrx_word' id='word_1_96' title='bbox 397 2064 606 2129; x_wconf 76' lang='lat' dir='ltr'>tentionibus</span> <span class='ocrx_word' id='word_1_97' title='bbox 626 2064 880 2143; x_wconf 79' lang='grc'><strong>3313,-3,3(1.</strong></span> <span class='ocrx_word' id='word_1_98' title='bbox 899 2064 1129 2128; x_wconf 86' lang='grc' dir='ltr'><strong>Ε1003133133</strong></span> <span class='ocrx_word' id='word_1_99' title='bbox 1150 2062 1251 2128; x_wconf 93' lang='lat' dir='ltr'>Gallo</span> <span class='ocrx_word' id='word_1_100' title='bbox 1272 2062 1436 2127; x_wconf 77' lang='lat' dir='ltr'>adversus</span> <span class='ocrx_word' id='word_1_101' title='bbox 1456 2063 1647 2127; x_wconf 88' lang='lat' dir='ltr'>Caesarem</span> 
     </span>
     <span class='ocr_line' id='line_1_13' title="bbox 398 2170 1648 2259; baseline -0.002 -24"><span class='ocrx_word' id='word_1_102' title='bbox 398 2179 553 2235; x_wconf 87' lang='lat' dir='ltr'>exortum</span> <span class='ocrx_word' id='word_1_103' title='bbox 578 2178 654 2250; x_wconf 86' lang='grc'><strong>331;</strong></span> <span class='ocrx_word' id='word_1_104' title='bbox 686 2193 763 2234; x_wconf 89' lang='grc'><strong>33111</strong></span> <span class='ocrx_word' id='word_1_105' title='bbox 797 2171 970 2237; x_wconf 89' lang='grc'><strong>3333311...</strong></span> <span class='ocrx_word' id='word_1_106' title='bbox 994 2170 1147 2234; x_wconf 85' lang='lat' dir='ltr'>Tiberius</span> <span class='ocrx_word' id='word_1_107' title='bbox 1183 2178 1308 2246; x_wconf 90' lang='lat' dir='ltr'>tamen,</span> <span class='ocrx_word' id='word_1_108' title='bbox 1334 2170 1431 2259; x_wconf 90' lang='lat' dir='ltr'>quasi</span> <span class='ocrx_word' id='word_1_109' title='bbox 1457 2178 1648 2254; x_wconf 82' lang='lat' dir='ltr'>augeretur</span> 
     </span>
     <span class='ocr_line' id='line_1_14' title="bbox 395 2276 1647 2368; baseline -0.001 -27"><span class='ocrx_word' id='word_1_110' title='bbox 395 2286 545 2368; x_wconf 89' lang='lat' dir='ltr'>potestas</span> <span class='ocrx_word' id='word_1_111' title='bbox 583 2279 666 2347; x_wconf 72' lang='lat' dir='ltr'>eius,</span> <span class='ocrx_word' id='word_1_112' title='bbox 699 2277 898 2344; x_wconf 84' lang='lat' dir='ltr'>disseruit...</span> <span class='ocrx_word' id='word_1_113' title='bbox 918 2303 1008 2357; x_wconf 81' lang='lat'>—2.</span> <span class='ocrx_word' id='word_1_114' title='bbox 1027 2277 1082 2366; x_wconf 82' lang='lat'>37.</span> <span class='ocrx_word' id='word_1_115' title='bbox 1109 2308 1123 2335; x_wconf 84' lang='lat'>«</span> <span class='ocrx_word' id='word_1_116' title='bbox 1144 2277 1386 2366; x_wconf 81' lang='lat' dir='ltr'>Adsequentur</span> <span class='ocrx_word' id='word_1_117' title='bbox 1413 2276 1526 2363; x_wconf 89' lang='lat' dir='ltr'>(liberi</span> <span class='ocrx_word' id='word_1_118' title='bbox 1557 2279 1647 2364; x_wconf 88' lang='lat' dir='ltr'>mei)</span> 
     </span>
     <span class='ocr_line' id='line_1_15' title="bbox 396 2384 1648 2474; baseline -0.002 -24"><span class='ocrx_word' id='word_1_119' title='bbox 396 2388 537 2452; x_wconf 92' lang='lat' dir='ltr'>llorentc</span> <span class='ocrx_word' id='word_1_120' title='bbox 557 2393 602 2459; x_wconf 83' lang='lat' dir='ltr'>te.</span> <span class='ocrx_word' id='word_1_121' title='bbox 617 2385 753 2461; x_wconf 83' lang='lat' dir='ltr'>Caesar,</span> <span class='ocrx_word' id='word_1_122' title='bbox 771 2409 857 2474; x_wconf 92' lang='lat' dir='ltr'>quos</span> <span class='ocrx_word' id='word_1_123' title='bbox 867 2386 1001 2450; x_wconf 86' lang='lat' dir='ltr'>dederis</span> <span class='ocrx_word' id='word_1_124' title='bbox 1021 2386 1231 2451; x_wconf 88' lang='lat' dir='ltr'>honores...»</span> <span class='ocrx_word' id='word_1_125' title='bbox 1250 2385 1429 2473; x_wconf 87' lang='lat' dir='ltr'>(Loquitur</span> <span class='ocrx_word' id='word_1_126' title='bbox 1443 2385 1491 2452; x_wconf 90' lang='lat' dir='ltr'>M.</span> <span class='ocrx_word' id='word_1_127' title='bbox 1512 2384 1648 2450; x_wconf 82' lang='grc'><strong>110313-</strong></span> 
     </span>
     <span class='ocr_line' id='line_1_16' title="bbox 397 2480 1647 2582; baseline -0.001 -25"><span class='ocrx_word' id='word_1_128' title='bbox 397 2493 477 2580; x_wconf 87' lang='grc'><strong>133).</strong></span> <span class='ocrx_word' id='word_1_129' title='bbox 494 2518 581 2564; x_wconf 83' lang='grc'>-3,</span> <span class='ocrx_word' id='word_1_130' title='bbox 595 2480 649 2559; x_wconf 81' lang='lat'>38‘.</span> <span class='ocrx_word' id='word_1_131' title='bbox 668 2492 846 2558; x_wconf 84' lang='lat' dir='ltr'>Inclinatio</span> <span class='ocrx_word' id='word_1_132' title='bbox 871 2502 1010 2558; x_wconf 88' lang='lat' dir='ltr'>senatus</span> <span class='ocrx_word' id='word_1_133' title='bbox 1033 2494 1289 2559; x_wconf 91' lang='lat' dir='ltr'>incitamentum</span> <span class='ocrx_word' id='word_1_134' title='bbox 1312 2491 1445 2557; x_wconf 82' lang='lat' dir='ltr'>Tiberio</span> <span class='ocrx_word' id='word_1_135' title='bbox 1467 2492 1544 2568; x_wconf 82' lang='grc'><strong>1311,</strong></span> <span class='ocrx_word' id='word_1_136' title='bbox 1572 2518 1647 2582; x_wconf 93' lang='lat' dir='ltr'>quo</span> 
     </span>
     <span class='ocr_line' id='line_1_17' title="bbox 395 2600 1647 2690; baseline 0.002 -25"><span class='ocrx_word' id='word_1_137' title='bbox 395 2603 584 2690; x_wconf 89' lang='lat' dir='ltr'>promptius</span> <span class='ocrx_word' id='word_1_138' title='bbox 621 2600 898 2666; x_wconf 88' lang='lat' dir='ltr'>adversaretur...</span> <span class='ocrx_word' id='word_1_139' title='bbox 927 2600 1047 2666; x_wconf 90' lang='lat' dir='ltr'>Plures</span> <span class='ocrx_word' id='word_1_140' title='bbox 1082 2624 1142 2690; x_wconf 88' lang='lat' dir='ltr'>per</span> <span class='ocrx_word' id='word_1_141' title='bbox 1184 2601 1357 2664; x_wconf 90' lang='lat' dir='ltr'>silentium</span> <span class='ocrx_word' id='word_1_142' title='bbox 1382 2608 1440 2664; x_wconf 92' lang='lat' dir='ltr'>aut</span> <span class='ocrx_word' id='word_1_143' title='bbox 1464 2601 1647 2667; x_wconf 90' lang='lat' dir='ltr'>occultum</span> 
     </span>
     <span class='ocr_line' id='line_1_18' title="bbox 395 2698 1647 2797; baseline 0.002 -24"><span class='ocrx_word' id='word_1_144' title='bbox 395 2723 546 2773; x_wconf 86' lang='lat' dir='ltr'>murmur</span> <span class='ocrx_word' id='word_1_145' title='bbox 566 2731 729 2796; x_wconf 83' lang='lat' dir='ltr'>excepere</span> <span class='ocrx_word' id='word_1_146' title='bbox 751 2708 870 2792; x_wconf 79' lang='lat' dir='ltr'>(verba</span> <span class='ocrx_word' id='word_1_147' title='bbox 897 2698 1092 2797; x_wconf 71' lang='lat' dir='ltr'>prin‘cipis);</span> <span class='ocrx_word' id='word_1_148' title='bbox 1125 2709 1298 2795; x_wconf 84' lang='lat' dir='ltr'>sensitque</span> <span class='ocrx_word' id='word_1_149' title='bbox 1333 2707 1531 2774; x_wconf 79' lang='lat' dir='ltr'>Tiberius..</span> <span class='ocrx_word' id='word_1_150' title='bbox 1570 2710 1647 2775; x_wconf 83' lang='lat' dir='ltr'>Ne-</span> 
     </span>
     <span class='ocr_line' id='line_1_19' title="bbox 399 2814 1644 2905; baseline 0.002 -25"><span class='ocrx_word' id='word_1_151' title='bbox 399 2839 463 2905; x_wconf 92' lang='lat' dir='ltr'>que</span> <span class='ocrx_word' id='word_1_152' title='bbox 483 2816 663 2880; x_wconf 89' lang='lat' dir='ltr'>miseratus</span> <span class='ocrx_word' id='word_1_153' title='bbox 691 2825 743 2881; x_wconf 90' lang='lat' dir='ltr'>est</span> <span class='ocrx_word' id='word_1_154' title='bbox 764 2816 905 2903; x_wconf 88' lang='lat' dir='ltr'>posthac</span> <span class='ocrx_word' id='word_1_155' title='bbox 928 2815 1094 2882; x_wconf 76' lang='lat' dir='ltr'>Tiberius</span> <span class='ocrx_word' id='word_1_156' title='bbox 1123 2815 1278 2904; x_wconf 88' lang='lat' dir='ltr'>quamvis</span> <span class='ocrx_word' id='word_1_157' title='bbox 1302 2814 1424 2879; x_wconf 91' lang='lat' dir='ltr'>domus</span> <span class='ocrx_word' id='word_1_158' title='bbox 1458 2815 1644 2883; x_wconf 82' lang='lat' dir='ltr'>Hortensii</span> 
     </span>
     <span class='ocr_line' id='line_1_20' title="bbox 396 2922 1644 3012; baseline 0.001 -24"><span class='ocrx_word' id='word_1_159' title='bbox 396 2922 587 3012; x_wconf 90' lang='lat' dir='ltr'>pudendam</span> <span class='ocrx_word' id='word_1_160' title='bbox 610 2922 652 2987; x_wconf 90' lang='lat' dir='ltr'>ad</span> <span class='ocrx_word' id='word_1_161' title='bbox 668 2924 816 3010; x_wconf 92' lang='lat' dir='ltr'>inopiam</span> <span class='ocrx_word' id='word_1_162' title='bbox 836 2922 1061 2989; x_wconf 81' lang='lat' dir='ltr'>delaberetur.</span> <span class='ocrx_word' id='word_1_163' title='bbox 1084 2922 1340 2999; x_wconf 78' lang='grc'><strong>-3,110.1331</strong></span> <span class='ocrx_word' id='word_1_164' title='bbox 1370 2923 1403 2986; x_wconf 93' lang='lat' dir='ltr'>in</span> <span class='ocrx_word' id='word_1_165' title='bbox 1429 2922 1511 2986; x_wconf 92' lang='lat' dir='ltr'>urbe</span> <span class='ocrx_word' id='word_1_166' title='bbox 1536 2923 1644 2989; x_wconf 90' lang='lat' dir='ltr'>clan-</span> 
     </span>
     <span class='ocr_line' id='line_1_21' title="bbox 396 3028 1645 3118; baseline 0.002 -24"><span class='ocrx_word' id='word_1_167' title='bbox 396 3031 658 3095; x_wconf 83' lang='grc'><strong>(1331131303133</strong></span> <span class='ocrx_word' id='word_1_168' title='bbox 683 3029 901 3095; x_wconf 86' lang='lat' dir='ltr'>celebrabant</span> <span class='ocrx_word' id='word_1_169' title='bbox 916 3028 1053 3117; x_wconf 85' lang='grc'><strong>(13133111</strong></span> <span class='ocrx_word' id='word_1_170' title='bbox 1072 3030 1261 3118; x_wconf 82' lang='lat' dir='ltr'>Agrippam</span> <span class='ocrx_word' id='word_1_171' title='bbox 1295 3030 1524 3116; x_wconf 88' lang='lat' dir='ltr'>Postumum),</span> <span class='ocrx_word' id='word_1_172' title='bbox 1558 3056 1645 3096; x_wconf 90' lang='lat' dir='ltr'>cum</span> 
     </span>
     <span class='ocr_line' id='line_1_22' title="bbox 396 3135 1647 3225; baseline 0 -24"><span class='ocrx_word' id='word_1_173' title='bbox 396 3137 565 3202; x_wconf 86' lang='lat' dir='ltr'>&#39;liberium</span> <span class='ocrx_word' id='word_1_174' title='bbox 582 3160 707 3224; x_wconf 87' lang='lat' dir='ltr'>anceps</span> <span class='ocrx_word' id='word_1_175' title='bbox 727 3160 806 3201; x_wconf 89' lang='lat' dir='ltr'>cura</span> <span class='ocrx_word' id='word_1_176' title='bbox 821 3135 1050 3203; x_wconf 88' lang='lat' dir='ltr'>distrahere...</span> <span class='ocrx_word' id='word_1_177' title='bbox 1071 3137 1286 3201; x_wconf 87' lang='lat' dir='ltr'>Percontanti</span> <span class='ocrx_word' id='word_1_178' title='bbox 1305 3136 1449 3214; x_wconf 89' lang='lat' dir='ltr'>Tiberio,</span> <span class='ocrx_word' id='word_1_179' title='bbox 1463 3140 1647 3225; x_wconf 91' lang='lat' dir='ltr'>quomodo</span> 
     </span>
     <span class='ocr_line' id='line_1_23' title="bbox 397 3243 1645 3332; baseline -0.006 -22"><span class='ocrx_word' id='word_1_180' title='bbox 397 3246 547 3332; x_wconf 71' lang='lat' dir='ltr'>Agrippa</span> <span class='ocrx_word' id='word_1_181' title='bbox 560 3245 778 3322; x_wconf 83' lang='lat' dir='ltr'>lactusesset,</span> <span class='ocrx_word' id='word_1_182' title='bbox 797 3244 1011 3331; x_wconf 90' lang='lat' dir='ltr'>respondisse</span> <span class='ocrx_word' id='word_1_183' title='bbox 1027 3244 1152 3309; x_wconf 88' lang='lat' dir='ltr'>fertur:</span> <span class='ocrx_word' id='word_1_184' title='bbox 1169 3273 1183 3304; x_wconf 77' lang='lat' dir='ltr'>a</span> <span class='ocrx_word' id='word_1_185' title='bbox 1202 3244 1385 3323; x_wconf 80' lang='lat' dir='ltr'>Quomodo</span> <span class='ocrx_word' id='word_1_186' title='bbox 1395 3251 1431 3308; x_wconf 87' lang='lat' dir='ltr'>tu</span> <span class='ocrx_word' id='word_1_187' title='bbox 1442 3243 1584 3311; x_wconf 88' lang='lat' dir='ltr'>Caesar.</span> <span class='ocrx_word' id='word_1_188' title='bbox 1596 3276 1645 3312; x_wconf 71' lang='lat' dir='ltr'>..n</span> 
     </span>
     <span class='ocr_line' id='line_1_24' title="bbox 396 3351 1646 3440; baseline 0.002 -23"><span class='ocrx_word' id='word_1_189' title='bbox 396 3352 464 3417; x_wconf 85' lang='lat' dir='ltr'>Nec</span> <span class='ocrx_word' id='word_1_190' title='bbox 476 3352 628 3415; x_wconf 84' lang='lat' dir='ltr'>&#39;liberius</span> <span class='ocrx_word' id='word_1_191' title='bbox 644 3374 786 3439; x_wconf 88' lang='lat' dir='ltr'>poenam</span> <span class='ocrx_word' id='word_1_192' title='bbox 808 3353 880 3415; x_wconf 85' lang='lat' dir='ltr'>eius</span> <span class='ocrx_word' id='word_1_193' title='bbox 900 3351 1012 3438; x_wconf 88' lang='lat' dir='ltr'>palam</span> <span class='ocrx_word' id='word_1_194' title='bbox 1043 3375 1145 3416; x_wconf 89' lang='lat' dir='ltr'>ausus</span> <span class='ocrx_word' id='word_1_195' title='bbox 1176 3353 1209 3415; x_wconf 93' lang='lat' dir='ltr'>in</span> <span class='ocrx_word' id='word_1_196' title='bbox 1240 3360 1366 3415; x_wconf 89' lang='lat' dir='ltr'>secreta</span> <span class='ocrx_word' id='word_1_197' title='bbox 1389 3351 1511 3416; x_wconf 91' lang='lat' dir='ltr'>Palatii</span> <span class='ocrx_word' id='word_1_198' title='bbox 1542 3365 1646 3440; x_wconf 90' lang='lat' dir='ltr'>parte</span> 
     </span>
     <span class='ocr_line' id='line_1_25' title="bbox 397 3458 1645 3547; baseline 0.003 -24"><span class='ocrx_word' id='word_1_199' title='bbox 397 3460 538 3524; x_wconf 87' lang='lat' dir='ltr'>interlici</span> <span class='ocrx_word' id='word_1_200' title='bbox 554 3460 663 3523; x_wconf 89' lang='lat' dir='ltr'>iussit.</span> <span class='ocrx_word' id='word_1_201' title='bbox 688 3499 727 3509; x_wconf 90' lang='lat'>-</span> <span class='ocrx_word' id='word_1_202' title='bbox 747 3485 776 3534; x_wconf 83' lang='grc'>3,</span> <span class='ocrx_word' id='word_1_203' title='bbox 801 3462 855 3534; x_wconf 70' lang='lat' dir='ltr'>dr.</span> <span class='ocrx_word' id='word_1_204' title='bbox 882 3458 962 3522; x_wconf 82' lang='lat' dir='ltr'>Fine</span> <span class='ocrx_word' id='word_1_205' title='bbox 977 3460 1054 3523; x_wconf 92' lang='lat' dir='ltr'>anni</span> <span class='ocrx_word' id='word_1_206' title='bbox 1074 3483 1172 3523; x_wconf 87' lang='grc'><strong>33333</strong></span> <span class='ocrx_word' id='word_1_207' title='bbox 1198 3468 1334 3547; x_wconf 86' lang='lat' dir='ltr'>propter</span> <span class='ocrx_word' id='word_1_208' title='bbox 1353 3459 1468 3523; x_wconf 91' lang='lat' dir='ltr'>aedem</span> <span class='ocrx_word' id='word_1_209' title='bbox 1494 3460 1645 3527; x_wconf 86' lang='lat' dir='ltr'>Saturni</span> 
     </span>
     <span class='ocr_line' id='line_1_26' title="bbox 396 3566 1647 3654; baseline 0.002 -24"><span class='ocrx_word' id='word_1_210' title='bbox 396 3567 438 3630; x_wconf 93' lang='lat' dir='ltr'>ob</span> <span class='ocrx_word' id='word_1_211' title='bbox 454 3574 587 3653; x_wconf 89' lang='lat' dir='ltr'>recepta</span> <span class='ocrx_word' id='word_1_212' title='bbox 614 3568 709 3650; x_wconf 67' lang='lat' dir='ltr'>signa</span> <span class='ocrx_word' id='word_1_213' title='bbox 731 3590 806 3630; x_wconf 91' lang='lat' dir='ltr'>cum</span> <span class='ocrx_word' id='word_1_214' title='bbox 837 3567 925 3630; x_wconf 78' lang='lat' dir='ltr'>l&#39;aro</span> <span class='ocrx_word' id='word_1_215' title='bbox 949 3567 1072 3630; x_wconf 90' lang='lat' dir='ltr'>amissa</span> <span class='ocrx_word' id='word_1_216' title='bbox 1107 3567 1209 3630; x_wconf 89' lang='lat' dir='ltr'>ductu</span> <span class='ocrx_word' id='word_1_217' title='bbox 1242 3566 1445 3644; x_wconf 79' lang='lat' dir='ltr'>Germanici,</span> <span class='ocrx_word' id='word_1_218' title='bbox 1473 3569 1647 3654; x_wconf 87' lang='lat' dir='ltr'>auspiciis</span> 
     </span>
     <span class='ocr_line' id='line_1_27' title="bbox 395 3673 1648 3748; baseline 0.003 -11"><span class='ocrx_word' id='word_1_219' title='bbox 395 3673 560 3739; x_wconf 83' lang='lat' dir='ltr'>Tiberii...</span> <span class='ocrx_word' id='word_1_220' title='bbox 584 3673 749 3738; x_wconf 89' lang='lat' dir='ltr'>dicantur.</span> <span class='ocrx_word' id='word_1_221' title='bbox 768 3713 810 3720; x_wconf 96' lang='lat'>—</span> <span class='ocrx_word' id='word_1_222' title='bbox 830 3699 859 3745; x_wconf 89' lang='grc'>3,</span> <span class='ocrx_word' id='word_1_223' title='bbox 879 3679 933 3748; x_wconf 68' lang='lat' dir='ltr'>ta.</span> <span class='ocrx_word' id='word_1_224' title='bbox 953 3673 1107 3737; x_wconf 81' lang='lat' dir='ltr'>Tiberius</span> <span class='ocrx_word' id='word_1_225' title='bbox 1123 3674 1258 3737; x_wconf 89' lang='grc'><strong>1101111113</strong></span> <span class='ocrx_word' id='word_1_226' title='bbox 1271 3674 1462 3737; x_wconf 86' lang='lat' dir='ltr'>Germanici</span> <span class='ocrx_word' id='word_1_227' title='bbox 1479 3682 1648 3740; x_wconf 86' lang='lat' dir='ltr'>trecenos</span> 
     </span>
     <span class='ocr_line' id='line_1_28' title="bbox 395 3779 1647 3868; baseline 0.005 -25"><span class='ocrx_word' id='word_1_228' title='bbox 395 3780 485 3868; x_wconf 91' lang='lat' dir='ltr'>plebi</span> <span class='ocrx_word' id='word_1_229' title='bbox 518 3781 693 3845; x_wconf 87' lang='lat' dir='ltr'>sestertios</span> <span class='ocrx_word' id='word_1_230' title='bbox 721 3781 847 3844; x_wconf 74' lang='lat' dir='ltr'>viritim</span> <span class='ocrx_word' id='word_1_231' title='bbox 886 3781 1020 3847; x_wconf 85' lang='lat' dir='ltr'>dedit...</span> <span class='ocrx_word' id='word_1_232' title='bbox 1045 3781 1118 3844; x_wconf 82' lang='lat' dir='ltr'>ltex</span> <span class='ocrx_word' id='word_1_233' title='bbox 1148 3781 1377 3845; x_wconf 72' lang='lat' dir='ltr'>⁴lrchelaus..</span> <span class='ocrx_word' id='word_1_234' title='bbox 1419 3779 1647 3867; x_wconf 79' lang='lat' dir='ltr'>Cappadocia</span> 
     </span>
     <span class='ocr_line' id='line_1_29' title="bbox 396 3887 1646 3977; baseline 0.004 -25"><span class='ocrx_word' id='word_1_235' title='bbox 396 3889 597 3977; x_wconf 74' lang='lat' dir='ltr'>potiebatur,</span> <span class='ocrx_word' id='word_1_236' title='bbox 630 3889 760 3951; x_wconf 80' lang='lat' dir='ltr'>inrisus</span> <span class='ocrx_word' id='word_1_237' title='bbox 789 3888 934 3963; x_wconf 81' lang='lat' dir='ltr'>liberio,</span> <span class='ocrx_word' id='word_1_238' title='bbox 976 3889 1066 3975; x_wconf 90' lang='lat' dir='ltr'>quod</span> <span class='ocrx_word' id='word_1_239' title='bbox 1094 3911 1170 3952; x_wconf 92' lang='lat' dir='ltr'>eum</span> <span class='ocrx_word' id='word_1_240' title='bbox 1203 3887 1311 3951; x_wconf 84' lang='lat' dir='ltr'>llbodi</span> <span class='ocrx_word' id='word_1_241' title='bbox 1341 3897 1496 3972; x_wconf 69' lang='lat' dir='ltr'>agentem</span> <span class='ocrx_word' id='word_1_242' title='bbox 1540 3891 1646 3957; x_wconf 89' lang='lat' dir='ltr'>nullu</span> 
     </span>
     <span class='ocr_line' id='line_1_30' title="bbox 395 3994 1648 4082; baseline 0.006 -24"><span class='ocrx_word' id='word_1_243' title='bbox 395 3997 504 4060; x_wconf 86' lang='lat' dir='ltr'>ollieio</span> <span class='ocrx_word' id='word_1_244' title='bbox 528 3995 742 4066; x_wconf 77' lang='lat' dir='ltr'>coluissel.,.;</span> <span class='ocrx_word' id='word_1_245' title='bbox 765 3998 904 4059; x_wconf 91' lang='grc'><strong>11033313</strong></span> <span class='ocrx_word' id='word_1_246' title='bbox 927 3997 964 4059; x_wconf 71' lang='lat' dir='ltr'>(j.</span> <span class='ocrx_word' id='word_1_247' title='bbox 990 3997 1131 4059; x_wconf 79' lang='lat' dir='ltr'>Caesare</span> <span class='ocrx_word' id='word_1_248' title='bbox 1146 3996 1315 4082; x_wconf 84' lang='lat' dir='ltr'>missoque</span> <span class='ocrx_word' id='word_1_249' title='bbox 1340 3995 1380 4059; x_wconf 93' lang='lat' dir='ltr'>ad</span> <span class='ocrx_word' id='word_1_250' title='bbox 1411 4018 1462 4058; x_wconf 89' lang='lat' dir='ltr'>res</span> <span class='ocrx_word' id='word_1_251' title='bbox 1483 3994 1648 4064; x_wconf 87' lang='lat' dir='ltr'>llrientis</span> 
     </span>
     <span class='ocr_line' id='line_1_31' title="bbox 395 4087 1647 4188; baseline 0.005 -22"><span class='ocrx_word' id='word_1_252' title='bbox 395 4105 503 4167; x_wconf 90' lang='lat' dir='ltr'>intuta</span> <span class='ocrx_word' id='word_1_253' title='bbox 533 4087 836 4165; x_wconf 50' lang='lat' dir='ltr'>&#39;liberii&#39;amieitia</span> <span class='ocrx_word' id='word_1_254' title='bbox 871 4102 1111 4168; x_wconf 85' lang='lat' dir='ltr'>credebatur...</span> <span class='ocrx_word' id='word_1_255' title='bbox 1151 4104 1306 4188; x_wconf 77' lang='lat' dir='ltr'>ltegnum</span> <span class='ocrx_word' id='word_1_256' title='bbox 1346 4103 1378 4165; x_wconf 91' lang='lat' dir='ltr'>in</span> <span class='ocrx_word' id='word_1_257' title='bbox 1422 4105 1647 4188; x_wconf 77' lang='lat' dir='ltr'>provinciam</span> 
     </span>
     <span class='ocr_line' id='line_1_32' title="bbox 395 4209 1647 4301; baseline 0.006 -29"><span class='ocrx_word' id='word_1_258' title='bbox 395 4210 567 4274; x_wconf 87' lang='lat' dir='ltr'>redactum</span> <span class='ocrx_word' id='word_1_259' title='bbox 584 4217 645 4275; x_wconf 89' lang='grc'><strong>331.</strong></span> <span class='ocrx_word' id='word_1_260' title='bbox 671 4210 902 4296; x_wconf 81' lang='lat' dir='ltr'>fructibusque</span> <span class='ocrx_word' id='word_1_261' title='bbox 927 4211 998 4272; x_wconf 87' lang='lat' dir='ltr'>eius</span> <span class='ocrx_word' id='word_1_262' title='bbox 1018 4209 1121 4272; x_wconf 76' lang='lat' dir='ltr'>levari</span> <span class='ocrx_word' id='word_1_263' title='bbox 1138 4233 1236 4295; x_wconf 89' lang='lat' dir='ltr'>posse</span> <span class='ocrx_word' id='word_1_264' title='bbox 1260 4210 1462 4273; x_wconf 76' lang='lat' dir='ltr'>centesimae</span> <span class='ocrx_word' id='word_1_265' title='bbox 1487 4214 1647 4301; x_wconf 81' lang='lat' dir='ltr'>vectigal</span> 
     </span>
     <span class='ocr_line' id='line_1_33' title="bbox 395 4316 1645 4403; baseline 0.006 -24"><span class='ocrx_word' id='word_1_266' title='bbox 395 4317 567 4403; x_wconf 80' lang='lat' dir='ltr'>professus</span> <span class='ocrx_word' id='word_1_267' title='bbox 584 4318 749 4382; x_wconf 75' lang='grc'><strong>(133333...</strong></span> <span class='ocrx_word' id='word_1_268' title='bbox 767 4356 809 4364; x_wconf 96' lang='grc'>-</span> <span class='ocrx_word' id='word_1_269' title='bbox 828 4342 857 4396; x_wconf 76' lang='lat' dir='ltr'>a,</span> <span class='ocrx_word' id='word_1_270' title='bbox 876 4316 930 4392; x_wconf 70' lang='lat'>43.</span> <span class='ocrx_word' id='word_1_271' title='bbox 955 4316 1108 4380; x_wconf 85' lang='lat' dir='ltr'>&#39;liberius</span> <span class='ocrx_word' id='word_1_272' title='bbox 1124 4316 1319 4381; x_wconf 82' lang='lat' dir='ltr'>demoverat</span> <span class='ocrx_word' id='word_1_273' title='bbox 1343 4318 1441 4403; x_wconf 67' lang='lat' dir='ltr'>Syria</span> <span class='ocrx_word' id='word_1_274' title='bbox 1458 4316 1645 4387; x_wconf 85' lang='lat' dir='ltr'>Creticum</span> 
     </span>
     <span class='ocr_line' id='line_1_34' title="bbox 395 4423 1647 4509; baseline 0.006 -22"><span class='ocrx_word' id='word_1_275' title='bbox 395 4425 548 4488; x_wconf 75' lang='lat' dir='ltr'>Silanum</span> <span class='ocrx_word' id='word_1_276' title='bbox 584 4448 642 4509; x_wconf 88' lang='lat' dir='ltr'>per</span> <span class='ocrx_word' id='word_1_277' title='bbox 671 4424 879 4488; x_wconf 85' lang='lat' dir='ltr'>adlinitatem</span> <span class='ocrx_word' id='word_1_278' title='bbox 916 4447 1081 4488; x_wconf 81' lang='lat' dir='ltr'>conexum</span> <span class='ocrx_word' id='word_1_279' title='bbox 1122 4425 1367 4489; x_wconf 85' lang='lat' dir='ltr'>Germanice...</span> <span class='ocrx_word' id='word_1_280' title='bbox 1401 4423 1465 4487; x_wconf 78' lang='lat' dir='ltr'>t&#39;ix</span> <span class='ocrx_word' id='word_1_281' title='bbox 1498 4425 1647 4494; x_wconf 86' lang='lat' dir='ltr'>Tiberio</span> 
     </span>
     <span class='ocr_line' id='line_1_35' title="bbox 394 4532 1642 4619; baseline 0.002 -22"><span class='ocrx_word' id='word_1_282' title='bbox 394 4532 576 4597; x_wconf 89' lang='lat' dir='ltr'>concedere</span> <span class='ocrx_word' id='word_1_283' title='bbox 596 4534 675 4617; x_wconf 74' lang='lat' dir='ltr'>(llo.</span> <span class='ocrx_word' id='word_1_284' title='bbox 700 4532 1030 4617; x_wconf 78' lang='grc'><strong>1)130),111133033133</strong></span> <span class='ocrx_word' id='word_1_285' title='bbox 1051 4540 1086 4595; x_wconf 92' lang='grc'>31</span> <span class='ocrx_word' id='word_1_286' title='bbox 1113 4532 1258 4596; x_wconf 90' lang='lat' dir='ltr'>multum</span> <span class='ocrx_word' id='word_1_287' title='bbox 1278 4533 1363 4595; x_wconf 89' lang='lat' dir='ltr'>inlra</span> <span class='ocrx_word' id='word_1_288' title='bbox 1387 4532 1642 4619; x_wconf 85' lang='lat' dir='ltr'>despectare...</span> 
     </span>
     <span class='ocr_line' id='line_1_36' title="bbox 395 4638 1644 4725; baseline 0.004 -22"><span class='ocrx_word' id='word_1_289' title='bbox 395 4640 575 4703; x_wconf 72' lang='lat' dir='ltr'>Credidere</span> <span class='ocrx_word' id='word_1_290' title='bbox 591 4638 728 4725; x_wconf 92' lang='lat' dir='ltr'>quidam</span> <span class='ocrx_word' id='word_1_291' title='bbox 739 4639 816 4702; x_wconf 89' lang='grc'><strong>(1313</strong></span> <span class='ocrx_word' id='word_1_292' title='bbox 834 4647 866 4702; x_wconf 90' lang='grc'>31</span> <span class='ocrx_word' id='word_1_293' title='bbox 882 4664 900 4701; x_wconf 88' lang='grc'>3</span> <span class='ocrx_word' id='word_1_294' title='bbox 916 4639 1049 4702; x_wconf 78' lang='lat' dir='ltr'>&#39;liberio</span> <span class='ocrx_word' id='word_1_295' title='bbox 1072 4639 1129 4725; x_wconf 84' lang='lat' dir='ltr'>(ei)</span> <span class='ocrx_word' id='word_1_296' title='bbox 1143 4639 1272 4703; x_wconf 87' lang='grc'><strong>0333113</strong></span> <span class='ocrx_word' id='word_1_297' title='bbox 1291 4639 1450 4702; x_wconf 88' lang='lat' dir='ltr'>mandata</span> <span class='ocrx_word' id='word_1_298' title='bbox 1464 4639 1516 4723; x_wconf 89' lang='grc'>(13</span> <span class='ocrx_word' id='word_1_299' title='bbox 1547 4643 1644 4708; x_wconf 89' lang='lat' dir='ltr'>Ger-</span> 
     </span>
     <span class='ocr_line' id='line_1_37' title="bbox 395 4744 1644 4833; baseline 0.003 -22"><span class='ocrx_word' id='word_1_300' title='bbox 395 4748 620 4830; x_wconf 84' lang='lat' dir='ltr'>manicum)...</span> <span class='ocrx_word' id='word_1_301' title='bbox 643 4746 841 4809; x_wconf 82' lang='lat' dir='ltr'>&#39;l&#39;iberinsut</span> <span class='ocrx_word' id='word_1_302' title='bbox 861 4748 1033 4833; x_wconf 86' lang='lat' dir='ltr'>proprium</span> <span class='ocrx_word' id='word_1_303' title='bbox 1050 4755 1079 4810; x_wconf 87' lang='lat' dir='ltr'>et</span> <span class='ocrx_word' id='word_1_304' title='bbox 1104 4748 1153 4809; x_wconf 86' lang='lat' dir='ltr'>sui</span> <span class='ocrx_word' id='word_1_305' title='bbox 1172 4747 1347 4829; x_wconf 72' lang='lat' dir='ltr'>sanguinis</span> <span class='ocrx_word' id='word_1_306' title='bbox 1369 4747 1516 4810; x_wconf 83' lang='lat' dir='ltr'>Drusum</span> <span class='ocrx_word' id='word_1_307' title='bbox 1539 4744 1644 4815; x_wconf 81' lang='lat' dir='ltr'>love-</span> 
     </span>
     <span class='ocr_line' id='line_1_38' title="bbox 395 4854 1643 4936; baseline 0.004 -18"><span class='ocrx_word' id='word_1_308' title='bbox 395 4855 830 4936; x_wconf 74' lang='grc'><strong>1131.-3,((.(1)333331)</strong></span> <span class='ocrx_word' id='word_1_309' title='bbox 849 4854 976 4917; x_wconf 89' lang='lat' dir='ltr'>urbano</span> <span class='ocrx_word' id='word_1_310' title='bbox 1000 4854 1083 4917; x_wconf 83' lang='lat' dir='ltr'>luxu</span> <span class='ocrx_word' id='word_1_311' title='bbox 1108 4855 1339 4917; x_wconf 73' lang='lat' dir='ltr'>lascivientem</span> <span class='ocrx_word' id='word_1_312' title='bbox 1358 4854 1478 4917; x_wconf 86' lang='lat' dir='ltr'>melius</span> <span class='ocrx_word' id='word_1_313' title='bbox 1501 4855 1535 4919; x_wconf 93' lang='lat' dir='ltr'>in</span> <span class='ocrx_word' id='word_1_314' title='bbox 1563 4881 1643 4923; x_wconf 89' lang='lat' dir='ltr'>cas-</span> 
     </span>
     <span class='ocr_line' id='line_1_39' title="bbox 395 4960 1640 5043; baseline 0.003 -18"><span class='ocrx_word' id='word_1_315' title='bbox 395 4963 454 5030; x_wconf 87' lang='lat' dir='ltr'>tris</span> <span class='ocrx_word' id='word_1_316' title='bbox 464 4961 578 5029; x_wconf 85' lang='lat' dir='ltr'>baberi</span> <span class='ocrx_word' id='word_1_317' title='bbox 592 4960 751 5029; x_wconf 77' lang='lat' dir='ltr'>liberius,</span> <span class='ocrx_word' id='word_1_318' title='bbox 761 5013 766 5024; x_wconf 91' lang='lat'>.</span> <span class='ocrx_word' id='word_1_319' title='bbox 777 5015 782 5026; x_wconf 94' lang='lat'>.</span> <span class='ocrx_word' id='word_1_320' title='bbox 792 4962 936 5028; x_wconf 86' lang='lat' dir='ltr'>rebatur.</span> <span class='ocrx_word' id='word_1_321' title='bbox 950 5002 992 5009; x_wconf 93' lang='lat'><strong>—</strong></span> <span class='ocrx_word' id='word_1_322' title='bbox 1005 4986 1034 5030; x_wconf 81' lang='lat'>2.</span> <span class='ocrx_word' id='word_1_323' title='bbox 1051 4962 1102 5043; x_wconf 75' lang='grc'><strong>(5,</strong></span> <span class='ocrx_word' id='word_1_324' title='bbox 1116 4962 1301 5030; x_wconf 58' lang='lat' dir='ltr'>Arminius.</span> <span class='ocrx_word' id='word_1_325' title='bbox 1311 4961 1607 5034; x_wconf 65' lang='lat' dir='ltr'>...llaroboduunn</span> <span class='ocrx_word' id='word_1_326' title='bbox 1618 5020 1640 5040; x_wconf 78' lang='lat'>.,</span> 
     </span>
    </p>
   </div>
   <div class='ocr_carea' id='block_1_3' title="bbox 1535 5355 1759 5517">
    <p class='ocr_par' dir='ltr' id='par_1_3' title="bbox 1535 5355 1759 5517">
     <span class='ocr_line' id='line_1_40' title="bbox 1535 5355 1759 5517; baseline 0 0"><span class='ocrx_word' id='word_1_327' title='bbox 1535 5355 1759 5517; x_wconf 58' lang='lat' dir='ltr'>nrt</span> 
     </span>
    </p>
   </div>
   <div class='ocr_carea' id='block_1_4' title="bbox 0 0 1860 6229">
    <p class='ocr_par' dir='ltr' id='par_1_4' title="bbox 0 0 1860 6229">
     <span class='ocr_line' id='line_1_41' title="bbox 0 0 1860 6229; baseline 0 0"><span class='ocrx_word' id='word_1_328' title='bbox 0 0 1860 6229; x_wconf 95' lang='lat' dir='ltr'> </span> 
     </span>
    </p>
   </div>
  </div>
 </body>
</html>
