3709 6234
286 879 340 936 692
496 890 499 896 “
858 877 999 931 tautum

323 1019 420 1085 foeda
449 1021 527 1108 luga
554 1019 708 1107 dispersa
740 1017 822 1083 totis
850 1016 979 1104 campis
1004 1016 1173 1105 palantur.
1197 1053 1240 1066 -
1257 1015 1313 1096 IV,
1333 1017 1388 1084 28.
1416 1016 1580 1105 (Civilis)
1637 1067 1641 1074 .

325 1128 450 1192 vastari
471 1127 576 1192 Vbios
593 1126 857 1214 Trevirosque...
876 1124 983 1191 iubet.
1013 1159 1058 1174 -
1077 1125 1136 1204 lv,
1156 1124 1209 1190 32.
1228 1124 1412 1213 (Loquitur
1438 1124 1583 1212 Civilis)

327 1262 342 1293 a
371 1234 439 1299 Vos
456 1241 582 1306 autem.
599 1233 625 1295 T
628 1233 734 1298 reveri
746 1240 944 1321 ceteraeque
965 1231 1185 1297 servientium
1205 1231 1347 1313 animae,
1366 1232 1464 1321 quod
1481 1253 1582 1319 prae·

327 1341 432 1405 mium
452 1341 549 1405 ellusi
569 1341 696 1405 totiens
719 1340 895 1427 sanguinis
910 1338 1116 1428 exspectatis
1132 1339 1197 1403 nisi
1213 1339 1382 1426 ingratam
1397 1338 1578 1418 militiam,

327 1447 532 1513 immortalia
556 1446 723 1514 tributa...
736 1450 751 1512 'l
774 1474 789 1506 »
805 1486 846 1496 -
863 1446 922 1527 Ν,
942 1446 995 1533 37.
1014 1446 1167 1512 Loricam
1189 1446 1386 1536 vallumque
1411 1469 1477 1535 per
1493 1448 1581 1511 lines

329 1578 408 1620 suos
437 1554 572 1620 Treveri
603 1562 769 1635 struxere,
809 1554 1010 1642 magnisque
1032 1554 1066 1618 in
1085 1554 1195 1619 vicem
1213 1554 1367 1620 cladibus
1391 1577 1473 1619 curn
1493 1555 1580 1619 Ger-

329 1662 439 1727 manis
458 1661 644 1742 certabant,
672 1662 778 1726 donec
795 1661 929 1749 egregia
954 1684 1033 1748 erga
1047 1661 1211 1750 populum
1238 1662 1429 1727 Romanum
1452 1662 1578 1727 merita

329 1793 408 1835 mex
423 1769 567 1835 rebelles
580 1770 765 1835 foedarent.
788 1808 831 1818 -
847 1768 904 1847 Ν,
923 1767 977 1833 55.
995 1768 1150 1857 (lulium)
1168 1769 1399 1835 Classicum...
1417 1769 1576 1857 praefec-

329 1885 400 1941 tum
413 1876 486 1942 alae
499 1877 761 1942 Treverorum...
781 1876 886 1941 lulius
908 1876 1013 1941 Tutor
1028 1883 1062 1941 et
1076 1876 1181 1941 lulius
1196 1876 1353 1957 Sabinus,
1371 1876 1426 1942 hic
1438 1876 1574 1956 Treuir,

332 1983 388 2048 ille
427 1983 641 2071 Lingonus...
672 1984 824 2050 Plurima
852 1984 904 2047 vis
937 2006 1042 2071 penes
1062 1983 1218 2049 Treviros
1235 2008 1272 2049 ac
1293 1984 1491 2071 Lingonas;
1514 2008 1575 2050 nec

329 2090 437 2156 tulere
465 2115 576 2157 moras
600 2090 828 2157 consultandi.
857 2089 1023 2156 Certatim
1040 2090 1252 2179 proclamant
1266 2091 1374 2156 furere
1390 2089 1575 2157 discordiis

330 2198 492 2286 populum
528 2200 761 2265 Romanum...
793 2238 836 2247 —
868 2198 926 2275 Ν,
955 2197 1010 2285 57.
1037 2197 1237 2265 Obtestante
1251 2198 1378 2263 Vocula
1400 2222 1473 2264 non
1489 2199 1574 2264 adeo

329 2304 499 2371 turbatam
513 2306 669 2372 civilibus
685 2307 788 2372 armis
803 2330 874 2371 rem
891 2306 1093 2387 Romanam,
1109 2314 1147 2372 ut
1162 2306 1315 2371 Treveris
1330 2305 1433 2371 etiam
1446 2307 1575 2394 Lingo-

328 2413 495 2503 nibusque
527 2414 699 2503 despectui
730 2415 785 2479 sit.
804 2452 847 2461 —
883 2412 940 2478 Ν.
969 2412 1021 2481 58.
1060 2413 1296 2502 (Contionatur
1324 2413 1415 2501 apud
1443 2414 1576 2480 milites

326 2521 470 2609 Vocula)
496 2522 690 2587 «Tutorine
728 2522 865 2586 Treviro
901 2528 1045 2609 agentur
1075 2520 1262 2586 excubiae?
1283 2545 1299 2585 a
1330 2560 1373 2569 —
1418 2521 1481 2600 Ν,
1515 2521 1571 2587 62.

330 2628 434 2717 Legio
454 2637 549 2694 sexta
569 2629 699 2695 decima
709 2652 786 2694 cum
802 2628 937 2693 auxiliis
955 2627 1056 2693 simul
1075 2628 1228 2693 deditisa
1243 2628 1411 2694 Novaesio
1426 2628 1463 2693 in
1481 2629 1576 2694 cole-

330 2735 421 2800 niam
450 2736 476 2799 T
478 2737 666 2803 revirorum
700 2737 931 2823 transgredi...
957 2734 1132 2802 iubetur...
1152 2736 1317 2824 Legiones
1331 2735 1417 2801 nihil
1438 2745 1575 2803 mutato

332 2842 451 2909 itinere
484 2853 562 2910 ante
591 2844 722 2909 moenia
751 2845 965 2910 Trevirorum
982 2843 1173 2910 considunt.
1192 2843 1304 2922 -Ν,
1322 2843 1376 2909 66.
1403 2844 1572 2911 Civilis...

331 2950 444 3015 intulit
468 2975 503 3016 sc
527 2952 653 3040 agmini
676 2952 887 3037 Tungrorum
912 2958 947 3016 et
971 2951 1060 3016 clara
1079 2974 1161 3016 voce
1179 2969 1186 3015 :
1204 2977 1219 3014 a
1237 2950 1312 3015 Non
1329 2950 1417 3031 ideo,
1443 2953 1573 3040 inquit,

328 3056 455 3123 bellum
469 3059 688 3147 sumpsimus
707 3066 745 3124 ut
761 3059 877 3124 Batavi
893 3067 926 3124 et
948 3059 973 3122 T
975 3060 1082 3124 reveri
1102 3057 1261 3147 gentibus
1290 3059 1480 3146 imperent3
1500 3084 1576 3148 pro·

328 3164 384 3229 cul
396 3165 625 3231 baccanobis
639 3165 836 3252 adrogantia
856 3194 884 3231 ».
916 3204 960 3216 -
990 3167 1047 3247 Ν,
1067 3166 1121 3231 68.
1152 3165 1339 3230 Galliarum
1362 3166 1529 3232 civitates
1542 3168 1575 3231 in

329 3272 454 3337 Remos
478 3296 676 3340 convenere.
711 3274 926 3338 Trevirorum
956 3272 1081 3360 legatio
1111 3273 1180 3338 illic
1213 3272 1498 3361 opperiebatur...
1531 3314 1575 3324 -

330 3380 386 3458 Ν,
407 3381 461 3467 69.
481 3382 623 3447 Constat
640 3382 813 3447 obstitisse
836 3382 990 3446 'Treveris
1015 3382 1291 3469 Lingonibusque
1316 3382 1407 3469 apud
1423 3382 1571 3459 Gallias,

328 3488 417 3574 quod
429 3488 580 3552 Vindicis
596 3499 689 3554 motu
706 3513 781 3553 cum
801 3489 959 3574 Verginio
976 3496 1180 3553 steterant...
1200 3488 1400 3554 Scribuntur
1420 3490 1465 3553 ad
1493 3492 1574 3556 Tre·

328 3595 419 3658 viros
435 3596 597 3683 epistulae
614 3598 749 3661 nomine
761 3597 1005 3670 Galliarumul
1021 3594 1228 3661 abstinerent
1239 3597 1381 3662 aruris..
1396 3597 1498 3660 -Ν
1505 3624 1569 3687 ‚70.

330 3700 435 3787 lgitur
452 3727 518 3766 non
535 3704 668 3768 Treveri
693 3727 802 3791 neque
827 3705 996 3788 Lingones
1021 3711 1193 3768 ceteraeve
1212 3703 1388 3768 rebellium
1410 3704 1571 3770 civitates

329 3833 388 3895 pro
417 3811 650 3897 magnitudine
679 3811 826 3899 suscepti
840 3810 1047 3874 discriminis
1067 3834 1209 3897 agere...
1227 3811 1331 3874 Tutor
1348 3811 1570 3878 Trevirorum

329 3918 442 4003 copias
457 3919 593 3983 recenti.
604 3970 624 3981 ..
641 3919 764 3983 dilectu
781 3926 897 3983 auctas
913 3926 1071 3983 veterano
1089 3918 1199 4005 pedite
1213 3926 1313 4004 atquc
1328 3918 1442 4007 equite
1455 3920 1570 3984 lirina-

329 4024 417 4089 vit...
437 4025 540 4088 Tutor
555 4027 709 4089 'Treveris
735 4024 989 4097 comitantibus
1027 4025 1132 4089 vitato
1160 4026 1385 4111 Mogontiaco
1407 4026 1569 4112 Bingium

328 4132 535 4196 concessit...
552 4133 598 4195 Ea
613 4133 708 4198 clade
725 4133 870 4221 perculsi
887 4133 1056 4197 Treviri...
1075 4132 1240 4218 Legiones
1255 4157 1273 4196 a
1289 4131 1459 4197 Novaesio
1477 4136 1571 4199 Bon-

330 4262 438 4324 naque
458 4239 491 4302 in
508 4240 676 4320 Treviros
706 4249 744 4304 ut
771 4264 871 4327 supra
887 4239 1162 4316 memoravimus
1178 4239 1392 4304 traductae...
1413 4240 1571 4307 Talenti-

327 4368 391 4409 nus
408 4370 444 4409 ac
456 4347 559 4410 'l'utor
575 4348 608 4409 in
624 4372 716 4411 arina
737 4349 892 4412 Treviros
910 4347 1149 4412 retrahunt-
1172 4346 1229 4423 Ν,
1249 4367 1301 4430 71.
1333 4348 1380 4411 At
1397 4348 1524 4414 Civilis
1537 4359 1570 4416 et

329 4452 510 4533 Classicus,
536 4455 591 4517 ubi
608 4454 743 4540 pulsum
759 4456 930 4537 Tutorem,
949 4477 1065 4518 caesos
1082 4454 1249 4532 Treviros
1272 4461 1393 4519 cuncta
1410 4455 1570 4523 hostibus

328 4584 486 4647 prospera
512 4586 710 4649 accepere...
746 4563 900 4646 (l’ctilius
926 4561 1079 4641 Cerialis)
1112 4561 1319 4648 Rigodulum
1335 4562 1441 4644 venit,
1466 4589 1570 4654 quem

329 4666 439 4732 locurn
462 4693 582 4754 magna
603 4670 816 4734 'Trevirorum
837 4693 938 4734 manu
956 4669 1154 4733 Valentinus
1175 4669 1353 4734 insederat.
1369 4708 1414 4718 —
1430 4671 1492 4748 Ν,
1515 4699 1569 4761 7²·

329 4776 469 4839 Cerialis
497 4785 632 4863 postero
671 4778 723 4842 (lie
754 4777 920 4841 coloniam
936 4777 1148 4841 Trevirorum
1178 4777 1352 4863 ingressus
1377 4787 1444 4856 est,
1467 4781 1572 4846 arido

328 4883 433 4947 milite
466 4885 630 4949 eruendae
660 4886 849 4951 civitatis...
872 4884 987 4962 -Ν,
1006 4884 1059 4972 73.
1075 4884 1156 4947 blox
1172 4885 1197 4946 Τ
1200 4884 1326 4949 reviros
1337 4907 1375 4949 ac
1391 4886 1573 4974 Lingonas

328 4989 369 5053 ad
389 4992 580 5057 contionem
602 5001 738 5058 vocatos
754 4991 799 5057 ita
815 4992 1050 5081 adloquitur...
1065 5031 1108 5041 -
1124 4992 1180 5070 Ν,
1200 4994 1252 5080 75.
1269 4992 1491 5063 Tenebantur
1501 4999 1575 5064 vic-
