3709 6234
749 872 927 927 CORNELIVS
949 871 1050 925 SVLLA
1496 869 1548 927 221

312 1019 499 1094 mutantur,
528 1015 732 1083 testificante
763 1015 921 1081 Cornelio
952 1014 1071 1096 Orfito,
1109 1016 1168 1104 qui
1196 1015 1230 1080 id
1252 1024 1443 1097 censuerat,
1474 1015 1549 1082 ideo

313 1120 444 1188 lunium
473 1145 624 1189 mensem
644 1122 895 1203 transmissum,
922 1123 1002 1211 quia
1018 1122 1084 1188 duo
1105 1122 1172 1187 iam
1187 1123 1349 1211 Torquati
1364 1123 1406 1188 ob
1423 1121 1550 1188 scelera

310 1229 477 1296 interfecti
509 1230 693 1298 infaustum
714 1254 838 1297 nomen
865 1230 1001 1296 lunium
1026 1230 1198 1299 fecissent.
1216 1268 1260 1280 -
1275 1231 1333 1312 lV,
1357 1234 1410 1308 (2.
1428 1231 1550 1319 (Aqui-

311 1337 407 1427 lium)
422 1339 592 1425 Regulum
621 1339 784 1405 subversa
814 1338 1016 1405 Crassorum
1034 1347 1068 1404 ct
1084 1336 1181 1405 Orfiti
1194 1337 1316 1404 domus
1329 1339 1364 1404 in
1377 1362 1549 1404 summum

311 1445 426 1511 odium
442 1447 622 1513 extulerat.

266 1552 523 1620 CORNELIVS
545 1554 729 1622 PRIMVS.
751 1594 795 1605 --
819 1552 880 1633 ΙΙΙ,
897 1558 950 1643 74.
985 1555 1200 1621 Domitianus
1213 1555 1323 1644 (capto
1343 1555 1549 1643 incensoque

311 1661 536 1750 Capitolio)...
565 1663 655 1751 apud
679 1663 875 1729 Cornelium
910 1663 1063 1727 Primum
1084 1670 1260 1751 paternum
1276 1662 1435 1729 clientem
1455 1662 1550 1728 iuxta

311 1768 493 1835 Velabrum
509 1770 655 1837 delituit.

267 1873 522 1943 CORNELIVS
543 1876 705 1958 SCIPIO,
722 1876 884 1960 SCIPIO,
901 1877 1049 1945 SCIPIO
1071 1876 1360 1944 CORNELIVS¹.
1379 1915 1422 1928 —
1438 1877 1457 1941 3
1494 1879 1547 1966 74.

311 1984 392 2051 Tres
406 1986 571 2067 incessus,
608 1986 748 2051 totidem
770 1988 906 2074 agmina
935 1995 1097 2075 parantur
1110 1988 1145 2073 (a
1166 1983 1261 2051 lunio
1283 1985 1404 2050 Blaeso
1417 1987 1451 2049 in
1467 1984 1549 2050 Tac-

311 2091 514 2181 farinatem).
543 2093 596 2158 Ex
611 2094 687 2181 quis
703 2091 883 2159 Cornelius
911 2094 1024 2182 Scipio
1044 2094 1177 2181 legatus
1192 2092 1349 2180 praefuit,
1371 2115 1436 2181 qua
1452 2115 1550 2181 prae·

310 2198 402 2265 datio
418 2201 452 2264 in
473 2201 670 2288 Leptitanos
691 2208 724 2267 et
739 2202 885 2289 suffugia
906 2202 1163 2267 Garamantum.
1187 2240 1228 2250 —
1250 2224 1300 2282 rr,
1329 2224 1360 2267 2.
1378 2200 1551 2288 (Poppaea

311 2305 435 2372 Sabina
457 2308 498 2374 ad
512 2308 738 2374 voluntariam
759 2317 902 2375 mortem
916 2308 1076 2398 propulsa
1096 2310 1174 2396 est),
1192 2308 1276 2374 adeo
1301 2309 1418 2395 ignaro
1434 2306 1550 2395 (Clau-

311 2414 393 2496 dio),
414 2424 452 2481 ut
463 2437 590 2504 paucos
604 2424 682 2505 post
701 2415 774 2483 dies
791 2416 985 2505 epulantem
998 2417 1088 2505 apud
1103 2440 1139 2481 se
1159 2415 1317 2481 maritum
1333 2415 1405 2480 eius
1420 2414 1550 2502 Scipio·

311 2545 388 2589 nem
403 2531 670 2613 percontaretur,
688 2547 748 2591 cur
763 2525 835 2589 sinc
852 2548 957 2590 uxore
969 2524 1208 2590 discubuisset.
1224 2561 1268 2572 —
1284 2547 1334 2600 11,
1351 2526 1383 2600 I.
1397 2524 1550 2610 Rogatus

312 2632 516 2697 sententiam
536 2640 570 2697 et
585 2632 723 2720 Scipio:
746 2661 761 2692 «
785 2633 871 2698 Cum
892 2632 995 2708 idem,
1011 2632 1133 2720 inquit,
1156 2631 1197 2696 dc
1221 2631 1380 2696 admissis
1396 2631 1550 2719 Poppae-

311 2759 349 2804 ae
370 2740 526 2817 sentiam,
549 2739 639 2826 quod
654 2763 783 2817 omncs,
815 2747 932 2828 putate
954 2764 1007 2804 me
1022 2739 1113 2805 idem
1128 2738 1250 2820 dicere,
1273 2739 1365 2827 quod
1383 2761 1501 2803 omnes
1518 2763 1548 2818 n,

311 2845 458 2933 eleganti
491 2853 757 2935 temperamento
786 2848 874 2914 inter
887 2847 1102 2936 coniugalem
1124 2870 1273 2912 amorem
1297 2854 1331 2912 et
1345 2846 1549 2913 senatoriam

311 2954 560 3021 necessitatem.
589 2955 784 3035 -12,5t.
822 2955 990 3021 Additum
1010 2979 1028 3020 a
1051 2955 1210 3043 Scipione
1243 2953 1400 3021 Cornelio
1437 2962 1550 3042 grates

311 3060 444 3149 publice
460 3062 608 3148 agendas
626 3062 813 3151 (Pallanti).

268 3163 295 3233 L
325 3168 609 3258 (CORNELIVS)
622 3169 783 3250 SCIPIO,
800 3195 833 3238 v.
851 3172 887 3237 L.
907 3169 1067 3237 SCIPIO.

268 3275 306 3342 P.
322 3275 608 3365 (CORNELIVS)
639 3276 800 3359 SCIPIO,
817 3302 851 3343 v.
869 3277 907 3343 P.
927 3277 1074 3345 SCIPIO
1100 3285 1133 3343 et
1161 3276 1308 3344 SCIPIO
1351 3277 1548 3345 AFRICA-

311 3381 411 3450 NVS.

267 3489 554 3577 (CORNELIVS)
569 3491 777 3570 SlSENNA,
794 3516 827 3558 r.
850 3491 1056 3560 SISENNA.

267 3598 522 3670 CORNELIVS
542 3599 689 3664 SVLLA
708 3601 784 3686 (ri).
807 3639 851 3649 —
868 3626 899 3681 a,
921 3604 977 3678 48.
1001 3599 1180 3688 (Tiberias)
1205 3599 1341 3665 Caesar.
1362 3652 1369 3666 .
1389 3602 1549 3690 prodigos

309 3714 342 3771 et
361 3705 405 3770 ob
425 3706 553 3794 flagitia
579 3715 776 3794 egentes..,
801 3707 997 3773 Cornelium
1012 3707 1199 3784 Sullam...,
1222 3708 1330 3773 movit
1345 3716 1466 3775 senatu
1491 3718 1549 3775 aut

311 3820 431 3901 sponte
446 3813 563 3879 cedere
579 3838 700 3902 passus
719 3822 783 3882 cst.

266 3918 521 3987 CORNELIVS
541 3920 688 3987 SVLLA
702 3924 773 4008 (B),
790 3922 991 3988 FAVSTVS
1006 3921 1165 4004 SVLLA,
1182 3920 1409 3989 SVLLA2.—
1426 3946 1475 4004 12,
1491 3922 1546 3989 52.

311 4028 437 4095 Fausto
466 4027 561 4094 Sulla
594 4029 709 4095 Salvio
736 4030 869 4095 Othone
898 4029 1108 4095 consulibus.
1134 4029 1321 4109 -13,23.
1345 4029 1550 4096 Deferuntur

311 4137 432 4203 dehinc
459 4137 672 4202 consensisse
690 4136 803 4202 Pallas
829 4160 867 4203 ac
891 4138 1031 4216 Burrus,
1056 4145 1095 4204 ut
1110 4136 1288 4202 Cornelius
1300 4137 1395 4203 Sulla
1411 4137 1549 4203 claritu-

311 4245 388 4310 dine
404 4245 537 4332 gcneris
552 4252 585 4310 ct
605 4244 778 4310 adfinitate
801 4244 951 4326 Claudii,
967 4246 1021 4310 cui
1035 4268 1096 4333 per
1109 4245 1245 4334 nuptias
1260 4245 1431 4312 Antoniae
1446 4268 1549 4333 gener

311 4360 394 4433 erat,
425 4352 467 4417 ad
487 4353 666 4440 imperium
693 4361 883 4420 vocaretur.
919 4390 964 4403 -
995 4352 1044 4432 13,
1084 4356 1138 4441 47.
1165 4352 1296 4419 Nero...
1332 4353 1549 4441 suspectabat

311 4461 457 4527 maxime
473 4459 667 4525 Cornelium
688 4459 833 4540 Sullam,
851 4483 967 4525 socors
995 4459 1169 4546 ingenium
1185 4461 1257 4525 eius
1284 4460 1318 4524 in
1342 4461 1549 4526 contrarium

310 4569 447 4634 trahens
462 4567 689 4657 callidumque
709 4576 742 4632 ct
768 4567 1001 4633 simulatorem
1018 4567 1282 4655 interpretando.
1297 4565 1405 4646 Quem
1420 4577 1547 4634 metum

311 4677 460 4765 Graptus
479 4698 518 4740 ex
536 4675 667 4740 libertis
702 4674 899 4742 Caesaris..
925 4675 987 4742 tali
1014 4675 1190 4742 mendacio
1215 4675 1415 4754 intendit...,
1434 4684 1549 4742 aucto·

298 4914 307 4948 ¹
321 4911 350 4961 P.
367 4910 510 4963 Cornelius
523 4909 654 4961 Lentulus
671 4909 772 4974 Scipio.
792 4910 915 4971 Pnosor,
940 4910 1007 4967 1143.

297 5002 308 5035 ¹
322 5001 438 5052 Faustus
454 5001 594 5053 Cornelius
611 5001 685 5051 Sulla
702 5001 784 5051 Felix.
803 5000 928 5057 Paesur..
947 5016 1015 5064 ¹¹97·
