<?xml version="1.0" encoding="UTF-8"?>
<!DOCTYPE html PUBLIC "-//W3C//DTD XHTML 1.0 Transitional//EN"
    "http://www.w3.org/TR/xhtml1/DTD/xhtml1-transitional.dtd">
<html xmlns="http://www.w3.org/1999/xhtml" xml:lang="en" lang="en">
 <head>
  <title>
</title>
<meta http-equiv="Content-Type" content="text/html;charset=utf-8" />
  <meta name='ocr-system' content='tesseract 3.04.00' />
  <meta name='ocr-capabilities' content='ocr_page ocr_carea ocr_par ocr_line ocrx_word'/>
</head>
<body>
  <div class='ocr_page' id='page_1' title='image "./onomasticontaci00fabigoog_0377.png"; bbox 0 0 3709 6234; ppageno 0'>
   <div class='ocr_carea' id='block_1_1' title="bbox 777 849 1553 915">
    <p class='ocr_par' dir='ltr' id='par_1_1' title="bbox 777 849 1553 915">
     <span class='ocr_line' id='line_1_1' title="bbox 777 849 1553 915; baseline -0.001 -2"><span class='ocrx_word' id='word_1_1' title='bbox 777 863 928 915; x_wconf 78' lang='lat' dir='ltr'>ivosievs</span> <span class='ocrx_word' id='word_1_2' title='bbox 1440 859 1492 913; x_wconf 79' lang='lat' dir='ltr'>aco</span> <span class='ocrx_word' id='word_1_3' title='bbox 1549 849 1553 860; x_wconf 90' lang='lat'>&#39;</span> 
     </span>
    </p>
   </div>
   <div class='ocr_carea' id='block_1_2' title="bbox 218 1001 1502 4633">
    <p class='ocr_par' dir='ltr' id='par_1_2' title="bbox 218 1001 1502 4633">
     <span class='ocr_line' id='line_1_2' title="bbox 258 1001 1494 1091; baseline 0.001 -26"><span class='ocrx_word' id='word_1_4' title='bbox 258 1024 373 1066; x_wconf 90' lang='lat' dir='ltr'>necem</span> <span class='ocrx_word' id='word_1_5' title='bbox 410 1001 556 1067; x_wconf 90' lang='lat' dir='ltr'>militum</span> <span class='ocrx_word' id='word_1_6' title='bbox 595 1010 829 1091; x_wconf 77' lang='lat' dir='ltr'>proruperant,</span> <span class='ocrx_word' id='word_1_7' title='bbox 869 1002 1075 1082; x_wconf 75' lang='lat' dir='ltr'>dubitatum,</span> <span class='ocrx_word' id='word_1_8' title='bbox 1117 1002 1199 1090; x_wconf 95' lang='lat' dir='ltr'>quin</span> <span class='ocrx_word' id='word_1_9' title='bbox 1233 1003 1342 1089; x_wconf 90' lang='lat' dir='ltr'>capite</span> <span class='ocrx_word' id='word_1_10' title='bbox 1367 1026 1494 1091; x_wconf 90' lang='lat' dir='ltr'>poenas</span> 
     </span>
     <span class='ocr_line' id='line_1_3' title="bbox 256 1107 1495 1199; baseline 0.003 -29"><span class='ocrx_word' id='word_1_11' title='bbox 256 1107 398 1173; x_wconf 84' lang='lat' dir='ltr'>luerent.</span> <span class='ocrx_word' id='word_1_12' title='bbox 424 1148 457 1160; x_wconf 93' lang='lat'><em>-</em></span> <span class='ocrx_word' id='word_1_13' title='bbox 489 1109 529 1189; x_wconf 90' lang='lat' dir='ltr'>V,</span> <span class='ocrx_word' id='word_1_14' title='bbox 553 1135 579 1177; x_wconf 90' lang='grc' dir='ltr'>ι,</span> <span class='ocrx_word' id='word_1_15' title='bbox 603 1109 852 1199; x_wconf 79' lang='lat' dir='ltr'>(Comitabatur</span> <span class='ocrx_word' id='word_1_16' title='bbox 877 1110 1006 1197; x_wconf 81' lang='lat' dir='ltr'><strong>Titum)</strong></span> <span class='ocrx_word' id='word_1_17' title='bbox 1034 1108 1188 1176; x_wconf 88' lang='lat' dir='ltr'>valida...</span> <span class='ocrx_word' id='word_1_18' title='bbox 1219 1116 1252 1175; x_wconf 88' lang='lat' dir='ltr'>et</span> <span class='ocrx_word' id='word_1_19' title='bbox 1281 1108 1381 1174; x_wconf 91' lang='lat' dir='ltr'>solito</span> <span class='ocrx_word' id='word_1_20' title='bbox 1408 1111 1495 1175; x_wconf 89' lang='lat' dir='ltr'>inter</span> 
     </span>
     <span class='ocr_line' id='line_1_4' title="bbox 258 1215 1494 1294; baseline 0 -14"><span class='ocrx_word' id='word_1_21' title='bbox 258 1215 388 1281; x_wconf 79' lang='lat' dir='ltr'>accolas</span> <span class='ocrx_word' id='word_1_22' title='bbox 417 1217 493 1282; x_wconf 94' lang='lat' dir='ltr'>odio</span> <span class='ocrx_word' id='word_1_23' title='bbox 523 1217 654 1282; x_wconf 84' lang='lat' dir='ltr'>intensa</span> <span class='ocrx_word' id='word_1_24' title='bbox 681 1217 812 1283; x_wconf 89' lang='lat' dir='ltr'>ludaeis</span> <span class='ocrx_word' id='word_1_25' title='bbox 845 1216 998 1282; x_wconf 81' lang='lat' dir='ltr'>Arabum</span> <span class='ocrx_word' id='word_1_26' title='bbox 1019 1240 1151 1282; x_wconf 92' lang='lat' dir='ltr'>manus.</span> <span class='ocrx_word' id='word_1_27' title='bbox 1170 1256 1213 1267; x_wconf 98' lang='lat'>-</span> <span class='ocrx_word' id='word_1_28' title='bbox 1234 1218 1274 1294; x_wconf 75' lang='lat' dir='ltr'>V,</span> <span class='ocrx_word' id='word_1_29' title='bbox 1299 1241 1329 1282; x_wconf 78' lang='lat'>2.</span> <span class='ocrx_word' id='word_1_30' title='bbox 1353 1215 1494 1282; x_wconf 90' lang='lat' dir='ltr'>ludaeos</span> 
     </span>
     <span class='ocr_line' id='line_1_5' title="bbox 259 1323 1492 1412; baseline 0.006 -25"><span class='ocrx_word' id='word_1_31' title='bbox 259 1323 360 1388; x_wconf 89' lang='lat' dir='ltr'>Creta</span> <span class='ocrx_word' id='word_1_32' title='bbox 393 1323 503 1388; x_wconf 91' lang='lat' dir='ltr'>insula</span> <span class='ocrx_word' id='word_1_33' title='bbox 537 1324 700 1412; x_wconf 79' lang='lat' dir='ltr'>profugos</span> <span class='ocrx_word' id='word_1_34' title='bbox 728 1325 911 1389; x_wconf 89' lang='lat' dir='ltr'>novissima</span> <span class='ocrx_word' id='word_1_35' title='bbox 944 1323 1069 1411; x_wconf 66' lang='lat' dir='ltr'>Libyae</span> <span class='ocrx_word' id='word_1_36' title='bbox 1098 1323 1263 1388; x_wconf 80' lang='lat' dir='ltr'>insedisse</span> <span class='ocrx_word' id='word_1_37' title='bbox 1292 1332 1492 1394; x_wconf 84' lang='lat' dir='ltr'>memorant.</span> 
     </span>
     <span class='ocr_line' id='line_1_6' title="bbox 255 1430 1496 1519; baseline 0.001 -24"><span class='ocrx_word' id='word_1_38' title='bbox 255 1453 321 1518; x_wconf 90' lang='lat' dir='ltr'>qua</span> <span class='ocrx_word' id='word_1_39' title='bbox 345 1438 545 1518; x_wconf 76' lang='lat' dir='ltr'>tempestate</span> <span class='ocrx_word' id='word_1_40' title='bbox 561 1432 728 1497; x_wconf 89' lang='lat' dir='ltr'>Saturnus</span> <span class='ocrx_word' id='word_1_41' title='bbox 749 1433 782 1496; x_wconf 92' lang='lat' dir='ltr'>vi</span> <span class='ocrx_word' id='word_1_42' title='bbox 804 1432 893 1496; x_wconf 90' lang='lat' dir='ltr'>lovis</span> <span class='ocrx_word' id='word_1_43' title='bbox 909 1430 1027 1519; x_wconf 93' lang='lat' dir='ltr'>pulsus</span> <span class='ocrx_word' id='word_1_44' title='bbox 1043 1433 1183 1497; x_wconf 88' lang='lat' dir='ltr'>cesserit</span> <span class='ocrx_word' id='word_1_45' title='bbox 1198 1431 1371 1517; x_wconf 82' lang='lat' dir='ltr'>regnis...;</span> <span class='ocrx_word' id='word_1_46' title='bbox 1391 1432 1496 1497; x_wconf 89' lang='lat' dir='ltr'>inclu-</span> 
     </span>
     <span class='ocr_line' id='line_1_7' title="bbox 260 1538 1496 1614; baseline 0.001 -10"><span class='ocrx_word' id='word_1_47' title='bbox 260 1547 330 1604; x_wconf 91' lang='lat' dir='ltr'>tum</span> <span class='ocrx_word' id='word_1_48' title='bbox 353 1540 387 1602; x_wconf 95' lang='lat' dir='ltr'>in</span> <span class='ocrx_word' id='word_1_49' title='bbox 422 1538 522 1604; x_wconf 87' lang='lat' dir='ltr'>Creta</span> <span class='ocrx_word' id='word_1_50' title='bbox 553 1538 646 1603; x_wconf 92' lang='lat' dir='ltr'>ldam</span> <span class='ocrx_word' id='word_1_51' title='bbox 672 1547 834 1614; x_wconf 86' lang='lat' dir='ltr'>montem,</span> <span class='ocrx_word' id='word_1_52' title='bbox 857 1538 990 1604; x_wconf 81' lang='lat' dir='ltr'>accolas</span> <span class='ocrx_word' id='word_1_53' title='bbox 1011 1539 1129 1604; x_wconf 89' lang='lat' dir='ltr'>Idaeos</span> <span class='ocrx_word' id='word_1_54' title='bbox 1149 1540 1295 1604; x_wconf 89' lang='lat' dir='ltr'>auctoin</span> <span class='ocrx_word' id='word_1_55' title='bbox 1316 1539 1496 1605; x_wconf 89' lang='lat' dir='ltr'>barbarum</span> 
     </span>
     <span class='ocr_line' id='line_1_8' title="bbox 259 1645 1494 1732; baseline 0.004 -23"><span class='ocrx_word' id='word_1_56' title='bbox 259 1653 483 1732; x_wconf 80' lang='lat' dir='ltr'>cognomento</span> <span class='ocrx_word' id='word_1_57' title='bbox 519 1645 660 1712; x_wconf 90' lang='lat' dir='ltr'>ludaeos</span> <span class='ocrx_word' id='word_1_58' title='bbox 698 1647 881 1712; x_wconf 88' lang='lat' dir='ltr'>vocitari...</span> <span class='ocrx_word' id='word_1_59' title='bbox 921 1646 1021 1713; x_wconf 90' lang='lat' dir='ltr'>Clara</span> <span class='ocrx_word' id='word_1_60' title='bbox 1059 1647 1115 1711; x_wconf 93' lang='lat' dir='ltr'>alii</span> <span class='ocrx_word' id='word_1_61' title='bbox 1146 1646 1347 1712; x_wconf 90' lang='lat' dir='ltr'>ludaeorum</span> <span class='ocrx_word' id='word_1_62' title='bbox 1386 1649 1494 1722; x_wconf 85' lang='lat' dir='ltr'>initia,</span> 
     </span>
     <span class='ocr_line' id='line_1_9' title="bbox 260 1752 1495 1841; baseline 0.002 -23"><span class='ocrx_word' id='word_1_63' title='bbox 260 1752 430 1840; x_wconf 74' lang='lat' dir='ltr'>Solymos,</span> <span class='ocrx_word' id='word_1_64' title='bbox 471 1752 679 1819; x_wconf 82' lang='lat' dir='ltr'>carminibus</span> <span class='ocrx_word' id='word_1_65' title='bbox 718 1754 854 1819; x_wconf 87' lang='lat' dir='ltr'>Homeri</span> <span class='ocrx_word' id='word_1_66' title='bbox 889 1753 1092 1819; x_wconf 79' lang='lat' dir='ltr'>celebratam</span> <span class='ocrx_word' id='word_1_67' title='bbox 1127 1762 1305 1841; x_wconf 84' lang='lat' dir='ltr'>gentem...</span> <span class='ocrx_word' id='word_1_68' title='bbox 1328 1794 1371 1803; x_wconf 94' lang='lat'>—</span> <span class='ocrx_word' id='word_1_69' title='bbox 1394 1756 1435 1831; x_wconf 88' lang='lat' dir='ltr'>V,</span> <span class='ocrx_word' id='word_1_70' title='bbox 1463 1756 1495 1821; x_wconf 87' lang='lat'>5.</span> 
     </span>
     <span class='ocr_line' id='line_1_10' title="bbox 262 1860 1498 1950; baseline 0.002 -26"><span class='ocrx_word' id='word_1_71' title='bbox 262 1861 434 1925; x_wconf 89' lang='lat' dir='ltr'>Pessimus</span> <span class='ocrx_word' id='word_1_72' title='bbox 457 1862 600 1950; x_wconf 91' lang='lat' dir='ltr'>quisque</span> <span class='ocrx_word' id='word_1_73' title='bbox 625 1862 747 1950; x_wconf 87' lang='lat' dir='ltr'>spretis</span> <span class='ocrx_word' id='word_1_74' title='bbox 782 1860 1003 1948; x_wconf 81' lang='lat' dir='ltr'>religionibus</span> <span class='ocrx_word' id='word_1_75' title='bbox 1035 1863 1152 1949; x_wconf 89' lang='lat' dir='ltr'>patriis</span> <span class='ocrx_word' id='word_1_76' title='bbox 1187 1861 1312 1927; x_wconf 87' lang='lat' dir='ltr'>tributa</span> <span class='ocrx_word' id='word_1_77' title='bbox 1336 1870 1369 1927; x_wconf 92' lang='lat' dir='ltr'>et</span> <span class='ocrx_word' id='word_1_78' title='bbox 1393 1864 1498 1950; x_wconf 90' lang='lat' dir='ltr'>stipes</span> 
     </span>
     <span class='ocr_line' id='line_1_11' title="bbox 260 1966 1498 2054; baseline 0.004 -24"><span class='ocrx_word' id='word_1_79' title='bbox 260 1966 340 2032; x_wconf 91' lang='lat' dir='ltr'>illue</span> <span class='ocrx_word' id='word_1_80' title='bbox 367 1969 608 2054; x_wconf 75' lang='lat' dir='ltr'>congerebant,</span> <span class='ocrx_word' id='word_1_81' title='bbox 642 1970 730 2035; x_wconf 92' lang='lat' dir='ltr'>unde</span> <span class='ocrx_word' id='word_1_82' title='bbox 757 1980 874 2034; x_wconf 87' lang='lat' dir='ltr'>auctae</span> <span class='ocrx_word' id='word_1_83' title='bbox 907 1968 1108 2033; x_wconf 90' lang='lat' dir='ltr'>ludaeorum</span> <span class='ocrx_word' id='word_1_84' title='bbox 1133 1992 1222 2035; x_wconf 90' lang='lat' dir='ltr'>res...</span> <span class='ocrx_word' id='word_1_85' title='bbox 1248 1969 1361 2034; x_wconf 92' lang='lat' dir='ltr'>ludaei</span> <span class='ocrx_word' id='word_1_86' title='bbox 1387 1979 1498 2035; x_wconf 89' lang='lat' dir='ltr'>mente</span> 
     </span>
     <span class='ocr_line' id='line_1_12' title="bbox 260 2075 1498 2165; baseline 0.001 -26"><span class='ocrx_word' id='word_1_87' title='bbox 260 2075 331 2140; x_wconf 88' lang='lat' dir='ltr'>sola</span> <span class='ocrx_word' id='word_1_88' title='bbox 351 2098 524 2165; x_wconf 89' lang='lat' dir='ltr'>unumque</span> <span class='ocrx_word' id='word_1_89' title='bbox 545 2100 669 2142; x_wconf 89' lang='lat' dir='ltr'>numen</span> <span class='ocrx_word' id='word_1_90' title='bbox 695 2077 939 2164; x_wconf 82' lang='lat' dir='ltr'>intellegunt...</span> <span class='ocrx_word' id='word_1_91' title='bbox 960 2075 1057 2140; x_wconf 88' lang='lat' dir='ltr'>Liber</span> <span class='ocrx_word' id='word_1_92' title='bbox 1085 2076 1190 2141; x_wconf 88' lang='lat' dir='ltr'>lestos</span> <span class='ocrx_word' id='word_1_93' title='bbox 1213 2076 1387 2165; x_wconf 88' lang='lat' dir='ltr'>laetosque</span> <span class='ocrx_word' id='word_1_94' title='bbox 1414 2078 1498 2142; x_wconf 91' lang='lat' dir='ltr'>ritus</span> 
     </span>
     <span class='ocr_line' id='line_1_13' title="bbox 260 2183 1496 2271; baseline 0.001 -25"><span class='ocrx_word' id='word_1_95' title='bbox 260 2183 384 2271; x_wconf 87' lang='lat' dir='ltr'>posuit,</span> <span class='ocrx_word' id='word_1_96' title='bbox 405 2183 601 2249; x_wconf 87' lang='lat' dir='ltr'>ludaeorum</span> <span class='ocrx_word' id='word_1_97' title='bbox 625 2208 699 2248; x_wconf 91' lang='lat' dir='ltr'>mos</span> <span class='ocrx_word' id='word_1_98' title='bbox 713 2184 882 2249; x_wconf 91' lang='lat' dir='ltr'>absurdus</span> <span class='ocrx_word' id='word_1_99' title='bbox 898 2183 1133 2270; x_wconf 90' lang='lat' dir='ltr'>sordidusque.</span> <span class='ocrx_word' id='word_1_100' title='bbox 1154 2227 1188 2235; x_wconf 86' lang='lat'>-·</span> <span class='ocrx_word' id='word_1_101' title='bbox 1210 2183 1251 2264; x_wconf 77' lang='lat' dir='ltr'>V,</span> <span class='ocrx_word' id='word_1_102' title='bbox 1269 2185 1301 2249; x_wconf 88' lang='lat'>8.</span> <span class='ocrx_word' id='word_1_103' title='bbox 1319 2183 1496 2271; x_wconf 85' lang='lat' dir='ltr'>Templum</span> 
     </span>
     <span class='ocr_line' id='line_1_14' title="bbox 261 2289 1494 2378; baseline 0.002 -26"><span class='ocrx_word' id='word_1_104' title='bbox 261 2289 389 2355; x_wconf 90' lang='lat' dir='ltr'>intimis</span> <span class='ocrx_word' id='word_1_105' title='bbox 418 2292 667 2378; x_wconf 87' lang='lat' dir='ltr'>(munimentis)</span> <span class='ocrx_word' id='word_1_106' title='bbox 696 2291 862 2357; x_wconf 87' lang='lat' dir='ltr'>clausum.</span> <span class='ocrx_word' id='word_1_107' title='bbox 881 2290 935 2354; x_wconf 79' lang='lat' dir='ltr'>Au</span> <span class='ocrx_word' id='word_1_108' title='bbox 956 2290 1044 2355; x_wconf 89' lang='lat' dir='ltr'>lores</span> <span class='ocrx_word' id='word_1_109' title='bbox 1059 2299 1190 2355; x_wconf 90' lang='lat' dir='ltr'>tantum</span> <span class='ocrx_word' id='word_1_110' title='bbox 1208 2289 1329 2354; x_wconf 87' lang='lat' dir='ltr'>ludaco</span> <span class='ocrx_word' id='word_1_111' title='bbox 1341 2290 1494 2355; x_wconf 86' lang='lat' dir='ltr'>aditus...</span> 
     </span>
     <span class='ocr_line' id='line_1_15' title="bbox 263 2396 1495 2485; baseline -0.002 -23"><span class='ocrx_word' id='word_1_112' title='bbox 263 2397 375 2463; x_wconf 88' lang='lat' dir='ltr'>ludaei</span> <span class='ocrx_word' id='word_1_113' title='bbox 395 2398 637 2463; x_wconf 77' lang='lat' dir='ltr'>Macedonibus</span> <span class='ocrx_word' id='word_1_114' title='bbox 649 2398 819 2474; x_wconf 86' lang='lat' dir='ltr'>invalidis,</span> <span class='ocrx_word' id='word_1_115' title='bbox 838 2398 972 2463; x_wconf 88' lang='lat' dir='ltr'>Parthis</span> <span class='ocrx_word' id='word_1_116' title='bbox 986 2397 1135 2462; x_wconf 91' lang='lat' dir='ltr'>nondum</span> <span class='ocrx_word' id='word_1_117' title='bbox 1151 2396 1289 2464; x_wconf 85' lang='lat' dir='ltr'>adultis.</span> <span class='ocrx_word' id='word_1_118' title='bbox 1312 2449 1333 2466; x_wconf 85' lang='lat'>..</span> <span class='ocrx_word' id='word_1_119' title='bbox 1352 2398 1495 2485; x_wconf 89' lang='lat' dir='ltr'>sibiipsi</span> 
     </span>
     <span class='ocr_line' id='line_1_16' title="bbox 261 2505 1497 2595; baseline -0.001 -25"><span class='ocrx_word' id='word_1_120' title='bbox 261 2530 356 2593; x_wconf 81' lang='lat' dir='ltr'>reges</span> <span class='ocrx_word' id='word_1_121' title='bbox 382 2506 580 2593; x_wconf 89' lang='lat' dir='ltr'>imposuere.</span> <span class='ocrx_word' id='word_1_122' title='bbox 608 2546 650 2555; x_wconf 97' lang='lat'>—</span> <span class='ocrx_word' id='word_1_123' title='bbox 677 2506 716 2571; x_wconf 74' lang='lat' dir='ltr'>V.</span> <span class='ocrx_word' id='word_1_124' title='bbox 740 2531 770 2595; x_wconf 89' lang='lat'>9.</span> <span class='ocrx_word' id='word_1_125' title='bbox 805 2505 1035 2570; x_wconf 88' lang='lat' dir='ltr'>llonranorum</span> <span class='ocrx_word' id='word_1_126' title='bbox 1071 2506 1198 2593; x_wconf 90' lang='lat' dir='ltr'>primus</span> <span class='ocrx_word' id='word_1_127' title='bbox 1226 2505 1289 2569; x_wconf 85' lang='lat' dir='ltr'>Cn.</span> <span class='ocrx_word' id='word_1_128' title='bbox 1316 2505 1497 2593; x_wconf 89' lang='lat' dir='ltr'>Pompeius</span> 
     </span>
     <span class='ocr_line' id='line_1_17' title="bbox 262 2612 1494 2700; baseline 0.001 -22"><span class='ocrx_word' id='word_1_129' title='bbox 262 2613 404 2679; x_wconf 92' lang='lat' dir='ltr'>ludaeos</span> <span class='ocrx_word' id='word_1_130' title='bbox 433 2612 604 2679; x_wconf 89' lang='lat' dir='ltr'>domuit...</span> <span class='ocrx_word' id='word_1_131' title='bbox 636 2614 708 2678; x_wconf 86' lang='lat' dir='ltr'>llex</span> <span class='ocrx_word' id='word_1_132' title='bbox 737 2614 940 2678; x_wconf 87' lang='lat' dir='ltr'>Parthorum</span> <span class='ocrx_word' id='word_1_133' title='bbox 975 2612 1123 2677; x_wconf 90' lang='lat' dir='ltr'>Pacorus</span> <span class='ocrx_word' id='word_1_134' title='bbox 1165 2612 1286 2677; x_wconf 87' lang='lat' dir='ltr'>ludaen</span> <span class='ocrx_word' id='word_1_135' title='bbox 1324 2613 1494 2700; x_wconf 89' lang='lat' dir='ltr'>potitus...</span> 
     </span>
     <span class='ocr_line' id='line_1_18' title="bbox 262 2719 1498 2808; baseline -0.001 -22"><span class='ocrx_word' id='word_1_136' title='bbox 262 2720 378 2786; x_wconf 90' lang='lat' dir='ltr'>Parthi</span> <span class='ocrx_word' id='word_1_137' title='bbox 394 2729 487 2786; x_wconf 89' lang='lat' dir='ltr'>trans</span> <span class='ocrx_word' id='word_1_138' title='bbox 501 2721 696 2808; x_wconf 84' lang='lat' dir='ltr'>Euphraten</span> <span class='ocrx_word' id='word_1_139' title='bbox 717 2721 860 2800; x_wconf 84' lang='lat' dir='ltr'>redacti;</span> <span class='ocrx_word' id='word_1_140' title='bbox 880 2720 1022 2786; x_wconf 88' lang='lat' dir='ltr'>ludaeos</span> <span class='ocrx_word' id='word_1_141' title='bbox 1045 2721 1083 2786; x_wconf 90' lang='lat' dir='ltr'>C.</span> <span class='ocrx_word' id='word_1_142' title='bbox 1115 2720 1233 2784; x_wconf 80' lang='lat' dir='ltr'>Sosius</span> <span class='ocrx_word' id='word_1_143' title='bbox 1256 2719 1431 2807; x_wconf 79' lang='lat' dir='ltr'>subegit...</span> <span class='ocrx_word' id='word_1_144' title='bbox 1454 2761 1498 2771; x_wconf 92' lang='lat'>—</span> 
     </span>
     <span class='ocr_line' id='line_1_19' title="bbox 262 2827 1497 2916; baseline 0.001 -25"><span class='ocrx_word' id='word_1_145' title='bbox 262 2828 302 2908; x_wconf 91' lang='lat' dir='ltr'>V,</span> <span class='ocrx_word' id='word_1_146' title='bbox 330 2852 368 2894; x_wconf 83' lang='grc' dir='ltr'>ιο</span> <span class='ocrx_word' id='word_1_147' title='bbox 396 2830 539 2893; x_wconf 85' lang='lat' dir='ltr'>Duravit</span> <span class='ocrx_word' id='word_1_148' title='bbox 552 2836 664 2893; x_wconf 89' lang='lat' dir='ltr'>tamen</span> <span class='ocrx_word' id='word_1_149' title='bbox 685 2829 846 2916; x_wconf 88' lang='lat' dir='ltr'>patientia</span> <span class='ocrx_word' id='word_1_150' title='bbox 863 2827 995 2893; x_wconf 85' lang='lat' dir='ltr'>ludaeis</span> <span class='ocrx_word' id='word_1_151' title='bbox 1010 2851 1116 2916; x_wconf 90' lang='lat' dir='ltr'>usqne</span> <span class='ocrx_word' id='word_1_152' title='bbox 1131 2827 1172 2892; x_wconf 91' lang='lat' dir='ltr'>ad</span> <span class='ocrx_word' id='word_1_153' title='bbox 1187 2828 1342 2892; x_wconf 85' lang='lat' dir='ltr'>Gessium</span> <span class='ocrx_word' id='word_1_154' title='bbox 1361 2827 1497 2892; x_wconf 84' lang='lat' dir='ltr'>Florum</span> 
     </span>
     <span class='ocr_line' id='line_1_20' title="bbox 261 2934 1497 3023; baseline 0.001 -24"><span class='ocrx_word' id='word_1_155' title='bbox 261 2944 554 3023; x_wconf 89' lang='lat' dir='ltr'>procuratorem...</span> <span class='ocrx_word' id='word_1_156' title='bbox 593 2936 772 3001; x_wconf 86' lang='lat' dir='ltr'>Proximus</span> <span class='ocrx_word' id='word_1_157' title='bbox 793 2959 901 3000; x_wconf 89' lang='lat' dir='ltr'>annus</span> <span class='ocrx_word' id='word_1_158' title='bbox 925 2935 1016 3000; x_wconf 88' lang='lat' dir='ltr'>civili</span> <span class='ocrx_word' id='word_1_159' title='bbox 1043 2934 1131 3000; x_wconf 92' lang='lat' dir='ltr'>bello</span> <span class='ocrx_word' id='word_1_160' title='bbox 1155 2936 1304 3000; x_wconf 90' lang='lat' dir='ltr'>intentus</span> <span class='ocrx_word' id='word_1_161' title='bbox 1334 2943 1497 3023; x_wconf 89' lang='lat' dir='ltr'>quantum</span> 
     </span>
     <span class='ocr_line' id='line_1_21' title="bbox 260 3041 1497 3130; baseline -0.002 -23"><span class='ocrx_word' id='word_1_162' title='bbox 260 3043 302 3108; x_wconf 95' lang='lat' dir='ltr'>ad</span> <span class='ocrx_word' id='word_1_163' title='bbox 331 3042 473 3108; x_wconf 91' lang='lat' dir='ltr'>ludaeos</span> <span class='ocrx_word' id='word_1_164' title='bbox 497 3067 555 3130; x_wconf 92' lang='lat' dir='ltr'>per</span> <span class='ocrx_word' id='word_1_165' title='bbox 580 3044 687 3108; x_wconf 92' lang='lat' dir='ltr'>otium</span> <span class='ocrx_word' id='word_1_166' title='bbox 719 3044 890 3109; x_wconf 88' lang='lat' dir='ltr'>transiit...</span> <span class='ocrx_word' id='word_1_167' title='bbox 916 3042 1076 3128; x_wconf 68' lang='lat' dir='ltr'>Augebat</span> <span class='ocrx_word' id='word_1_168' title='bbox 1095 3044 1173 3125; x_wconf 86' lang='lat' dir='ltr'>iras,</span> <span class='ocrx_word' id='word_1_169' title='bbox 1196 3042 1286 3130; x_wconf 91' lang='lat' dir='ltr'>qnod</span> <span class='ocrx_word' id='word_1_170' title='bbox 1303 3041 1366 3106; x_wconf 95' lang='lat' dir='ltr'>soli</span> <span class='ocrx_word' id='word_1_171' title='bbox 1384 3043 1497 3108; x_wconf 89' lang='lat' dir='ltr'>ludaei</span> 
     </span>
     <span class='ocr_line' id='line_1_22' title="bbox 261 3149 1495 3237; baseline 0.001 -21"><span class='ocrx_word' id='word_1_172' title='bbox 261 3175 326 3216; x_wconf 95' lang='lat' dir='ltr'>non</span> <span class='ocrx_word' id='word_1_173' title='bbox 341 3151 534 3216; x_wconf 86' lang='lat' dir='ltr'>cessissent.</span> <span class='ocrx_word' id='word_1_174' title='bbox 553 3152 649 3227; x_wconf 84' lang='lat' dir='ltr'>-V,</span> <span class='ocrx_word' id='word_1_175' title='bbox 673 3176 682 3214; x_wconf 90' lang='grc' dir='ltr'>ι</span> <span class='ocrx_word' id='word_1_176' title='bbox 695 3176 722 3217; x_wconf 88' lang='grc' dir='ltr'>ι.</span> <span class='ocrx_word' id='word_1_177' title='bbox 741 3151 854 3216; x_wconf 90' lang='lat' dir='ltr'>ludaei</span> <span class='ocrx_word' id='word_1_178' title='bbox 869 3149 932 3215; x_wconf 89' lang='lat' dir='ltr'>sub</span> <span class='ocrx_word' id='word_1_179' title='bbox 949 3151 1040 3237; x_wconf 89' lang='lat' dir='ltr'>ipsos</span> <span class='ocrx_word' id='word_1_180' title='bbox 1052 3174 1166 3214; x_wconf 91' lang='lat' dir='ltr'>muros</span> <span class='ocrx_word' id='word_1_181' title='bbox 1181 3160 1334 3215; x_wconf 83' lang='lat' dir='ltr'>struxero</span> <span class='ocrx_word' id='word_1_182' title='bbox 1348 3151 1495 3217; x_wconf 88' lang='lat' dir='ltr'>aciem...</span> 
     </span>
     <span class='ocr_line' id='line_1_23' title="bbox 261 3257 1499 3343; baseline 0 -21"><span class='ocrx_word' id='word_1_183' title='bbox 261 3298 303 3308; x_wconf 97' lang='lat'>—</span> <span class='ocrx_word' id='word_1_184' title='bbox 324 3260 362 3324; x_wconf 85' lang='lat' dir='ltr'>F.</span> <span class='ocrx_word' id='word_1_185' title='bbox 373 3283 382 3321; x_wconf 90' lang='grc' dir='ltr'>ι</span> <span class='ocrx_word' id='word_1_186' title='bbox 394 3258 538 3343; x_wconf 82' lang='lat' dir='ltr'>¹(ludaei</span> <span class='ocrx_word' id='word_1_187' title='bbox 554 3258 730 3323; x_wconf 89' lang='lat' dir='ltr'>obsidione</span> <span class='ocrx_word' id='word_1_188' title='bbox 741 3258 888 3325; x_wconf 88' lang='lat' dir='ltr'>clausi...</span> <span class='ocrx_word' id='word_1_189' title='bbox 904 3259 946 3322; x_wconf 90' lang='lat' dir='ltr'>ad</span> <span class='ocrx_word' id='word_1_190' title='bbox 957 3268 1145 3323; x_wconf 85' lang='lat' dir='ltr'>extremum</span> <span class='ocrx_word' id='word_1_191' title='bbox 1163 3257 1250 3322; x_wconf 88' lang='lat' dir='ltr'>lame</span> <span class='ocrx_word' id='word_1_192' title='bbox 1262 3257 1454 3324; x_wconf 90' lang='lat' dir='ltr'>interibant.</span> <span class='ocrx_word' id='word_1_193' title='bbox 1476 3261 1499 3343; x_wconf 89' lang='lat'>.)</span> 
     </span>
     <span class='ocr_line' id='line_1_24' title="bbox 262 3363 1495 3453; baseline 0 -24"><span class='ocrx_word' id='word_1_194' title='bbox 262 3404 302 3417; x_wconf 86' lang='lat'><em>-</em></span> <span class='ocrx_word' id='word_1_195' title='bbox 313 3391 342 3429; x_wconf 85' lang='lat'>2.</span> <span class='ocrx_word' id='word_1_196' title='bbox 359 3365 483 3449; x_wconf 77' lang='lat' dir='ltr'>(Aliiet</span> <span class='ocrx_word' id='word_1_197' title='bbox 498 3365 594 3430; x_wconf 84' lang='lat' dir='ltr'>Titus</span> <span class='ocrx_word' id='word_1_198' title='bbox 611 3367 681 3453; x_wconf 91' lang='lat' dir='ltr'>ipsc</span> <span class='ocrx_word' id='word_1_199' title='bbox 699 3365 919 3431; x_wconf 88' lang='lat' dir='ltr'>evertendum</span> <span class='ocrx_word' id='word_1_200' title='bbox 937 3367 970 3430; x_wconf 93' lang='lat' dir='ltr'>in</span> <span class='ocrx_word' id='word_1_201' title='bbox 987 3365 1104 3452; x_wconf 91' lang='lat' dir='ltr'>primis</span> <span class='ocrx_word' id='word_1_202' title='bbox 1119 3364 1284 3453; x_wconf 91' lang='lat' dir='ltr'>templum</span> <span class='ocrx_word' id='word_1_203' title='bbox 1300 3363 1495 3442; x_wconf 85' lang='lat' dir='ltr'>censebant,</span> 
     </span>
     <span class='ocr_line' id='line_1_25' title="bbox 262 3471 1498 3563; baseline -0.002 -24"><span class='ocrx_word' id='word_1_204' title='bbox 262 3498 328 3563; x_wconf 92' lang='lat' dir='ltr'>quo</span> <span class='ocrx_word' id='word_1_205' title='bbox 345 3473 477 3561; x_wconf 91' lang='lat' dir='ltr'>plenius</span> <span class='ocrx_word' id='word_1_206' title='bbox 490 3471 687 3539; x_wconf 89' lang='lat' dir='ltr'>ludaeorum</span> <span class='ocrx_word' id='word_1_207' title='bbox 702 3480 735 3539; x_wconf 91' lang='lat' dir='ltr'>et</span> <span class='ocrx_word' id='word_1_208' title='bbox 754 3474 1021 3538; x_wconf 87' lang='lat' dir='ltr'>Christianorum</span> <span class='ocrx_word' id='word_1_209' title='bbox 1038 3471 1156 3558; x_wconf 82' lang='lat' dir='ltr'>religio</span> <span class='ocrx_word' id='word_1_210' title='bbox 1167 3471 1358 3548; x_wconf 87' lang='lat' dir='ltr'>tolleretur;</span> <span class='ocrx_word' id='word_1_211' title='bbox 1375 3473 1498 3559; x_wconf 91' lang='lat' dir='ltr'>quippe</span> 
     </span>
     <span class='ocr_line' id='line_1_26' title="bbox 262 3579 1499 3665; baseline -0.002 -20"><span class='ocrx_word' id='word_1_212' title='bbox 262 3582 321 3646; x_wconf 93' lang='lat' dir='ltr'>has</span> <span class='ocrx_word' id='word_1_213' title='bbox 342 3581 535 3665; x_wconf 73' lang='lat' dir='ltr'>religiones,</span> <span class='ocrx_word' id='word_1_214' title='bbox 554 3579 633 3646; x_wconf 89' lang='lat' dir='ltr'>lieet</span> <span class='ocrx_word' id='word_1_215' title='bbox 656 3581 842 3646; x_wconf 87' lang='lat' dir='ltr'>contrarias</span> <span class='ocrx_word' id='word_1_216' title='bbox 868 3580 945 3661; x_wconf 86' lang='lat' dir='ltr'>sibi,</span> <span class='ocrx_word' id='word_1_217' title='bbox 978 3580 1084 3645; x_wconf 81' lang='lat' dir='ltr'>isdem</span> <span class='ocrx_word' id='word_1_218' title='bbox 1111 3579 1283 3646; x_wconf 87' lang='lat' dir='ltr'>tamenab</span> <span class='ocrx_word' id='word_1_219' title='bbox 1304 3580 1499 3643; x_wconf 88' lang='lat' dir='ltr'>auctoribus</span> 
     </span>
     <span class='ocr_line' id='line_1_27' title="bbox 262 3686 1499 3774; baseline -0.002 -22"><span class='ocrx_word' id='word_1_220' title='bbox 262 3689 440 3772; x_wconf 77' lang='lat' dir='ltr'>prolectaS,</span> <span class='ocrx_word' id='word_1_221' title='bbox 459 3689 670 3753; x_wconf 81' lang='lat' dir='ltr'>Christianus</span> <span class='ocrx_word' id='word_1_222' title='bbox 686 3713 727 3754; x_wconf 90' lang='lat' dir='ltr'>ex</span> <span class='ocrx_word' id='word_1_223' title='bbox 745 3688 875 3752; x_wconf 92' lang='lat' dir='ltr'>ludaeis</span> <span class='ocrx_word' id='word_1_224' title='bbox 895 3688 1094 3774; x_wconf 83' lang='lat' dir='ltr'>exstitisse).</span> <span class='ocrx_word' id='word_1_225' title='bbox 1112 3729 1147 3738; x_wconf 93' lang='lat'><em>-</em></span> <span class='ocrx_word' id='word_1_226' title='bbox 1164 3687 1194 3750; x_wconf 82' lang='lat'>3.</span> <span class='ocrx_word' id='word_1_227' title='bbox 1212 3686 1395 3773; x_wconf 85' lang='lat' dir='ltr'>(Sexcenta</span> <span class='ocrx_word' id='word_1_228' title='bbox 1408 3686 1499 3750; x_wconf 90' lang='lat' dir='ltr'>milia</span> 
     </span>
     <span class='ocr_line' id='line_1_28' title="bbox 264 3793 1497 3881; baseline -0.001 -21"><span class='ocrx_word' id='word_1_229' title='bbox 264 3796 462 3861; x_wconf 87' lang='lat' dir='ltr'>ludaeorum</span> <span class='ocrx_word' id='word_1_230' title='bbox 479 3820 517 3860; x_wconf 91' lang='lat' dir='ltr'>co</span> <span class='ocrx_word' id='word_1_231' title='bbox 540 3795 628 3861; x_wconf 91' lang='lat' dir='ltr'>bellu</span> <span class='ocrx_word' id='word_1_232' title='bbox 658 3796 833 3860; x_wconf 81' lang='lat' dir='ltr'>interfecta</span> <span class='ocrx_word' id='word_1_233' title='bbox 850 3795 1027 3860; x_wconf 86' lang='lat' dir='ltr'>Cornelius</span> <span class='ocrx_word' id='word_1_234' title='bbox 1043 3804 1075 3860; x_wconf 91' lang='lat' dir='ltr'>et</span> <span class='ocrx_word' id='word_1_235' title='bbox 1096 3795 1279 3860; x_wconf 86' lang='lat' dir='ltr'>Suetonius</span> <span class='ocrx_word' id='word_1_236' title='bbox 1308 3793 1497 3881; x_wconf 72' lang='lat' dir='ltr'>reserunu).</span> 
     </span>
     <span class='ocr_line' id='line_1_29' title="bbox 218 3900 1501 3989; baseline -0.003 -21"><span class='ocrx_word' id='word_1_237' title='bbox 218 3902 446 3974; x_wconf 76' lang='lat' dir='ltr'>IVllAlCl&#39;S,</span> <span class='ocrx_word' id='word_1_238' title='bbox 464 3905 507 3974; x_wconf 75' lang='grc' dir='ltr'>Α,</span> <span class='ocrx_word' id='word_1_239' title='bbox 532 3903 596 3967; x_wconf 75' lang='lat' dir='ltr'>VM</span> <span class='ocrx_word' id='word_1_240' title='bbox 627 3943 669 3951; x_wconf 95' lang='lat'>—</span> <span class='ocrx_word' id='word_1_241' title='bbox 687 3927 717 3975; x_wconf 82' lang='lat'>2,</span> <span class='ocrx_word' id='word_1_242' title='bbox 734 3906 788 3968; x_wconf 77' lang='lat'>85.</span> <span class='ocrx_word' id='word_1_243' title='bbox 808 3904 932 3967; x_wconf 74' lang='lat' dir='ltr'>Actum</span> <span class='ocrx_word' id='word_1_244' title='bbox 947 3911 981 3967; x_wconf 90' lang='lat' dir='ltr'>et</span> <span class='ocrx_word' id='word_1_245' title='bbox 1000 3903 1040 3966; x_wconf 88' lang='lat' dir='ltr'>de</span> <span class='ocrx_word' id='word_1_246' title='bbox 1064 3903 1169 3966; x_wconf 88' lang='lat' dir='ltr'>sacris</span> <span class='ocrx_word' id='word_1_247' title='bbox 1188 3902 1369 3989; x_wconf 72' lang='lat' dir='ltr'>Aegyptiis</span> <span class='ocrx_word' id='word_1_248' title='bbox 1392 3900 1501 3966; x_wconf 91' lang='lat' dir='ltr'>ludai-</span> 
     </span>
     <span class='ocr_line' id='line_1_30' title="bbox 261 4006 1500 4098; baseline -0.002 -24"><span class='ocrx_word' id='word_1_249' title='bbox 261 4011 375 4098; x_wconf 90' lang='lat' dir='ltr'>cisque</span> <span class='ocrx_word' id='word_1_250' title='bbox 391 4010 558 4098; x_wconf 89' lang='lat' dir='ltr'>pellendis</span> <span class='ocrx_word' id='word_1_251' title='bbox 580 4010 773 4098; x_wconf 83' lang='lat' dir='ltr'>factumque</span> <span class='ocrx_word' id='word_1_252' title='bbox 789 4018 924 4097; x_wconf 90' lang='lat' dir='ltr'>patrum</span> <span class='ocrx_word' id='word_1_253' title='bbox 946 4009 1152 4088; x_wconf 89' lang='lat' dir='ltr'>consultum,</span> <span class='ocrx_word' id='word_1_254' title='bbox 1171 4016 1209 4074; x_wconf 90' lang='lat' dir='ltr'>ut</span> <span class='ocrx_word' id='word_1_255' title='bbox 1233 4017 1394 4097; x_wconf 90' lang='lat' dir='ltr'>quattuor</span> <span class='ocrx_word' id='word_1_256' title='bbox 1407 4006 1500 4072; x_wconf 88' lang='lat' dir='ltr'>milia</span> 
     </span>
     <span class='ocr_line' id='line_1_31' title="bbox 262 4114 1500 4204; baseline -0.001 -25"><span class='ocrx_word' id='word_1_257' title='bbox 262 4115 409 4181; x_wconf 89' lang='lat' dir='ltr'>libertini</span> <span class='ocrx_word' id='word_1_258' title='bbox 428 4118 563 4202; x_wconf 79' lang='lat' dir='ltr'>generis</span> <span class='ocrx_word' id='word_1_259' title='bbox 579 4141 617 4182; x_wconf 89' lang='lat' dir='ltr'>ea</span> <span class='ocrx_word' id='word_1_260' title='bbox 638 4117 876 4204; x_wconf 88' lang='lat' dir='ltr'>superstitione</span> <span class='ocrx_word' id='word_1_261' title='bbox 893 4116 1057 4183; x_wconf 86' lang='lat' dir='ltr'>inlecta...</span> <span class='ocrx_word' id='word_1_262' title='bbox 1076 4117 1111 4180; x_wconf 94' lang='lat' dir='ltr'>in</span> <span class='ocrx_word' id='word_1_263' title='bbox 1139 4115 1285 4181; x_wconf 89' lang='lat' dir='ltr'>insulam</span> <span class='ocrx_word' id='word_1_264' title='bbox 1312 4114 1500 4180; x_wconf 89' lang='lat' dir='ltr'>Sardiniam</span> 
     </span>
     <span class='ocr_line' id='line_1_32' title="bbox 262 4221 1501 4309; baseline 0 -22"><span class='ocrx_word' id='word_1_265' title='bbox 262 4224 504 4291; x_wconf 86' lang='lat' dir='ltr'>veherentur...</span> <span class='ocrx_word' id='word_1_266' title='bbox 528 4224 640 4289; x_wconf 90' lang='lat' dir='ltr'>Ceteri</span> <span class='ocrx_word' id='word_1_267' title='bbox 662 4223 821 4289; x_wconf 89' lang='lat' dir='ltr'>cederent</span> <span class='ocrx_word' id='word_1_268' title='bbox 840 4223 949 4292; x_wconf 87' lang='lat' dir='ltr'>ltalia.</span> <span class='ocrx_word' id='word_1_269' title='bbox 967 4223 1031 4288; x_wconf 90' lang='lat' dir='ltr'>nisi</span> <span class='ocrx_word' id='word_1_270' title='bbox 1046 4230 1173 4288; x_wconf 91' lang='lat' dir='ltr'>certam</span> <span class='ocrx_word' id='word_1_271' title='bbox 1186 4231 1265 4289; x_wconf 89' lang='lat' dir='ltr'>ante</span> <span class='ocrx_word' id='word_1_272' title='bbox 1278 4221 1367 4287; x_wconf 93' lang='lat' dir='ltr'>diem</span> <span class='ocrx_word' id='word_1_273' title='bbox 1383 4222 1476 4309; x_wconf 85' lang='lat' dir='ltr'>prola</span> <span class='ocrx_word' id='word_1_274' title='bbox 1488 4263 1501 4271; x_wconf 94' lang='lat'><em>-</em></span> 
     </span>
     <span class='ocr_line' id='line_1_33' title="bbox 263 4328 1500 4418; baseline -0.002 -23"><span class='ocrx_word' id='word_1_275' title='bbox 263 4353 325 4395; x_wconf 91' lang='lat' dir='ltr'>nos</span> <span class='ocrx_word' id='word_1_276' title='bbox 340 4332 425 4395; x_wconf 90' lang='lat' dir='ltr'>ritus</span> <span class='ocrx_word' id='word_1_277' title='bbox 441 4332 626 4396; x_wconf 83' lang='lat' dir='ltr'>exuissent.</span> <span class='ocrx_word' id='word_1_278' title='bbox 647 4368 689 4379; x_wconf 93' lang='lat'>—</span> <span class='ocrx_word' id='word_1_279' title='bbox 714 4330 739 4412; x_wconf 88' lang='lat' dir='ltr'>l,</span> <span class='ocrx_word' id='word_1_280' title='bbox 767 4355 815 4396; x_wconf 85' lang='lat' dir='ltr'>io.</span> <span class='ocrx_word' id='word_1_281' title='bbox 841 4329 974 4395; x_wconf 92' lang='lat' dir='ltr'>Bellum</span> <span class='ocrx_word' id='word_1_282' title='bbox 995 4329 1187 4395; x_wconf 74' lang='lat' dir='ltr'>Iudaicum‘2</span> <span class='ocrx_word' id='word_1_283' title='bbox 1207 4329 1344 4395; x_wconf 87' lang='lat' dir='ltr'>Flavius</span> <span class='ocrx_word' id='word_1_284' title='bbox 1368 4328 1500 4418; x_wconf 89' lang='lat' dir='ltr'>Vespa-</span> 
     </span>
     <span class='ocr_line' id='line_1_34' title="bbox 264 4435 1501 4524; baseline 0 -23"><span class='ocrx_word' id='word_1_285' title='bbox 264 4438 390 4513; x_wconf 88' lang='lat' dir='ltr'>sianus,</span> <span class='ocrx_word' id='word_1_286' title='bbox 413 4437 532 4503; x_wconf 89' lang='lat' dir='ltr'>ducem</span> <span class='ocrx_word' id='word_1_287' title='bbox 546 4462 622 4503; x_wconf 91' lang='lat' dir='ltr'>eum</span> <span class='ocrx_word' id='word_1_288' title='bbox 638 4438 726 4502; x_wconf 83' lang='lat' dir='ltr'>Nero</span> <span class='ocrx_word' id='word_1_289' title='bbox 743 4436 926 4524; x_wconf 80' lang='lat' dir='ltr'>delegerat,</span> <span class='ocrx_word' id='word_1_290' title='bbox 946 4437 1054 4503; x_wconf 91' lang='lat' dir='ltr'>tribus</span> <span class='ocrx_word' id='word_1_291' title='bbox 1076 4435 1266 4524; x_wconf 86' lang='lat' dir='ltr'>legionibus</span> <span class='ocrx_word' id='word_1_292' title='bbox 1287 4436 1501 4501; x_wconf 89' lang='lat' dir='ltr'>administra·</span> 
     </span>
     <span class='ocr_line' id='line_1_35' title="bbox 264 4534 1502 4633; baseline -0.001 -24"><span class='ocrx_word' id='word_1_293' title='bbox 264 4543 333 4610; x_wconf 88' lang='lat' dir='ltr'>bat.</span> <span class='ocrx_word' id='word_1_294' title='bbox 352 4585 392 4595; x_wconf 94' lang='lat'>-</span> <span class='ocrx_word' id='word_1_295' title='bbox 417 4546 443 4625; x_wconf 89' lang='lat' dir='ltr'>l,</span> <span class='ocrx_word' id='word_1_296' title='bbox 471 4545 523 4633; x_wconf 82' lang='lat'>76.</span> <span class='ocrx_word' id='word_1_297' title='bbox 555 4544 752 4610; x_wconf 83' lang='lat' dir='ltr'>ludaicu1n³</span> <span class='ocrx_word' id='word_1_298' title='bbox 776 4534 960 4609; x_wconf 83' lang='lat' dir='ltr'>exercitum</span> <span class='ocrx_word' id='word_1_299' title='bbox 989 4544 1260 4632; x_wconf 68' lang='lat' dir='ltr'>Vespasianus...</span> <span class='ocrx_word' id='word_1_300' title='bbox 1293 4551 1502 4608; x_wconf 90' lang='lat' dir='ltr'>sacramento</span> 
     </span>
    </p>
   </div>
   <div class='ocr_carea' id='block_1_3' title="bbox 250 4800 700 5013">
    <p class='ocr_par' dir='ltr' id='par_1_3' title="bbox 250 4800 700 5013">
     <span class='ocr_line' id='line_1_36' title="bbox 253 4800 649 4860; baseline 0 -13"><span class='ocrx_word' id='word_1_301' title='bbox 253 4800 260 4833; x_wconf 85' lang='lat'><strong>¹</strong></span> <span class='ocrx_word' id='word_1_302' title='bbox 278 4800 311 4847; x_wconf 90' lang='lat' dir='ltr'>V.</span> <span class='ocrx_word' id='word_1_303' title='bbox 326 4802 409 4849; x_wconf 85' lang='lat' dir='ltr'>etiam</span> <span class='ocrx_word' id='word_1_304' title='bbox 429 4802 460 4859; x_wconf 78' lang='lat' dir='ltr'>l&#39;,</span> <span class='ocrx_word' id='word_1_305' title='bbox 477 4801 500 4860; x_wconf 79' lang='lat'>3,</span> <span class='ocrx_word' id='word_1_306' title='bbox 512 4809 536 4857; x_wconf 68' lang='lat'>4.</span> <span class='ocrx_word' id='word_1_307' title='bbox 556 4818 592 4858; x_wconf 83' lang='lat'>12,</span> <span class='ocrx_word' id='word_1_308' title='bbox 614 4801 649 4848; x_wconf 74' lang='lat'>13.</span> 
     </span>
     <span class='ocr_line' id='line_1_37' title="bbox 250 4880 700 4932; baseline -0.013 1"><span class='ocrx_word' id='word_1_309' title='bbox 250 4880 321 4932; x_wconf 64' lang='lat' dir='ltr'>’Hx</span> <span class='ocrx_word' id='word_1_310' title='bbox 341 4881 435 4930; x_wconf 68' lang='lat' dir='ltr'>lucini</span> <span class='ocrx_word' id='word_1_311' title='bbox 451 4897 520 4929; x_wconf 81' lang='lat' dir='ltr'>cum.</span> <span class='ocrx_word' id='word_1_312' title='bbox 540 4882 616 4929; x_wconf 79' lang='lat' dir='ltr'>Corr.</span> <span class='ocrx_word' id='word_1_313' title='bbox 635 4896 649 4926; x_wconf 89' lang='lat'>2</span> <span class='ocrx_word' id='word_1_314' title='bbox 666 4896 700 4928; x_wconf 88' lang='lat' dir='ltr'>m.</span> 
     </span>
     <span class='ocr_line' id='line_1_38' title="bbox 251 4960 467 5013; baseline -0.023 1"><span class='ocrx_word' id='word_1_315' title='bbox 251 4960 263 4995; x_wconf 82' lang='lat'><strong>³</strong></span> <span class='ocrx_word' id='word_1_316' title='bbox 281 4961 325 5013; x_wconf 71' lang='lat' dir='ltr'>fl:</span> <span class='ocrx_word' id='word_1_317' title='bbox 342 4962 467 5011; x_wconf 70' lang='lat' dir='ltr'>Iudeicsi.</span> 
     </span>
    </p>
   </div>
   <div class='ocr_carea' id='block_1_4' title="bbox 285 5068 653 5118">
    <p class='ocr_par' dir='ltr' id='par_1_4' title="bbox 285 5068 653 5118">
     <span class='ocr_line' id='line_1_39' title="bbox 285 5068 653 5118; baseline -0.008 -2"><span class='ocrx_word' id='word_1_318' title='bbox 285 5068 364 5116; x_wconf 76' lang='lat' dir='ltr'>Usrv.</span> <span class='ocrx_word' id='word_1_319' title='bbox 381 5084 415 5115; x_wconf 80' lang='lat' dir='ltr'>rm</span> <span class='ocrx_word' id='word_1_320' title='bbox 431 5069 514 5118; x_wconf 70' lang='lat' dir='ltr'>Laus.</span> <span class='ocrx_word' id='word_1_321' title='bbox 526 5095 554 5103; x_wconf 98' lang='lat'>-</span> <span class='ocrx_word' id='word_1_322' title='bbox 572 5069 653 5115; x_wconf 71' lang='lat' dir='ltr'>Parus</span> 
     </span>
    </p>
   </div>
   <div class='ocr_carea' id='block_1_5' title="bbox 256 5331 640 5525">
    <p class='ocr_par' dir='ltr' id='par_1_5' title="bbox 256 5331 640 5525">
     <span class='ocr_line' id='line_1_40' title="bbox 256 5331 640 5525; baseline -0.01 2"><span class='ocrx_word' id='word_1_323' title='bbox 256 5331 640 5525; x_wconf 53' lang='grc' dir='ltr'>,ΓΚ</span> 
     </span>
    </p>
   </div>
   <div class='ocr_carea' id='block_1_6' title="bbox 0 0 1870 6228">
    <p class='ocr_par' dir='ltr' id='par_1_6' title="bbox 0 0 1870 6228">
     <span class='ocr_line' id='line_1_41' title="bbox 0 0 1870 6228; baseline 0 0"><span class='ocrx_word' id='word_1_324' title='bbox 0 0 1870 6228; x_wconf 95' lang='lat' dir='ltr'> </span> 
     </span>
    </p>
   </div>
  </div>
 </body>
</html>
