3709 6234
810 836 931 886 uuvsvs
1475 833 1527 886 257

289 970 416 1037 dictam
445 972 639 1039 Germanici
666 982 780 1061 grates
808 976 999 1062 agendas...
1028 1013 1071 1025 -
1096 977 1127 1056 3,
1146 1001 1194 1064 ¹9·
1214 980 1261 1041 nt
1289 977 1420 1042 Drusus
1444 976 1528 1042 urbe

290 1102 448 1167 egressus
469 1081 660 1168 repetendis
676 1083 847 1171 auspiciiS,
868 1106 947 1147 mox
964 1107 1070 1148 ovans
1087 1085 1227 1162 introiit,
1244 1108 1439 1172 paucosque¹
1453 1092 1529 1172 post

291 1184 363 1251 dies
383 1187 542 1275 Vipsania
560 1197 666 1254 mater
685 1190 757 1254 eius
772 1191 959 1256 excessit...
974 1229 1019 1239 -
1035 1191 1066 1269 3,
1086 1215 1138 1255 22.
1169 1190 1336 1278 (Tiberius
1365 1192 1399 1255 in
1428 1215 1529 1256 causa

293 1292 455 1382 Lepidae)
469 1298 594 1361 exemit
615 1298 715 1362 etiarn
733 1297 879 1361 Drusum
915 1296 1090 1362 consulem
1120 1297 1335 1384 designatum
1367 1297 1529 1362 dicendae

292 1402 489 1488 prirnoloeo
520 1405 925 1484 sententiae...-3,23.
960 1405 1045 1469 llum
1081 1406 1114 1469 in
1148 1407 1351 1471 sententiam
1382 1405 1528 1470 Rubellii

293 1507 426 1582 Blandi,
448 1534 465 1574 a
486 1534 553 1598 quo
578 1535 665 1599 aqua
680 1520 781 1601 atque
796 1513 864 1598 igni
887 1512 1063 1577 arcebatur
1085 1512 1253 1600 (Lepida).
1279 1513 1365 1578 lluie
1398 1514 1528 1577 Drusus

290 1614 453 1697 adsensit,
471 1640 676 1707 quamquam
704 1619 761 1684 alii
783 1621 898 1684 mitius
922 1620 1146 1684 censuissent.
1168 1659 1211 1668 -
1238 1621 1268 1699 3,
1293 1644 1347 1708 29·
1379 1622 1528 1684 Auctum

292 1723 412 1788 dehinc
430 1724 590 1812 gaudium
606 1727 732 1815 nuptiis
749 1726 893 1791 Neronis
909 1728 1116 1813 (Germanici
1135 1726 1208 1813 lilii)
1230 1735 1263 1792 et
1297 1727 1401 1792 luliae
1428 1728 1528 1792 Drusi

294 1830 392 1896 tiliae.
406 1871 450 1881 -
463 1832 494 1909 3,
513 1833 566 1898 30.
584 1833 744 1922 Sequitur
759 1834 881 1898 'liberii
897 1842 1050 1922 quartae,
1083 1835 1181 1899 Drusi
1214 1834 1383 1899 secundus
1411 1857 1528 1899 consu·

294 1935 395 2017 latus,
419 1939 524 2026 patris
539 1949 639 2028 atque
660 1941 719 2004 lilii
744 1940 886 2027 collegio
917 1942 1101 2028 insignis..
1139 1942 1221 2006 Eius
1253 1942 1332 2006 anni
1365 1942 1530 2030 principio

292 2044 487 2113 Tiberius...
505 2047 768 2135 inCampaniam
785 2050 965 2123 concessit,
981 2048 1118 2134 longam
1135 2056 1168 2113 et
1193 2049 1388 2113 continuam
1411 2048 1531 2114 absen-

295 2153 374 2217 tiam
395 2153 558 2241 paulatim
579 2154 759 2234 meditans,
777 2157 847 2220 sive
864 2163 900 2221 ut
917 2164 1030 2220 amoto
1046 2165 1140 2243 patre
1159 2157 1289 2220 Drusus
1305 2156 1420 2220 munia
1450 2179 1530 2220 con-

293 2259 424 2326 sulatus
441 2261 534 2325 solus
550 2262 746 2350 impleret...
765 2262 1015 2351 llertabantque
1032 2262 1295 2340 orationibus..‚
1318 2263 1425 2329 donec
1443 2265 1531 2328 Dru-

294 2390 350 2431 sus
366 2375 444 2454 apta
459 2368 689 2457 temperandis
706 2370 827 2435 animis
843 2369 1015 2434 disseruit.
1031 2408 1072 2419 —
1089 2369 1166 2448 334
1215 2370 1381 2455 (Drationi
1405 2369 1531 2433 Valerii

294 2474 482 2560 Messalini)
525 2475 657 2541 addidit
697 2500 800 2564 pauca
851 2478 980 2541 Drusus
1026 2477 1067 2541 de
1123 2476 1338 2542 niatrimonio
1359 2500 1460 2542 suo...
1488 2514 1533 2525 —

296 2579 328 2658 3,
352 2583 406 2648 36.
436 2581 535 2647 llaud
563 2583 740 2648 dissimilia
762 2584 817 2649 alii
839 2594 873 2649 et
902 2584 1040 2672 quidam
1080 2584 1246 2649 atrociora
1276 2584 1532 2672 circumstrepe-

296 2688 379 2754 bant
435 2690 725 2779 precabanturque
782 2693 928 2756 Drusum
976 2690 1073 2756 daret
1134 2690 1274 2756 ultionis
1323 2691 1529 2778 exemplum,

293 2793 399 2862 donec
414 2798 555 2863 accitam
576 2798 833 2886 convictamque
851 2799 1015 2885 (Anniam
1034 2798 1207 2887 liulillam)
1237 2798 1373 2863 attineri
1398 2797 1532 2885 publica

294 2905 445 2970 custodia
461 2906 569 2971 iussit.
596 2944 640 2953 —
656 2905 687 2982 3,
711 2906 764 2993 37.
784 2906 971 2994 Vtrumque
992 2907 1026 2970 in
1043 2904 1178 2970 laudem
1201 2904 1302 2969 Drusi
1336 2904 1532 2970 trahebatur

294 3012 342 3098 (ct
358 3013 507 3077 Anniam
523 3012 684 3078 Rufillam
704 3013 941 3101 comprehendi
960 3014 1087 3077 iussam
1106 3021 1139 3078 et
1159 3011 1359 3077 Considium
1374 3013 1531 3101 Aequum

295 3117 514 3209 Caeliumqne
530 3119 711 3185 Cursorem
731 3120 940 3207 punitos),...
974 3119 1089 3208 Neque
1118 3120 1218 3183 luxus
1247 3120 1281 3182 in
1307 3120 1427 3184 iuvene
1449 3120 1532 3184 adeo

295 3224 534 3314 displicebat...
561 3228 650 3300 -3,
672 3229 726 3315 47.
759 3226 952 3292 Tiberius...
988 3226 1088 3290 simul
1114 3249 1245 3306 causas,
1278 3249 1336 3290 eur
1361 3226 1530 3313 nonipsc,

295 3355 362 3398 non
379 3335 509 3399 Drusus
533 3334 673 3422 proiecti
703 3334 745 3399 ad
775 3334 807 3398 id
839 3333 965 3399 bellum
1003 3333 1204 3422 (Galliarum
1235 3332 1378 3416 motum)
1409 3332 1530 3411 iurent,

294 3439 460 3506 adiunxit.
479 3479 523 3491 -
537 3442 568 3518 3,
591 3444 645 3530 dp.
663 3440 852 3506 Clutorium
879 3441 1034 3506 Priscum
1050 3441 1200 3528 equitem
1218 3441 1421 3520 llomanum,
1455 3446 1533 3527 post

293 3547 424 3614 celebre
461 3572 608 3625 carmen,
644 3573 709 3637 quo
755 3549 947 3614 Germanici
976 3571 1132 3636 suprema
1162 3548 1356 3620 detleverat,
1390 3546 1532 3634 pecunia

295 3654 492 3721 donatuma
521 3656 677 3736 Caesare,
709 3658 871 3743 corripuit
916 3655 1059 3734 delator,
1092 3655 1266 3719 obiectans
1292 3678 1392 3741 aegro
1423 3655 1532 3718 Druso

295 3764 537 3851 composuisse,
561 3762 663 3852 quod,
680 3764 708 3827 si
725 3763 913 3829 exstinctus
930 3764 1026 3844 foret,
1050 3763 1176 3827 maiore
1196 3761 1345 3850 praemio
1377 3760 1532 3848 vulgare-

297 3877 361 3936 tur.
379 3909 417 3919 -
435 3871 466 3948 3,
479 3870 532 3937 56.
548 3870 743 3937 Tiberius..
764 3871 867 3936 mittit
882 3870 1015 3936 litteras
1031 3869 1073 3934 ad
1084 3878 1251 3950 senatum,
1273 3868 1350 3957 quis
1379 3876 1531 3955 potesta-

295 3983 363 4042 tem
379 3977 593 4043 tribuniciam
611 3979 720 4041 Druso
736 3977 912 4064 petebat...
937 3978 1029 4067 (Divi
1045 3976 1209 4063 Augusti)
1245 3975 1401 4063 exemplo
1435 3973 1533 4040 Tibe-

297 4084 366 4150 rius
395 4109 546 4151 summac
576 4085 623 4149 rei
647 4084 808 4163 admovit,
839 4109 915 4150 cum
942 4084 1102 4149 ineolumi
1131 4083 1332 4149 Germanico
1363 4082 1532 4170 integrum

295 4191 382 4257 inter
407 4192 493 4257 duos
506 4191 666 4257 iudicium
687 4192 893 4258 tenuisset...
916 4232 959 4241 —
976 4191 1007 4272 3,
1027 4191 1079 4279 59.
1098 4189 1293 4256 Tiberius...
1312 4190 1464 4256 decretas
1490 4188 1533 4254 ob

295 4298 506 4364 tribuniciam
521 4301 621 4364 Drusi
637 4307 839 4387 potestatem
854 4298 1076 4364 caerimonias
1091 4298 1294 4386 temperavit
1316 4296 1532 4364 ...llecitatae

294 4412 327 4471 et
340 4405 441 4471 Drusi
456 4406 632 4494 epistulae,
655 4430 862 4495 quamquam
878 4406 920 4472 ad
938 4405 1139 4471 modestiam
1161 4407 1280 4485 ssexae,
1311 4428 1373 4491 pro
1408 4424 1532 4492 super-

294 4510 442 4577 bissimis
472 4514 723 4602 accipiuntur...
753 4514 842 4579 Sane
863 4520 1062 4600 gravaretur
1087 4519 1263 4599 aspectum
1283 4510 1409 4576 civium
1428 4532 1533 4575 senex

297 4619 520 4709 imperator...
549 4622 658 4686 Druso
688 4619 778 4710 quod
800 4622 920 4686 nisiex
935 4620 1133 4709 adrogantia
1154 4619 1461 4707 impedimentum?
1489 4654 1534 4667 -

300 4725 331 4800 3,
366 4730 418 4816 75.
456 4728 576 4794 Obiere
605 4753 644 4792 eo
676 4752 763 4792 anni.»
789 4729 849 4791 viri
885 4728 1059 4800 inlustres
1088 4727 1229 4792 Asinius
1270 4726 1465 4802 Saloninus,
1483 4722 1530 4788 M.

300 4834 452 4923 Agrippa
502 4843 535 4900 et
579 4834 730 4900 Pollione
773 4836 891 4900 ,lsinio
929 4836 1014 4910 avis,
1063 4834 1165 4899 fratre
1196 4835 1304 4897 Druso
1346 4832 1532 4918 insignis...

301 4978 345 4992 -
372 4945 405 5018 ά,
439 4942 470 5007 3.
505 4942 636 5007 Placuit
665 4951 776 5007 tamen
803 4943 955 5029 (Seiano)
991 4941 1153 5007 occultior
1181 4941 1235 5006 via
1279 4949 1312 5006 et
1357 4963 1375 5004 a
1424 4939 1533 5002 Druso

352 5074 429 5124 L'siv.
449 5092 481 5123 us
500 5075 579 5124 Lvus.
599 5102 628 5113 -
648 5076 729 5123 Fanni
1429 5072 1456 5119 lt
