3709 6234
356 841 410 895 232
814 857 818 864 ’
893 839 1001 892 Cl'lt'l'll
1022 838 1123 891 LACVS

404 1007 485 1049 num
507 990 544 1048 ut
558 1005 657 1047 omne
680 981 854 1068 ingenium
868 1005 907 1046 ac
922 979 1072 1048 studium
1085 1004 1182 1047 suum
1201 980 1244 1046 ud
1259 1005 1378 1046 causas
1392 982 1542 1070 agendas
1564 1003 1650 1048 con·

403 1098 550 1156 verteret
559 1089 758 1155 exhortatus
769 1097 832 1168 est,
847 1097 881 1154 et
892 1088 1038 1154 Materni
1049 1111 1109 1176 pro
1121 1087 1328 1154 carminibus
1340 1088 1411 1155 suis
1426 1088 1527 1168 laeta,
1537 1098 1650 1180 utque

404 1207 521 1288 poetas
529 1195 666 1262 delendi
679 1194 832 1276 decebat,
841 1195 1019 1260 audentior
1033 1203 1067 1261 et
1072 1203 1248 1284 poetarum
1255 1219 1356 1284 quam
1371 1203 1543 1262 oratorum
1550 1198 1646 1263 simi·

402 1305 468 1371 lior
478 1305 598 1370 oratio.
620 1333 635 1364 »
651 1343 691 1357 -
720 1305 770 1368 15.
789 1304 970 1391 (Loquitur
979 1304 1165 1391 Vipstanus
1178 1301 1352 1388 Messalla)
1374 1329 1390 1367 e
1406 1327 1557 1392 ...neque
1585 1313 1646 1371 aut

403 1412 597 1479 Secundum
628 1418 686 1475 aut
713 1410 906 1476 Maternum
932 1418 990 1476 aut
1016 1419 1047 1475 te
1081 1412 1205 1498 ipsum,
1223 1412 1328 1499 Aper,
1364 1410 1501 1478 ...aliter
1517 1412 1648 1480 sentire

404 1520 516 1585 credo.
538 1549 552 1574 »ι
566 1555 609 1569 -
626 1518 674 1583 ι6.
700 1549 713 1578 «
735 1518 801 1581 Pro
814 1517 958 1597 duobus,
982 1517 1092 1606 inquit
1106 1518 1293 1600 Maternus
1308 1517 1469 1607 promitto
1484 1540 1492 1596 ;
1515 1528 1647 1585 namet

404 1650 466 1713 ego
493 1634 526 1690 et
549 1623 725 1690 Secundus
745 1646 970 1712 exsequemur
999 1648 1056 1689 eas
1085 1633 1240 1712 partes...
1266 1654 1281 1685 »
1320 1665 1350 1676 -
1380 1624 1433 1692 23.
1463 1625 1647 1714 (Loquitur

402 1734 509 1820 Aper)
534 1755 550 1794 «
570 1733 650 1812 Vos,
673 1732 826 1797 Materne
845 1755 883 1796 ac
896 1732 1062 1810 Secunde,
1081 1732 1126 1797 ita
1143 1732 1301 1819 gravitati
1316 1756 1476 1798 sensuum
1493 1733 1642 1800 nitorem

404 1849 437 1905 et
451 1839 580 1904 cultum
592 1838 772 1903 verborum
784 1839 947 1918 miscetis,
959 1862 996 1903 ea
1011 1839 1130 1904 electio
1144 1839 1361 1921 inventionis,
1376 1840 1405 1905 is
1419 1839 1502 1906 ordo
1514 1863 1644 1918 rerum,

403 1972 452 2028 ca,
477 1946 633 2034 quotiens
650 1969 751 2010 causa
768 1946 889 2034 poscit,
908 1944 1057 2026 ubertas,
1077 1968 1128 2024 ea,
1162 1947 1320 2035 quotiens
1333 1947 1510 2035 permittit,
1534 1947 1646 2014 brevi-

380 2120 382 2124 ,
405 2062 498 2120 tas...
521 2083 534 2112 n
556 2091 599 2100 —
631 2055 684 2129 24.
716 2052 809 2131 Quae
826 2077 903 2118 cum
923 2053 1017 2141 Aper
1039 2053 1180 2119 dixisset
1203 2055 1513 2142 «Adgnoscitisne,
1533 2056 1647 2145 inquit

405 2160 621 2225 Maternus...
635 2160 650 2222 ἱ)
667 2186 682 2214 ι»
700 2196 742 2207 -
757 2158 810 2224 25.
828 2158 912 2222 Turn
930 2158 1111 2224 Messalla:
1131 2184 1147 2220 u
1162 2157 1292 2245 Sequar
1304 2158 1546 2247 praescriptam
1566 2183 1583 2224 a
1598 2167 1643 2231 te.

404 2268 568 2347 Materne,
587 2265 772 2332 lormam...
794 2294 809 2325 »
829 2305 869 2315 -
885 2290 938 2353 27.
958 2289 973 2329 e
998 2265 1114 2344 Parce,
1131 2265 1243 2353 inquit
1267 2266 1454 2348 Maternus,
1476 2275 1511 2333 et
1528 2269 1646 2355 potius

405 2375 542 2441 exsolve
558 2375 762 2463 promissum
783 2425 805 2438 ..
826 2373 944 2460 Perge,
963 2373 1074 2460 inquit
1093 2372 1279 2450 Maternus,
1297 2381 1330 2438 et
1350 2396 1427 2439 cum
1435 2375 1477 2440 de
1494 2376 1645 2464 antiquis

412 2483 573 2571 loquaris,
602 2489 693 2546 utero
709 2481 846 2569 antiqua
867 2479 1033 2562 libertate,
1051 2504 1070 2546 a
1085 2504 1150 2568 qua
1167 2478 1220 2544 vel
1242 2481 1350 2567 magis
1364 2480 1647 2568 degeneravimus

407 2613 507 2678 quarn
530 2587 571 2653 al)
593 2588 797 2675 eloquentia.
819 2612 835 2652 u
855 2625 900 2636 —
918 2591 971 2652 ²8.
998 2587 1082 2652 Turn
1105 2585 1265 2652 Messalla
1286 2606 1325 2653 :a
1348 2588 1424 2653 Non
1439 2590 1644 2674 reconditas,

407 2697 571 2775 Materne,
585 2717 703 2759 causas
718 2694 903 2782 requiris...
924 2723 940 2755 »
954 2733 994 2746 -
1012 2692 1065 2760 33.
1085 2694 1128 2759 Et
1143 2694 1317 2760 Maternus
1337 2717 1343 2760 :
1360 2696 1475 2761 «Mihi
1492 2697 1643 2787 quidem,

405 2802 526 2891 inquit,
549 2809 744 2889 susceptum
760 2825 778 2865 a
792 2809 824 2866 te
840 2825 964 2867 munus
979 2801 1062 2866 adeo
1078 2802 1249 2889 peregisse
1274 2802 1424 2868 nondum
1440 2805 1607 2873 videris...
1627 2834 1644 2866 p

405 2949 448 2959 -
471 2912 521 2986 (a.
542 2908 689 2973 Finierat
709 2909 896 2979 Maternus.
919 2932 996 2973 cum
1016 2908 1219 2974 Messalla...
1246 2939 1260 2970 e
1286 2910 1369 2988 Fiet,
1392 2911 1502 2999 inquit
1517 2913 1646 2978 Mater-

407 3040 484 3095 uuS,
502 3023 615 3103 postca
638 3015 802 3080 arbitratu
830 3025 887 3081 tuo
909 3023 954 3094 et,
984 3016 1011 3079 si
1028 3039 1094 3103 qua
1111 3016 1173 3080 tibi
1188 3016 1332 3082 obscura
1352 3018 1385 3082 in
1408 3017 1471 3083 hoc
1486 3042 1561 3085 mco
1575 3043 1646 3084 ser-

408 3146 507 3188 mone
522 3122 593 3186 visa
606 3131 697 3203 sunt,
714 3122 756 3187 de
771 3123 812 3187 iis
829 3147 947 3188 rursus
967 3122 1209 3189 conteremus¹.
1237 3147 1253 3187 s

363 3231 404 3298 C.
426 3227 593 3294 CVllltll.
615 3268 654 3277 ·-
679 3252 729 3307 ιι,
744 3254 776 3317 7.
800 3255 815 3293 a
835 3230 995 3318 Prompta
1014 3228 1078 3294 sibi
1094 3230 1261 3318 exempla,
1279 3233 1417 3319 quantis
1432 3233 1646 3300 mercedibus

406 3337 445 3403 P.
465 3335 606 3400 Clodius
620 3343 677 3400 aut
693 3335 732 3401 C.
755 3337 857 3400 Curio
873 3337 1063 3402 contionari
1079 3337 1169 3401 soliti
1189 3338 1269 3403 sint.
1295 3361 1310 3400 n

364 3442 622 3510 CVlllttNEb'l.
647 3482 688 3490 -
715 3444 754 3508 t).
774 3445 827 3531 37,
861 3473 875 3502 o.
901 3444 951 3508 Ex
984 3445 1152 3531 (veterum
1181 3453 1331 3510 actorum
1360 3447 1648 3538 epistularumque

406 3550 516 3632 librisl
533 3549 685 3637 intellegi
713 3558 867 3638 potest...
907 3551 1068 3616 Lentulos
1103 3560 1136 3615 et
1167 3552 1323 3618 Metellos
1354 3564 1386 3619 et
1422 3554 1582 3621 Lucullos
1615 3565 1648 3622 ct

408 3658 571 3724 Curiones
586 3666 619 3723 et
646 3666 792 3723 ceteram
808 3683 985 3747 procerum
1015 3682 1151 3724 manum
1176 3661 1317 3726 multum
1345 3660 1377 3724 in
1408 3662 1647 3750 (eloquentiae)

408 3766 529 3831 studiis
556 3789 675 3852 operae
699 3789 864 3853 curaeque
895 3767 1061 3854 posuisse.
1092 3790 1151 3831 nee
1185 3790 1387 3854 quemquam
1427 3766 1495 3831 illis
1519 3776 1648 3858 tempo-

412 3873 547 3937 ribus..

365 3978 533 4043 Ct'lt'rll'·
552 3979 755 4044 1,nCt's.-
770 3979 794 4056 l,
807 3981 862 4055 (r.
883 3980 980 4044 luxta
992 3980 1100 4044 Curtii
1113 3979 1222 4044 lacurn
1235 3981 1456 4069 trepidatione
1468 3983 1647 4074 ferentium

407 4084 515 4150 Galba
532 4086 701 4173 proiectus
723 4109 740 4149 c
770 4084 853 4150 sella
868 4110 906 4150 ac
922 4087 1123 4174 provolutus
1138 4097 1199 4152 est.
1224 4128 1266 4136 -
1288 4087 1330 4169 ll,
1350 4088 1403 4154 55.
1436 4091 1535 4177 (Post
1561 4113 1648 4156 nun-

409 4193 526 4258 tiatam
551 4193 675 4256 ltomae
701 4191 845 4257 tltlronis
867 4197 1025 4279 mortem)
1051 4194 1196 4282 populus
1221 4219 1298 4260 curn
1325 4195 1423 4260 lauru
1448 4221 1486 4261 ac
1510 4196 1650 4264 lloribus

396 4493 404 4518 ¹
423 4484 456 4533 l'.
474 4485 554 4531 ctiam
572 4483 603 4536 t),
622 4499 641 4532 r.
664 4499 699 4532 re.
715 4485 751 4529 13.

394 4563 450 4613 ²C.
467 4564 624 4612 Scribonius
639 4563 728 4613 Curio,
747 4564 810 4611 trib.
828 4563 926 4625 plebis,
947 4578 969 4610 u.
990 4571 1034 4625 70(
1049 4565 1128 4612 :bu

394 4643 593 4704 3lntcllegeudi
606 4647 666 4691 suut
684 4645 713 4691 (ἶ.
730 4645 889 4691 Ser-iluimus
904 4645 984 4691 Curio
1004 4650 1113 4706 praetor
1130 4660 1153 4693 a.
1170 4646 1216 4692 633
1227 4665 1258 4689 z
1275 4663 1326 4700 rar,
1340 4648 1370 4694 C.
1386 4647 1545 4696 Scribonius
1558 4649 1649 4702 Curio.

366 4725 424 4771 eius
442 4724 519 4772 illius.
539 4740 594 4771 cos.
611 4739 636 4773 a.
651 4724 782 4787 678176.
801 4729 828 4772 ct
844 4726 902 4771 eiius
922 4740 1015 4786 nepos.
1033 4724 1077 4772 ille
1096 4727 1140 4787 qui
1158 4741 1240 4788 supra
1259 4731 1310 4776 est.
1329 4727 1370 4776 (tr.
1385 4727 1491 4782 (laurei,
1512 4731 1650 4783 Onorrrast.

369 4803 536 4853 Tullianum.

395 4883 405 4918 ⁴
424 4884 515 4933 Metui
527 4884 617 4932 Curtii
634 4885 736 4944 (Verre,
756 4886 782 4932 1,,
801 4885 837 4933 1...
856 4885 887 4934 l'.
910 4893 969 4947 etp:
990 4886 1056 4936 tir..
1081 4886 1099 4940 l,
1121 4886 1156 4944 13,
1173 4888 1256 4938 frtuut
1278 4888 1367 4936 rtlnrri
1386 4887 1477 4936 Curtii
1493 4889 1574 4950 (Lien,
1589 4890 1651 4948 l'll,

368 4964 442 5026 ⁰1³)-
