3709 6234
284 842 320 897 52
783 843 1067 898 ANNAEVSSENECA

326 1008 404 1051 cum
420 993 490 1050 rata
506 984 549 1048 ob
564 984 800 1050 claritudinem
824 985 1015 1051 studiorum
1035 984 1120 1065 eius,
1141 991 1245 1071 utque
1268 984 1409 1051 Domitii
1422 984 1565 1074 pueritia

262 1133 264 1137 .
328 1092 386 1159 tali
397 1093 560 1180 magistro
570 1092 778 1158 adolesceret
789 1100 823 1158 et
833 1092 987 1158 consiliis
999 1091 1150 1156 eiusdem
1163 1089 1206 1156 ad
1217 1114 1312 1178 spem
1323 1091 1565 1160 dominationis

324 1209 511 1281 uterentur,
534 1202 614 1289 quia
634 1201 763 1267 Seneca
782 1200 870 1266 fidus
892 1200 926 1265 in
947 1199 1172 1288 Agrippinam
1188 1200 1349 1264 memoria
1361 1201 1518 1267 beneficii
1533 1208 1566 1268 et

325 1309 478 1375 intensus
492 1308 635 1374 Claudio
655 1308 770 1374 dolore
790 1306 932 1375 iniuriae
953 1307 1164 1373 credebatur.
1179 1345 1223 1356 -
1242 1307 1293 1390 13,
1322 1331 1352 1372 2.
1381 1307 1564 1400 Ibaturque

323 1418 358 1481 in
377 1416 509 1496 caedes,
528 1417 592 1481 nisi
609 1415 773 1481 Afranius
789 1418 916 1481 Burrus
927 1423 961 1481 et
973 1416 1136 1481 Annaeus
1152 1416 1280 1480 Seneca
1293 1413 1429 1480 obviam
1443 1417 1561 1485 issent.

322 1525 366 1588 lli
383 1532 527 1589 rectores
547 1523 780 1610 imperatoriae
800 1522 957 1588 iuventae
977 1528 1021 1602 et,
1032 1544 1145 1586 rarum
1155 1521 1190 1584 in
1204 1520 1366 1587 societate
1376 1523 1561 1612 potentiae,

322 1631 520 1710 concordes,
539 1630 674 1695 diversa
692 1637 763 1696 arte
783 1653 825 1695 ex
852 1653 960 1719 aequo
980 1627 1212 1718 pollebant...,
1227 1629 1355 1693 Seneca
1374 1631 1564 1719 praeceptis

322 1738 535 1827 eloquentiae
564 1745 598 1803 et
631 1739 791 1804 comitate
813 1738 966 1818 honesta,
982 1738 1139 1803 iuvantes
1155 1735 1189 1800 in
1205 1737 1324 1814 vicem,
1343 1758 1409 1825 quo
1431 1736 1564 1803 facilius

320 1846 484 1912 lubricam
504 1845 666 1934 principis
682 1847 863 1911 aetatem...
887 1842 1123 1932 voluptatibus
1142 1843 1314 1909 concessis
1339 1844 1561 1914 retinerent...

320 1993 363 2005 -
388 1953 484 2036 13,3.
504 1953 566 2018 Die
594 1953 721 2018 funeris
754 1953 984 2019 laudationem
1017 1951 1165 2042 (Claudii
1192 1951 1297 2038 Nero)
1309 1973 1452 2019 exorsus
1466 1961 1560 2023 est...

322 2061 505 2150 Postquam
522 2060 565 2124 ad
583 2060 835 2147 providentiam
853 2060 1123 2147 sapientiamque
1137 2059 1245 2141 flexit,
1262 2081 1362 2126 nemo
1381 2061 1465 2127 risui
1481 2070 1564 2128 tem·

319 2191 446 2256 perare,
463 2190 670 2257 quamquam
696 2168 804 2232 oratio
833 2191 851 2232 a
891 2169 1019 2233 Seneca
1055 2168 1244 2256 compositu
1274 2167 1421 2234 multum
1449 2171 1563 2236 cultus

319 2276 513 2362 praeterret,
533 2283 570 2340 ut
590 2274 653 2340 fuit
681 2274 732 2338 illi
751 2276 823 2339 viro
845 2275 1019 2362 ingenium
1053 2298 1233 2341 amoenum
1249 2282 1282 2340 et
1299 2276 1463 2365 temporis
1489 2277 1564 2344 eius

318 2383 456 2448 auribus
480 2381 788 2448 adcommodatum.
810 2420 855 2433 —
875 2381 924 2464 13,
944 2382 975 2449 5.
1002 2382 1140 2470 Legatis
1155 2382 1396 2448 Armeniorum
1424 2407 1563 2452 causam

320 2492 431 2577 gentis
447 2490 536 2578 apud
553 2490 721 2555 Neronem
741 2488 916 2554 orantibus
930 2489 1110 2556 escendere
1134 2496 1331 2579 suggestum
1348 2490 1562 2580 imperatoris

320 2606 353 2661 ot
374 2597 563 2684 praesidere
593 2596 695 2661 simul
722 2595 863 2684 parabat
900 2595 1134 2684 (Agrippina),
1175 2597 1240 2662 nisi
1275 2597 1396 2663 ceteris
1437 2622 1562 2687 pavore

322 2703 442 2768 ‹lesrxis
455 2704 583 2769 Seneca
603 2704 850 2780 admonuisset,
872 2703 1020 2769 venienti
1038 2705 1137 2770 matri
1161 2711 1362 2770 occurreret.
1383 2705 1435 2772 lta
1449 2707 1561 2796 specie

320 2812 455 2899 pietatis
468 2811 603 2875 obviam
620 2812 704 2876 itum
722 2810 889 2877 dedecori.
907 2812 1016 2890 -13,
1034 2811 1066 2878 6.
1082 2812 1208 2878 Contra
1226 2812 1323 2880 alii...
1346 2811 1558 2882 disserunt...

319 2918 463 2983 Burrum
479 2928 592 2984 tamen
609 2927 642 2984 et
657 2921 820 2985 Senecam
841 2919 1024 2985 multarum
1039 2942 1150 2986 rerum
1171 2920 1377 3007 experientia
1389 2922 1557 3010 cognitos.

321 3064 364 3077 -
389 3028 439 3106 13,
471 3050 521 3091 ιι.
549 3027 773 3093 Clementiam
806 3051 903 3093 suam
931 3026 1149 3115 obstringens
1163 3027 1278 3116 (Nero)
1294 3027 1422 3094 crebris
1437 3031 1560 3096 oratio-

322 3135 432 3213 nibus,
456 3158 541 3224 quas
563 3136 691 3200 Seneca
721 3135 948 3213 testificanda,
966 3157 1068 3224 quam
1094 3134 1234 3200 honesta
1257 3136 1476 3225 praeciperet,
1504 3134 1559 3203 vel

318 3242 466 3307 iactandi
504 3244 631 3331 ingenii
659 3266 740 3308 voce
769 3242 931 3330 principis
958 3241 1132 3329 vulgabat.
1167 3280 1211 3291 -
1243 3242 1294 3321 13,
1317 3243 1366 3311 13.
1387 3244 1504 3310 Donec
1524 3243 1558 3308 vi

317 3352 442 3418 amoris
465 3350 625 3416 subactus
640 3358 777 3416 exueret
789 3349 991 3438 obsequium
1003 3349 1037 3413 in
1048 3356 1190 3414 matrem
1206 3348 1322 3440 (Nero)
1339 3374 1442 3441 seque
1456 3352 1560 3418 Sene·

317 3460 391 3525 eae¹
407 3458 629 3548 permitteret,
661 3482 702 3523 ex
717 3459 813 3523 euius
836 3456 1061 3523 santiliaribus
1074 3459 1238 3523 Annaeus
1254 3459 1402 3524 Serenus
1412 3459 1558 3525 simula-

316 3568 407 3633 tione
421 3566 545 3630 arnoris
565 3566 728 3631 adversus
752 3565 905 3631 eamdem
939 3564 1095 3630 libertam
1121 3566 1261 3655 (Acten)
1288 3567 1414 3655 primas
1428 3566 1559 3634 adules-

317 3674 425 3739 centis
438 3673 614 3762 cupidines
630 3673 844 3739 velaverat...
859 3712 899 3722 —
921 3671 972 3751 13,
993 3677 1042 3750 14.
1057 3672 1275 3759 (Testabatur
1298 3674 1488 3764 Agrippina
1507 3677 1559 3765 se)

317 3783 440 3848 ituram
468 3805 545 3846 eum
573 3781 798 3870 (Britannico)
830 3781 866 3845 in
894 3788 1024 3861 custra;
1061 3780 1234 3846 audiretur
1263 3781 1342 3847 hine
1364 3782 1556 3848 Germanici

318 3889 398 3968 filia,
428 3888 505 3953 inde
532 3888 653 3953 debilis
686 3912 803 3955 rursus
825 3889 953 3953 Burrus
977 3895 1011 3953 et
1039 3886 1118 3953 exul
1134 3888 1274 3969 Seneca,
1294 3896 1413 3954 trunca
1429 3889 1558 3956 scilicet

315 4020 417 4063 manu
429 4004 462 4061 et
473 3995 675 4084 professoria
689 3995 807 4082 lingua
821 3996 955 4082 generis
967 3996 1105 4061 humani
1118 3996 1269 4083 regimen
1281 3995 1552 4086 expostulantes.

317 4144 353 4154 -
382 4104 432 4186 13,
451 4125 504 4170 20.
522 4101 647 4167 Fabius
669 4102 830 4168 llustieus
847 4111 963 4168 auctor
979 4111 1072 4170 est...
1088 4126 1150 4192 ope
1161 4104 1309 4170 Senecae
1324 4103 1555 4191 dignationem

318 4214 424 4277 llurro
440 4217 647 4277 retentam...
672 4208 760 4275 Sane
782 4210 907 4275 Fabius
923 4210 1066 4276 inclinat
1086 4212 1129 4276 ad
1148 4211 1266 4277 laudes
1284 4211 1444 4291 Senecae,
1460 4214 1556 4280 cuius

317 4317 463 4384 amicitia
489 4318 616 4382 ssoruit.
648 4356 689 4368 —
720 4318 769 4395 13,
800 4338 854 4384 21.
894 4319 982 4384 Luce
1015 4326 1088 4384 orta
1118 4319 1186 4384 itur
1204 4317 1495 4408 adAgrippinam,
1516 4328 1556 4388 ut

317 4433 470 4492 nosceret
494 4424 666 4491 obieeta...
700 4426 825 4490 llurrus
854 4426 895 4490 iis
916 4424 1085 4490 mandatis
1116 4426 1244 4491 Seneca
1263 4448 1375 4491 eoram
1392 4426 1555 4516 fungeba-

320 4534 541 4611 tur...-13,
565 4537 606 4611 Aa
639 4532 826 4598 Multorum
847 4533 924 4597 odia
955 4533 1095 4598 meritus
1115 4556 1204 4607 reuS,
1231 4534 1320 4599 haud
1351 4538 1553 4604 tamensine

318 4640 442 4706 uiridia
478 4642 624 4705 Senecae
663 4640 854 4705 damnatur.
893 4640 925 4704 ls
960 4640 1022 4704 luit
1049 4639 1082 4706 Ι).
1111 4640 1294 4707 Suillius..
1316 4641 1386 4708 Nec
1410 4644 1553 4712 Suillius

316 4754 438 4836 questu
452 4754 511 4812 aut
525 4747 788 4835 exprobratione
803 4746 1009 4826 abstinebat,
1029 4798 1050 4812 ..
1060 4747 1233 4812 Senecam
1249 4749 1430 4837 increpans
1445 4752 1553 4820 infen-

305 4972 310 5000 '
332 4970 378 5022 Με
399 4985 471 5019 uere.
489 4970 565 5018 (lore.
584 4970 682 5018 lluret.
