3709 6234
709 932 716 945 ,
776 878 890 933 lullus
917 875 1052 932 sElAtvs

328 1001 435 1067 multo
458 1010 536 1090 post
563 1001 699 1078 Cacsar,
731 1026 807 1069 cum
839 1003 975 1068 lunium
1006 999 1165 1065 Blaesum
1193 1022 1253 1088 pro
1274 999 1413 1066 consule
1426 999 1563 1068 Africae

327 1107 489 1197 triumphi
505 1108 696 1197 insignibus
711 1110 894 1188 attolleret,
910 1111 990 1176 dare
1005 1109 1040 1174 id
1051 1131 1086 1173 se
1099 1097 1454 1192 dixithonoriSeiani,
1466 1110 1564 1176 cuius

327 1215 385 1279 ille
414 1216 603 1282 avunculus
633 1225 716 1283 erat.
732 1257 775 1269 -—
796 1221 829 1297 Δ,
853 1244 880 1284 1.
900 1217 1020 1306 Coepit
1048 1214 1176 1281 saevire
1205 1214 1277 1304 ipsc
1289 1215 1475 1304 (Tiberius)
1504 1228 1564 1284 aut

326 1324 556 1390 saevientibus
571 1324 661 1390 vires
674 1323 847 1413 praebere.
867 1326 1006 1391 luitium
1022 1331 1056 1390 et
1070 1349 1171 1391 causa
1192 1346 1297 1414 penes
1312 1322 1448 1389 Aelium
1462 1324 1539 1390 Seia
1549 1363 1564 1373 ·

326 1454 420 1512 num,
438 1431 634 1497 cohortibus
658 1433 835 1521 praetoriis
853 1433 1075 1521 praelectum,
1092 1433 1190 1498 cuius
1219 1432 1260 1497 de
1275 1431 1427 1520 potentia
1459 1456 1563 1520 supra

326 1540 512 1604 memoravi
534 1561 540 1620 ;
559 1563 649 1605 nunc
660 1540 840 1628 originem,
858 1565 981 1616 mores,
998 1547 1032 1605 et
1044 1563 1111 1629 quo
1133 1539 1280 1605 facinore
1295 1538 1564 1605 dominationem

331 1653 467 1734 raptum
494 1647 582 1725 ierit,
601 1648 792 1736 expediam.
810 1651 902 1725 -l,
930 1648 961 1713 3.
995 1648 1140 1729 Drusus,
1177 1647 1358 1735 impatiens
1377 1646 1503 1713 aemuli
1531 1654 1566 1713 et

328 1754 440 1819 animo
466 1755 680 1834 commotior,
710 1764 785 1821 orto
815 1755 900 1821 sorte
921 1756 1030 1844 iurgio
1046 1755 1239 1821 intenderat
1258 1754 1381 1819 Seiano
1394 1775 1516 1819 manus
1531 1759 1567 1818 et

326 1868 443 1926 contra
463 1860 634 1927 tendentis
650 1886 688 1928 os
706 1863 985 1930 verberaverat...
1010 1862 1112 1928 l'ellit
1131 1862 1232 1927 domo
1258 1861 1401 1927 Seianus
1421 1882 1565 1926 uxorem

325 1968 518 2054 Apicatam,
540 1992 580 2033 ex
596 1993 663 2058 qua
683 1978 752 2035 tres
772 1970 896 2037 liberos
912 1978 1088 2059 genuerat,
1112 1993 1153 2036 ne
1169 1968 1290 2058 paelici
1306 1968 1437 2058 (Liviae
1459 1966 1565 2032 Drusi

326 2075 438 2162 uxori)
451 2080 803 2163 suspectaretur.-l,
817 2078 951 2166 7.Quae
967 2086 1128 2145 cuncta...
1144 2075 1562 2163 retinebat(Tiberius)...,

324 2180 431 2246 donec
460 2192 567 2249 morte
603 2185 704 2250 Drusi
730 2193 956 2251 verterentur.
980 2185 1066 2249 Nam
1082 2183 1163 2249 dum
1187 2182 1365 2271 superfuit,
1395 2205 1563 2263 mansere,

325 2289 402 2377 quia
427 2289 571 2356 Seianus
587 2290 770 2380 incipiente
783 2291 893 2357 adhuc
923 2292 1073 2381 potentia
1090 2290 1189 2356 bonis
1208 2290 1360 2356 consiliis
1388 2297 1566 2356 notescere

325 2396 462 2462 volebat
476 2404 509 2463 et
525 2396 615 2462 ultor
631 2397 885 2465 metuebatur...
903 2402 979 2475 -4,
995 2400 1027 2464 8.
1045 2398 1153 2486 lgitur
1164 2396 1308 2463 Seianus
1323 2394 1565 2463 maturandum

326 2511 420 2569 ratus
436 2504 562 2591 delegit
576 2528 756 2585 venenum,
774 2529 840 2594 quo
867 2505 1031 2594 paulatim
1048 2506 1222 2593 inrepente
1243 2503 1403 2569 fortuitus
1422 2500 1564 2567 morbus

326 2611 598 2677 adsimularetur.
633 2612 671 2678 ld
701 2614 810 2678 Druso
844 2614 961 2679 datum
986 2637 1087 2702 per...
1113 2615 1266 2693 —l‚1o.
1292 2612 1368 2676 Non
1390 2609 1564 2676 omiserim

326 2719 521 2784 eorumdem
543 2728 732 2807 temporum
749 2741 962 2804 rumorem..;
981 2727 1139 2809 corrupta
1153 2718 1195 2784 ad
1212 2718 1323 2785 scelus
1339 2718 1435 2783 Livia
1446 2715 1565 2803 (Drusi

328 2829 445 2910 uxore)
456 2827 619 2892 Seianum
631 2827 739 2915 Lygdi
749 2851 884 2918 quoquc
903 2828 1064 2916 spadonis
1075 2828 1227 2893 animum
1237 2834 1355 2914 stupro
1368 2825 1561 2891 vinxisse...

326 2973 367 2985 -—
386 2935 418 3013 t,
441 2956 490 2999 rr.
509 2932 595 3012 Quia
610 2933 755 2999 Seianus
770 2932 959 3000 facinorum
974 2934 1126 2998 omnium
1141 2939 1293 3022 repertor
1307 2929 1506 3012 habebatur,
1519 2953 1563 2996 ex

328 3041 432 3105 nimia
453 3040 593 3106 caritate
617 3041 651 3106 in
681 3064 758 3107 eum
785 3042 941 3107 Caesaris
954 3048 988 3107 et
1008 3048 1216 3107 caeterorum
1232 3041 1266 3105 in
1282 3048 1468 3129 utrumque
1482 3038 1563 3104 odio

328 3149 484 3236 quamvis
498 3147 654 3213 sabulosa
669 3155 703 3214 et
714 3150 873 3215 immania
889 3149 1156 3216 credebantur...
1177 3148 1268 3214 Ordo
1282 3146 1408 3236 alioqui
1424 3145 1564 3213 sceleris

327 3279 386 3344 per
405 3257 584 3344 Apicatam
606 3256 719 3321 Seiani
739 3257 937 3346 proditus...
955 3266 1019 3324 est.
1037 3260 1123 3336 -ά,
1146 3281 1195 3322 ra.
1214 3255 1369 3336 Seianus,
1391 3254 1450 3320 ubi
1469 3253 1565 3320 videt

328 3372 471 3429 mortem
485 3364 586 3427 Drusi
601 3363 745 3430 inultam
775 3365 1209 3444 interfectoribus...,ferox
1235 3362 1400 3429 scelerum
1412 3368 1457 3441 ct,
1484 3359 1565 3449 quia

325 3472 435 3559 prima
464 3480 702 3559 provenerant,
726 3473 880 3539 volutare
905 3497 1038 3555 secum,
1061 3496 1209 3561 quonam
1237 3471 1337 3536 modo
1368 3466 1565 3549 Germanici

327 3578 453 3643 libcros
468 3584 817 3666 perverteret...-1t,
834 3582 884 3646 15.
899 3582 1121 3669 Aderantquc
1142 3580 1255 3645 iuveni
1271 3578 1410 3668 (Neroni
1420 3577 1565 3641 Germa-

328 3686 394 3750 nici
410 3686 491 3774 lilio)
509 3687 676 3753 modestia
702 3712 740 3753 ac
769 3688 876 3753 forma
910 3690 1061 3777 principe
1089 3690 1162 3753 viro
1184 3688 1300 3775 digna,
1322 3685 1413 3751 notis
1428 3684 1462 3749 in
1484 3705 1564 3749 eum

328 3793 442 3858 Seiani
457 3793 543 3858 odiis
559 3795 601 3859 ob
617 3795 802 3883 periculum
819 3797 979 3882 gratiora.
1003 3836 1046 3846 -
1062 3797 1093 3874 Δ,
1114 3819 1164 3884 17.
1193 3792 1388 3860 lnstabat...
1419 3791 1565 3856 Seianus

329 3899 571 3990 incusabatque
586 3901 760 3967 diductam
775 3903 947 3972 civitatem
962 3911 999 3968 ut
1014 3903 1105 3968 civili
1118 3902 1222 3980 bello,
1241 3924 1315 3966 csse
1345 3900 1404 3988 qui
1430 3921 1466 3963 se
1487 3919 1564 3985 par·

330 4008 414 4072 tium
433 4009 642 4096 Agrippinae
668 4018 833 4075 vocent...
855 4014 938 4088 —l,
964 4034 1014 4099 ¹9·
1038 4011 1145 4074 l'arro
1159 4008 1320 4075 consul...
1343 4006 1430 4072 odiis
1449 4001 1563 4070 Seiani

327 4138 387 4203 per
407 4114 554 4180 dcdccus
568 4139 668 4180 suum
682 4117 936 4203 gratificabatur
952 4120 1005 4206 (C.
1025 4118 1148 4182 Silium
1162 4115 1381 4200 accusando).
1395 4152 1438 4162 -
1454 4115 1485 4188 l.
1505 4108 1561 4177 26.

330 4220 524 4287 Dolabellae
540 4223 667 4310 petenti
687 4223 804 4289 abnuit
829 4225 1046 4314 triumphalia
1062 4225 1087 4288 Τ
1090 4224 1227 4305 iberius,
1248 4223 1371 4289 Seiano
1396 4218 1559 4300 tribuens,

329 4351 370 4394 nc
402 4328 512 4394 lllaesi
532 4330 691 4395 avunculi
716 4331 788 4396 eius
802 4332 877 4397 laus
892 4332 1131 4397 obsolesceret.
1149 4370 1192 4380 —
1208 4333 1239 4409 ,4,
1263 4329 1316 4408 35.
1336 4325 1558 4420 (Cremutium

328 4435 491 4522 Cordum)
511 4436 717 4503 accusabant
736 4438 867 4503 Satrius
887 4439 1064 4506 Secundus
1079 4447 1111 4504 et
1139 4438 1296 4504 Pinarius
1315 4435 1430 4515 Natta,
1448 4433 1557 4498 Sciant¹

326 4543 479 4609 clientes,
499 4542 536 4607 ld
554 4544 771 4631 perniciabile
791 4570 861 4614 reo,
882 4586 925 4596 —
946 4551 978 4626 t,
998 4547 1039 4635 39
1070 4548 1117 4611 Aa
1133 4546 1276 4612 Seianus
1289 4544 1394 4609 nimia
1426 4541 1555 4606 fortune

325 4672 440 4713 socors
464 4658 496 4715 et
526 4650 682 4715 muliebri
701 4652 840 4741 insuper
857 4653 1016 4742 cupidine
1036 4653 1207 4726 incensus,
1230 4651 1435 4740 promissum
1448 4645 1553 4713 matri⁴

329 4757 480 4821 monium
503 4758 678 4844 flagitante
702 4759 809 4836 Livia,
840 4760 1014 4849 componit
1028 4758 1069 4825 ad
1087 4760 1267 4826 Caesarem
1287 4755 1503 4824 codicillos...
1521 4791 1552 4804 ·-

330 4865 362 4942 Δ,
380 4867 434 4942 to.
459 4863 514 4928 Ad
543 4889 581 4928 ca
615 4864 768 4932 Tiberius
790 4866 927 4932 laudata
956 4869 1081 4956 pietate
1111 4867 1226 4933 Seiani
1254 4867 1393 4955 suisque
1422 4864 1456 4929 in
1485 4881 1551 4927 eun

322 4970 494 5036 beneficiis
508 4972 639 5038 modice
653 4974 864 5060 percursis...
882 4974 1092 5042 adiumxit...
1109 4995 1141 5042 :a
1161 4973 1413 5045 Fallerisenim,
1426 4969 1548 5037 Seiana
