3709 6234
222 492 278 549 296
737 496 868 548 stnvtt's
888 495 992 547 attan

272 657 344 700 sam
364 636 583 724 profectionis
602 637 751 702 ollicium
779 660 859 723 erga
886 636 1072 724 principem
1090 644 1124 701 et
1155 644 1321 702 maturam
1351 638 1506 724 petendis

271 743 455 808 honoribus
471 744 645 809 iuventam
662 741 802 816 ferebat,
821 741 881 807 sed
901 740 1024 828 vulgus
1044 741 1194 828 tingendi
1210 741 1347 807 avidum
1374 741 1506 832 disper·

271 858 361 916 serat
373 851 516 916 accitum
537 852 572 916 in
591 850 848 938 adoptionem...
864 848 1058 914 Corinthi...
1077 857 1186 914 certos
1206 849 1345 938 nuntios
1376 852 1507 940 accepit

270 957 312 1022 de
332 959 470 1023 interitu
498 957 639 1024 Galbae.
661 995 703 1005 -
720 955 763 1032 ll,
781 956 813 1022 6.
846 956 1005 1020 Proximo
1020 955 1111 1020 civili
1140 954 1231 1021 bello
1257 955 1403 1024 turbatis
1430 957 1507 1023 aliis

268 1065 498 1154 (exercitibus)
515 1066 714 1129 inconcussa
732 1065 781 1149 (in
798 1064 951 1151 Oriente)
966 1089 1045 1153 pax,
1062 1066 1140 1130 dein
1153 1065 1237 1131 tides
1251 1087 1331 1152 erga
1345 1063 1505 1132 Galbam.

266 1209 302 1221 -
325 1173 368 1242 ll.
385 1198 417 1261 9.
436 1172 605 1238 Galatiam
625 1195 663 1237 ac
685 1171 922 1260 Pamphyliam
952 1173 1145 1258 provincias
1165 1171 1351 1260 Calpurnio
1379 1174 1502 1262 Aspre·

268 1280 338 1345 nati
355 1279 520 1366 regendas
542 1279 649 1344 Galba
669 1280 880 1367 permiserat.
899 1316 941 1329 -
967 1277 1010 1348 ll.
1038 1303 1086 1345 ro.
1117 1280 1248 1344 Recens
1263 1277 1393 1345 Galbae
1416 1281 1508 1369 prin·

267 1390 381 1475 cipatu
398 1396 600 1454 censuerant
615 1395 740 1475 patres,
758 1395 796 1452 ut
817 1394 1051 1453 accusatorum
1066 1408 1188 1451 causae
1214 1393 1447 1452 noscerentur.
1466 1423 1509 1436 -

271 1495 312 1573 ΙΙ,
331 1520 340 1558 ι
353 1520 379 1559 ι.
395 1493 694 1581 Septima(lcgio)a
709 1493 817 1558 Galba
833 1494 1035 1582 conscripta.
1047 1529 1085 1542 —
1098 1492 1141 1574 lt,
1155 1493 1392 1559 macerrima
1403 1493 1510 1580 (apud

268 1602 480 1669 Othonianos
497 1600 634 1690 milites)
652 1601 858 1666 seditionum
883 1624 922 1665 ac
943 1600 1131 1665 discordiae
1159 1600 1391 1684 incitamenta,
1406 1600 1510 1666 inter·

268 1711 411 1776 lectores
427 1707 578 1802 Galbae,¹
595 1707 721 1774 scelere
735 1716 768 1774 et
791 1716 883 1773 metu
904 1707 1099 1786 vaecordes,
1121 1707 1261 1773 miseere
1285 1714 1450 1776 cuncta...
1466 1746 1511 1756 -

269 1818 312 1889 ll.
329 1816 381 1882 31.
397 1815 585 1881 Addiderat
599 1815 755 1901 (Othoni)
767 1822 928 1881 terrorem
945 1822 1046 1903 atque
1056 1814 1170 1880 odium
1182 1813 1302 1880 caedes
1315 1813 1512 1881 Galbae.—

271 1925 313 1998 ll.
333 1924 386 1990 55.
403 1924 503 2009 (Post
522 1923 659 1988 nuntios
681 1924 841 1988 victoriae
858 1922 987 1988 Vitellii
1002 1929 1035 1987 et
1051 1922 1169 1987 mortis
1190 1921 1348 2009 Othonis)
1363 1921 1512 2010 populus

268 2055 344 2098 cum
361 2030 458 2096 lauru
478 2053 515 2095 ac
534 2029 672 2094 lloribus
684 2028 812 2094 Galbae
835 2030 1000 2116 imagines
1015 2030 1142 2095 circum
1165 2027 1290 2116 templa
1311 2027 1402 2106 tulit,
1422 2051 1512 2097 eon—

267 2139 373 2227 gcstis
390 2138 423 2203 iu
439 2136 577 2202 modum
605 2137 727 2202 tumuli
744 2137 877 2202 coronis
894 2136 986 2201 iuxta
1007 2136 1118 2201 lacum
1135 2135 1255 2206 Curtii.
1278 2158 1380 2224 quem
1398 2137 1511 2204 locum

269 2245 376 2311 Galba
397 2245 544 2310 moriens
573 2245 737 2331 sanguine
763 2243 933 2309 iniecerat.
962 2283 1005 2292 —
1035 2243 1079 2314 ll.
1105 2245 1158 2309 58.
1183 2245 1345 2310 Lucceius
1363 2243 1512 2310 Albinus

269 2353 496 2441 (procurator)
535 2374 552 2415 a
596 2350 728 2415 Nerone
767 2350 999 2415 Mauretaniae
1038 2350 1248 2415 Caesariensi
1281 2351 1509 2439 praepositus,

269 2458 383 2524 addita
400 2480 460 2546 per
470 2456 614 2522 Galbam
630 2457 828 2543 Tingitanae
843 2457 1036 2544 provinciae
1051 2455 1385 2525 administratione...
1404 2457 1511 2524 Caeso

270 2564 377 2631 Galba
411 2566 445 2629 in
476 2565 645 2630 tlthonem
679 2587 847 2652 pronus...
881 2601 921 2614 -
956 2564 998 2636 ll,
1036 2588 1089 2653 7¹·
1122 2563 1310 2654 (Vitellius)
1340 2562 1512 2630 Valerium

269 2673 438 2738 Marinum
450 2671 683 2736 destinatuma
696 2671 803 2736 Galba
820 2670 994 2736 consulem
1009 2669 1180 2736 distulit...
1200 2710 1231 2722 -
1252 2671 1295 2752 ll,
1314 2670 1369 2760 76.
1385 2670 1511 2754 (Verba

275 2779 355 2845 lacit
370 2778 459 2866 apud
476 2779 721 2865 Vespasianum
753 2779 946 2862 Mucianus)
973 2808 989 2838 a
1013 2778 1154 2844 Cessisti
1167 2778 1269 2844 etiam
1284 2778 1414 2844 Galbae
1428 2778 1512 2845 ima-

269 2887 429 2975 ginibus3
453 2893 583 2973 torpere
609 2885 725 2951 ultra..
764 2909 865 2973 sopor
887 2893 921 2951 et
942 2886 1077 2970 ignavia
1103 2884 1314 2952 videretur...
1345 2887 1452 2952 Posse
1471 2885 1513 2951 ab

268 2995 418 3060 exercitu
438 2993 624 3080 principem
644 2993 714 3057 lieri
728 2991 793 3057 sibi
814 2993 885 3079 ipse
904 2992 1061 3056 l'itellius
1085 2992 1300 3071 documento,
1327 2991 1433 3057 nullis
1451 2994 1512 3060 sti-

268 3101 413 3190 pendiis,
438 3098 530 3165 nulla
560 3099 698 3165 militari
719 3098 819 3178 lama,
841 3098 970 3164 Galbae
998 3099 1075 3163 odio
1106 3107 1358 3186 provectus-
1389 3099 1434 3176 ll.
1455 3098 1510 3167 86.

272 3207 457 3293 (Antonius
489 3207 635 3293 Primus)
669 3215 820 3294 tempore.
849 3206 992 3271 Neronis
1026 3205 1100 3271 lalsi
1131 3205 1312 3272 damnatus
1340 3206 1429 3272 inter
1449 3206 1514 3274 alia

281 3315 359 3380 belli
393 3313 480 3378 mala
513 3314 721 3378 senatorium
751 3314 903 3379 ordinem
946 3314 1200 3401 reciperaverat.
1243 3312 1462 3401 Praepositus
1496 3337 1514 3378 a

273 3421 381 3486 Galba
408 3421 571 3508 septimae
606 3420 731 3505 legioni
758 3420 1018 3506 (Galbianae)...
1051 3420 1227 3485 Gornelius
1263 3421 1433 3488 Fuscus...
1455 3443 1515 3509 pro

273 3527 380 3592 Galba
400 3527 469 3591 dux
499 3525 650 3591 coloniae.
681 3551 760 3592 suae
789 3551 893 3615 caque
924 3551 1025 3615 opera
1059 3528 1329 3615 procurationem
1360 3527 1512 3616 adeptus.

275 3674 318 3684 -
345 3633 387 3713 ll,
403 3635 456 3699 88.
488 3635 608 3699 Porum
635 3636 781 3699 maxime
808 3634 968 3722 petebant
989 3635 1175 3723 p'itelliani
1203 3634 1342 3720 milites)
1358 3635 1515 3723 cupidine

278 3740 409 3806 visendi
436 3740 561 3816 locum,
586 3742 618 3805 in
649 3765 716 3827 quo
737 3740 846 3805 Galba
878 3742 1046 3806 iacuisset.
1071 3782 1110 3793 -
1146 3741 1188 3812 ll,
1218 3766 1273 3829 92.
1297 3740 1454 3826 (Caecina
1484 3753 1516 3808 et

279 3847 415 3926 l'alens)
437 3848 630 3912 invaserant
650 3848 781 3916 domos.
806 3848 935 3918 hortos,
958 3872 1106 3935 opesque
1127 3849 1269 3937 imperii,
1293 3872 1368 3913 cum
1395 3849 1516 3914 llebilis

279 3963 312 4019 ct
327 3977 431 4039 egens
447 3952 610 4018 nobilium
628 3954 737 4028 turba,
751 3979 836 4042 quos
847 3955 939 4042 ipsos
951 3954 1141 4043 liberosque
1154 3956 1280 4043 patriae
1291 3953 1400 4020 Galba
1410 3956 1517 4021 reddi-

275 4062 381 4128 derat.
401 4059 493 4124 nulla
505 4059 667 4148 principis
683 4060 841 4148 tl'itcllii)
854 4062 1082 4126 misericordia
1103 4062 1310 4126 iuvarentur.
1329 4101 1371 4110 -
1400 4062 1443 4142 ll,
1460 4088 1514 4153 97.

278 4170 312 4232 ln
328 4168 441 4232 Al'rica
459 4167 547 4254 legio
563 4168 785 4256 cohortesque
800 4168 951 4233 delectae
967 4195 982 4231 a
999 4168 1118 4232 Clodio
1140 4169 1265 4245 Macro,
1281 4192 1359 4234 mox
1375 4193 1394 4234 a
1409 4170 1518 4236 Galba

275 4275 447 4350 dimissae.
471 4297 587 4339 rursus
601 4276 697 4340 iussu
714 4275 842 4341 l'itellii
862 4274 1017 4341 militiam
1034 4299 1162 4362 cepere.
1181 4316 1223 4325 -
1245 4275 1287 4350 ll.
1315 4301 1386 4343 ιοι.
1408 4277 1519 4367 Scrip-

280 4390 369 4447 tores
401 4391 601 4469 temporum‚
631 4383 687 4469 qui
715 4384 863 4471 potiente.
891 4406 1001 4446 rerum
1032 4382 1146 4446 Flavia
1180 4382 1280 4446 domo
1312 4384 1519 4452 monimenta

282 4487 362 4555 belli
375 4487 513 4553 huiusce
529 4498 802 4577 composuerunt.
816 4513 932 4553 curam
946 4491 1038 4577 pacis
1054 4499 1085 4555 et
1102 4513 1248 4554 amorem
1264 4491 1311 4554 rei
1321 4490 1518 4578 publicae...

279 4619 398 4660 causas
428 4595 640 4682 ‘proditionis
658 4597 821 4661 Caecinae
851 4596 1073 4685 aliorumque)
1092 4596 1274 4668 tradidere:
1298 4596 1395 4661 nobis
1421 4621 1523 4688 super
