3709 6234
346 867 401 929 364
937 875 1045 930 traua

361 1046 363 1050 ·
389 1018 517 1107 patriae
527 1016 749 1099 videbantur;
770 1025 942 1107 tamquam
957 1025 1095 1083 externa
1111 1015 1211 1081 litora
1226 1022 1260 1081 et
1275 1016 1376 1081 urbes
1386 1015 1627 1084 hostium...-

392 1124 436 1207 ll,
473 1150 522 1214 ¹7·
553 1127 742 1214 Aperuerat
767 1126 834 1191 iam
875 1125 1006 1191 llaliam
1038 1123 1234 1212 bellumque
1269 1124 1545 1192 transmiserat...
1577 1124 1630 1188 ala

391 1234 558 1299 Siliana...
584 1232 877 1299 Florentissimum
913 1232 1028 1299 ltaliae
1054 1231 1156 1310 latus,
1185 1239 1350 1319 quantum
1379 1232 1468 1296 inter
1499 1232 1629 1297 Padum

392 1340 566 1429 Alpesque
595 1364 791 1431 camporum
810 1348 842 1405 et
862 1327 1009 1422 urbium,
1035 1340 1137 1404 armis
1168 1337 1337 1409 Vitellii...
1370 1339 1558 1406 tenebatur.
1587 1378 1630 1389 -

395 1450 437 1526 ll,
456 1473 507 1513 ao.
531 1447 746 1526 AtCaecina,
764 1447 859 1513 velut
883 1447 999 1513 relicta
1016 1452 1093 1535 post
1110 1445 1217 1534 Alpes
1243 1446 1384 1511 saevitia
1413 1469 1451 1511 ac
1479 1446 1627 1522 licentia,

395 1556 548 1621 modesto
564 1555 699 1641 agmine
719 1579 779 1643 per
803 1555 935 1621 ltaliam
953 1554 1102 1620 incessit.
1129 1591 1174 1604 -
1203 1554 1246 1634 ΙΙ,
1263 1577 1315 1618 21.
1349 1551 1451 1619 Nulla
1471 1554 1504 1617 in
1534 1552 1630 1619 ltalia

394 1663 501 1728 moles
523 1670 592 1728 tam
626 1686 732 1750 capax
760 1663 858 1750 (erat,
894 1685 995 1750 quam
1024 1661 1216 1726 Placentiae
1246 1660 1560 1749 amphitheatrum).
1585 1699 1629 1710 -

395 1771 438 1851 ΙΙ,
462 1794 514 1857 ²7·
532 1768 697 1834 Cohortes
712 1771 928 1836 Batavorum.
953 1823 959 1836 .
995 1768 1142 1834 ablatam
1173 1767 1270 1856 (ase)
1296 1768 1422 1833 Neroni
1452 1766 1624 1836 ltaliam...

396 1878 573 1943 iactantes,
597 1913 638 1926 -
657 1876 698 1954 ll,
716 1876 768 1940 28.
789 1902 803 1940 a
823 1876 883 1941 Sin
911 1876 1072 1942 victoriae
1099 1876 1254 1941 columen
1291 1875 1326 1939 in
1360 1874 1456 1940 ltalia
1487 1883 1631 1941 vertere·

394 1994 492 2051 tur...
511 2012 527 2044 a
544 2022 588 2033 -
605 1984 649 2066 ΙΙ,
673 1983 726 2048 32.
746 2013 761 2044 a
781 1983 942 2049 Clausam
973 1982 1160 2072 Alpibus...
1195 1983 1470 2071 Transpadanam
1500 1984 1631 2049 ltaliam

395 2091 615 2181 (Vitellianis)
635 2092 803 2158 ...Contra
819 2092 902 2179 ipsis
919 2090 1149 2180 (Othonianis)
1169 2091 1283 2156 omnia
1298 2090 1458 2179 opulenta
1496 2099 1530 2157 et
1548 2090 1626 2172 lida,

397 2199 570 2266 ...ltaliam
583 2207 617 2265 et
632 2207 733 2287 eaput
747 2222 861 2265 rerum
880 2198 999 2263 urbem
1012 2206 1234 2286 senatumque
1264 2207 1297 2263 et
1319 2198 1522 2286 populum...
1549 2198 1631 2264 Cor-

394 2331 474 2395 pora
494 2307 638 2371 militum
662 2315 721 2372 aut
735 2307 851 2373 ltaliae
867 2313 961 2372 sucta
977 2314 1036 2372 aut
1051 2305 1264 2372 aestibus...»
1282 2305 1378 2386 -ΙΙ,
1401 2304 1454 2371 56.
1473 2305 1631 2371 Ceterum

395 2414 492 2480 ltalia
505 2416 642 2502 gravius
659 2423 761 2503 atquc
776 2414 925 2480 atrocius
940 2438 1041 2502 quam
1070 2412 1159 2479 bello
1193 2413 1439 2479 adflictabatur.
1478 2413 1631 2502 Dispersi

394 2547 453 2612 per
470 2522 652 2609 municipia
665 2528 699 2587 et
712 2521 863 2586 colonias
879 2519 1094 2588 Vitelliani...
1114 2522 1184 2586 lam
1197 2519 1328 2607 pridem
1352 2520 1487 2585 obtritis
1519 2519 1631 2586 ltaliae

395 2629 496 2695 rebus
512 2637 605 2694 tanta
622 2627 774 2716 peditum
789 2629 1009 2716 equitumque
1030 2628 1081 2692 vis
1092 2627 1282 2716 damnaque
1298 2634 1332 2692 et
1364 2627 1505 2694 iniuriae
1533 2650 1632 2714 aegre

397 2735 640 2802 tolerabantur.
658 2735 757 2812 -ll,
771 2737 825 2800 62.
842 2734 1013 2822 (Vitellio)
1025 2758 1066 2800 ex
1088 2735 1169 2801 urbe
1183 2743 1283 2824 atque
1300 2734 1396 2799 ltalia
1416 2735 1631 2800 inritamenta

396 2844 495 2930 gulae
519 2841 742 2929 gestabantur
765 2843 816 2930 (in
845 2841 1049 2929 Galliam)...
1078 2841 1172 2908 Pulsi
1199 2840 1296 2907 ltalia
1322 2842 1565 2907 mathematici.
1586 2880 1631 2893 -

395 2950 438 3028 ΙΙ,
457 2949 511 3014 66.
534 2950 678 3036 Sparsae
698 2972 757 3035 per
773 2948 904 3013 ltaliam
922 2950 1044 3036 (victae
1060 2948 1226 3037 legiones)
1238 2956 1271 3014 et
1281 2948 1467 3014 victoribus
1480 2950 1628 3036 permix-

396 3065 449 3123 tae
465 3056 601 3120 hostilia
616 3055 853 3143 loquebantur.
869 3096 912 3104 -
929 3056 972 3135 ll,
991 3057 1044 3121 83.
1072 3056 1293 3121 Mucianus...
1308 3056 1451 3121 classem
1476 3079 1493 3121 e
1521 3056 1630 3123 Ponto

396 3163 596 3250 Byzantium
611 3162 702 3250 adigi
718 3163 873 3242 iusserat,
891 3162 1071 3250 ambiguus
1085 3162 1230 3239 consilii,
1258 3187 1380 3229 num...
1404 3163 1629 3251 Dyrrachium

396 3271 506 3359 pedite
522 3277 622 3358 atque
639 3270 761 3357 equite,
785 3270 885 3335 simul
901 3270 1014 3357 longis
1034 3269 1179 3335 navibus
1194 3293 1327 3335 versum
1342 3271 1375 3334 in
1393 3269 1524 3336 ltaliam
1540 3294 1630 3337 mare

396 3377 580 3441 clauderet.
604 3428 625 3455 ..
640 3385 741 3463 atque
768 3377 879 3464 ipsum
895 3377 1070 3442 Vitellium
1087 3378 1120 3441 in
1147 3378 1275 3442 incerto
1292 3377 1372 3456 lore,
1388 3401 1489 3465 quam
1501 3386 1631 3465 partem

397 3484 512 3549 ltaliae
542 3491 744 3570 protegeret,
768 3484 837 3549 si...
856 3483 955 3549 litora
971 3485 1103 3550 infestis
1119 3484 1287 3550 classibus
1304 3493 1509 3571 peterentur.
1528 3525 1566 3534 -
1586 3485 1629 3562 ΙΙ,

396 3614 449 3680 9⁰·
465 3590 617 3656 Consciis
633 3591 837 3676 llagitiorum
850 3590 1105 3678 (Vitelliaipsis.
1119 3593 1176 3679 qui
1191 3592 1342 3672 aderant,
1356 3592 1631 3679 omniqueltalia‚

394 3720 568 3786 perquam
582 3706 748 3762 somnoet
770 3696 853 3761 luxu
869 3697 1048 3785 pudendus
1075 3699 1271 3764 incesserat.
1292 3736 1333 3746 -
1354 3697 1414 3776 ΙΙΙ,
1448 3724 1473 3766 ι,
1508 3701 1634 3785 (lluccs

399 3805 564 3891 Flaviani)
586 3805 768 3890 agitavere,
790 3805 1039 3891 placeretne...,
1053 3828 1096 3869 an
1112 3806 1159 3870 ire
1172 3806 1363 3870 comminus
1383 3814 1416 3871 et
1431 3815 1559 3871 certare
1575 3830 1634 3893 pro

396 3910 491 3977 ltalia
508 3912 719 3976 constantius
734 3911 832 3979 loret.
848 3951 890 3960 —
905 3912 965 3988 ΙΙΙ,
987 3938 1017 3977 a.
1036 3913 1208 3978 Antonius
1226 3913 1401 3979 Primus...
1429 3913 1628 3979 disseruit...

398 4018 474 4106 plus
488 4017 661 4082 socordiae
676 4042 777 4107 quam
794 4019 936 4084 liduciae
953 4021 1136 4084 accessisse
1156 4019 1342 4085 victoribus
1362 4019 1583 4106 (l'itellianis)

398 4126 584 4213 peremnia
618 4124 734 4189 ltaliae
767 4126 951 4213 municipia
981 4126 1172 4203 desides...
1191 4126 1249 4191 sed
1271 4126 1385 4192 addito
1416 4129 1525 4215 spatio
1548 4128 1633 4192 redi-

397 4240 510 4297 turum
526 4240 559 4296 et
576 4232 627 4295 his
648 4232 805 4313 robur...;
822 4234 992 4321 utrimque
1015 4235 1119 4305 viros.
1156 4257 1273 4322 equos,
1307 4234 1433 4300 tributa
1460 4235 1635 4323 ipsamque

400 4339 532 4404 ltaliam
547 4347 580 4404 et
600 4363 681 4426 opes
705 4339 841 4405 urbis...
855 4369 871 4400 a
889 4340 973 4405 hlihi
987 4341 1164 4428 expeditae
1189 4340 1345 4406 cohortes
1361 4342 1541 4419 sullicient,
1565 4342 1631 4407 iam

400 4454 581 4511 reseratam
612 4446 743 4510 ltaliam
762 4448 783 4525 ¹,
816 4446 980 4534 impulsas
1010 4447 1138 4512 l'itellii
1171 4471 1225 4513 res
1257 4448 1412 4513 audietis.
1434 4448 1633 4524 »-111,a.

400 4554 608 4640 (Tampium)
626 4554 825 4618 Flavianum
845 4555 972 4618 ‹irnissa
993 4555 1168 4618 Pannonia
1182 4556 1374 4639 ingressum
1397 4553 1571 4621 ltaliam...
1593 4595 1631 4604 —

402 4661 462 4735 ΙΙΙ,
488 4661 518 4725 5.
541 4661 700 4725 Ceterum
712 4668 748 4725 ut
764 4662 995 4726 transmittere
1008 4662 1042 4725 in
1059 4661 1191 4726 ltaliam
1205 4663 1343 4749 impune
1363 4671 1396 4727 et
1415 4663 1492 4726 usui
1508 4662 1634 4730 leret...

398 4806 442 4818 -
458 4767 518 4844 ΙΙΙ,
538 4766 569 4831 6.
592 4768 743 4832 Antonio
760 4767 956 4833 vexillarios
971 4791 988 4832 e
1004 4769 1199 4834 cohortibus
1211 4778 1245 4834 et
1260 4777 1390 4856 partem
1417 4771 1567 4857 equitum
1595 4770 1637 4834 ad

399 4873 627 4939 invadendam
644 4874 775 4939 ltaliam
790 4875 975 4962 rapienti...
1008 4916 1050 4923 —
1081 4875 1141 4947 ΙΙΙ,
1170 4901 1202 4962 q.
1240 4875 1438 4961 (Flavianae
1473 4876 1636 4964 legiones)

388 5018 396 5051 ¹
415 5014 459 5066 U:
480 5019 598 5063 reserata
613 5015 722 5064 militia.
740 5017 815 5064 Corr.
834 5016 960 5065 Pirhena.
