3709 6234
761 883 895 935 stavlt's
914 883 1021 935 GALBA
1480 881 1535 944 295

293 1022 493 1102 discordiae,
511 1022 602 1113 quod
628 1032 661 1088 et
677 1022 766 1087 bello
782 1023 946 1089 adversus
969 1024 1143 1089 Vindicem
1175 1026 1355 1090 universus
1379 1024 1533 1091 adfuerat

296 1153 356 1196 nec
372 1130 436 1194 nisi
457 1130 568 1195 occiso
589 1130 722 1227 Nerone
738 1131 922 1197 translatus
938 1132 971 1196 in
992 1131 1178 1198 Galbam...
1196 1133 1332 1198 Treveri
1353 1155 1390 1197 ac
1411 1133 1532 1219 Lingo-

297 1261 368 1312 nes,
386 1261 538 1327 quasque
553 1236 637 1302 alias
659 1238 815 1304 civitates
832 1238 1003 1304 atrocibus
1032 1239 1150 1305 edictis
1188 1248 1246 1306 aut
1268 1240 1391 1304 damno
1415 1240 1532 1304 finium

297 1344 405 1411 Galba
418 1345 649 1433 perculerat...
662 1384 705 1396 —-
720 1345 745 1424 l,
768 1348 820 1413 55.
841 1345 1012 1411 lnferioris
1034 1354 1146 1412 tamen
1167 1346 1367 1412 Germaniae
1381 1345 1532 1433 legiones

296 1452 451 1517 sollemni
465 1452 684 1518 kalendarum
698 1453 926 1519 Ianuariarum
939 1462 1150 1520 sacramento
1161 1478 1221 1542 pro
1232 1452 1340 1519 Galba
1352 1453 1529 1519 adactae...

298 1560 445 1627 Primani
461 1560 683 1649 quintanique
700 1561 825 1627 turbidi
840 1561 937 1632 adeo.
950 1570 987 1627 ut
1003 1562 1141 1651 quidam
1160 1585 1240 1627 saxa
1256 1562 1289 1627 iu
1305 1561 1434 1627 Galbae
1450 1562 1532 1626 ima-

296 1668 391 1756 gines
411 1668 591 1735 iecerint...
614 1671 662 1734 nt
678 1670 711 1734 iu
723 1670 894 1757 superiore
905 1670 1054 1735 exercitu
1066 1677 1185 1757 quarta
1197 1692 1234 1733 ac
1246 1669 1534 1736 duoetvicensima

295 1775 486 1863 legiones...
506 1776 578 1862 ipso
594 1775 814 1841 kalendarum
833 1777 1062 1841 lanuariarum
1078 1776 1132 1842 die
1147 1776 1346 1863 dirumpunt
1367 1777 1531 1864 imagines

297 1881 480 1961 Galbae...‚
504 1881 597 1947 nullo
613 1883 801 1970 legatorum
827 1884 1082 1949 tribunorumve
1096 1907 1156 1972 pro
1171 1882 1281 1949 Galba
1300 1885 1469 1951 nitente...
1488 1923 1531 1934 -

296 1990 321 2068 l,
341 1989 394 2056 56.
412 1988 580 2068 Quattuor
599 1992 812 2056 centuriones
828 1991 1135 2056 duoetvicensimae
1147 1990 1346 2078 legionis...‚
1363 2015 1440 2057 cum
1455 2015 1531 2081 pro-

296 2105 448 2185 tegerent
471 2097 599 2163 Galbae
630 2099 807 2184 imagines.
834 2099 962 2187 impetu
986 2099 1132 2164 militum
1155 2098 1284 2186 abrepti
1315 2100 1528 2189 vinctique...

296 2204 463 2293 Aquililer
491 2214 631 2293 quartae
657 2206 801 2292 legionis
822 2205 973 2293 epulanti
994 2206 1130 2271 l'itcllio
1156 2206 1300 2285 nuntiat,
1322 2214 1477 2294 quartam
1497 2214 1531 2273 et

294 2312 616 2378 duoetvicensimam
634 2313 785 2400 legiones
801 2315 959 2402 proiectis
975 2313 1103 2379 Galbae
1128 2313 1373 2400 imaginibus...
1394 2314 1489 2379 Missi
1509 2338 1527 2379 a

294 2420 429 2485 Vitellio
444 2420 485 2484 ad
501 2420 651 2508 legiones
671 2423 877 2511 legatosque.
892 2423 948 2510 qui
964 2421 1149 2487 descivisse
1164 2445 1183 2486 a
1196 2420 1304 2486 Galba
1321 2421 1527 2507 superiorem
1590 2505 1595 2510 .

293 2530 477 2594 exercitum
509 2531 746 2596 nuntiarent...
769 2570 812 2580 -
834 2531 859 2604 l,
888 2530 943 2610 Gt,
967 2530 1132 2596 Nuntium
1148 2529 1188 2594 de
1213 2528 1314 2594 caede
1341 2527 1469 2593 Galbae
1494 2539 1527 2596 et

293 2637 434 2724 imperio
454 2637 599 2702 tltlronis
618 2638 742 2703 Fabius
760 2638 883 2702 Valens
900 2638 932 2702 in
954 2639 1090 2703 civitate
1120 2637 1306 2702 Leucorum
1326 2637 1466 2723 accepit.
1486 2674 1529 2685 —

296 2744 321 2820 l,
339 2745 393 2809 65.
415 2744 570 2810 Veterem
588 2746 674 2811 inter
692 2745 936 2830 lugdunenses
954 2755 985 2808 et
1014 2747 1213 2809 Viennenses
1232 2744 1436 2809 discordiam
1453 2767 1529 2833 pro-

294 2852 423 2915 ximum
439 2851 563 2916 bellurn
576 2853 784 2918 (reconderat.
805 2853 933 2919 Multae
944 2854 976 2917 in
994 2854 1100 2918 vicem
1114 2851 1239 2928 clades,
1255 2851 1406 2916 crebrius
1420 2850 1529 2914 inles-

294 2959 427 3046 tiusque
446 2983 546 3047 quam
567 2970 605 3025 ut
627 2969 757 3025 tantum
775 2968 911 3049 proptor
930 2960 1095 3024 Neronem
1117 2959 1329 3046 Galbamque
1359 2981 1527 3046 pugnare-

295 3073 358 3131 tur.
385 3066 427 3131 Et
452 3066 559 3131 Galba
591 3067 717 3132 reditus
749 3067 1026 3151 Lugdunensium
1048 3067 1225 3131 occasione
1250 3067 1318 3131 irae
1353 3066 1385 3130 in
1407 3067 1526 3130 liscum

295 3181 461 3251 verteral;
485 3175 612 3238 multus
636 3183 752 3239 contra
781 3175 815 3238 in
840 3176 1050 3239 Viennenses
1077 3175 1223 3240 honor...
1262 3173 1367 3260 lgitur
1389 3172 1527 3259 Lugdu·

293 3303 415 3346 nenses
435 3280 652 3345 exstimulare
667 3281 938 3366 (l'itellianos)...
956 3282 989 3345 iu
1001 3282 1210 3346 eversionem
1226 3280 1526 3357 Viennensium...

293 3389 501 3476 conscriptas
531 3413 637 3476 nuper
666 3388 816 3472 legiones
844 3389 877 3452 in
905 3388 1108 3475 praesidium
1128 3387 1256 3452 Galbae
1281 3386 1466 3452 referendo,
1484 3424 1527 3434 —

294 3494 319 3570 l,
337 3494 391 3584 67.
412 3496 635 3561 lnritaverant
651 3495 822 3561 turbidum
847 3496 1019 3580 ingenium
1048 3495 1244 3576 (Caecinae)
1266 3493 1454 3559 llelvetii...
1485 3492 1526 3557 de

291 3602 392 3666 caede
416 3602 543 3667 Galliae
572 3604 677 3689 ignari
706 3613 739 3668 et
774 3601 899 3667 l'itellii
926 3602 1104 3690 imperium
1139 3601 1339 3667 abnuentes.
1360 3601 1446 3681 -l‚
1470 3626 1522 3690 7¹·

292 3709 448 3794 (blariusi
471 3710 591 3773 Celsus
619 3716 814 3773 constanter
831 3717 984 3773 servatae
1012 3732 1090 3792 erga
1125 3706 1270 3772 Galbam
1295 3706 1372 3772 lidei
1397 3707 1526 3772 crimen

291 3817 477 3882 confessus.
498 3855 540 3866 -
568 3816 591 3885 l.
624 3840 676 3903 72·
705 3815 880 3902 ttplronius
905 3815 1134 3902 Tigellinus..
1164 3815 1254 3903 apud
1278 3814 1422 3880 Galbam
1460 3815 1526 3880 Titi

292 3923 381 3989 Vinii
394 3924 542 4011 potentia
556 3922 727 3987 defensus.
748 3960 790 3971 —
805 3923 829 3991 l.
848 3925 901 4010 73.
933 3923 1050 3987 Calvia
1073 3921 1309 4010 Crispinilla...
1326 3922 1415 4010 apud
1444 3922 1526 3987 Gal-

291 4029 381 4105 barn,
395 4029 575 4102 Othonem.
594 4028 769 4093 Vitellium
785 4030 923 4094 inlaesa.
947 4069 989 4078 -
1007 4030 1032 4100 l.
1050 4033 1103 4118 74.
1126 4029 1228 4110 tttlro,
1247 4030 1412 4095 revocatis
1440 4051 1526 4117 quos

292 4136 399 4200 Gallia
414 4138 563 4205 miserat.
582 4136 713 4222 legatis
739 4160 854 4201 rursus
874 4138 914 4202 ad
935 4146 1117 4225 utrumque
1141 4136 1382 4202 Germanicum
1402 4138 1527 4202 exerci-

291 4252 404 4310 tum...
424 4246 533 4332 specie
546 4252 684 4309 senatus
710 4246 813 4310 misit.
832 4283 874 4294 -
892 4245 916 4321 l,
937 4270 990 4333 77.
1014 4245 1124 4309 Ceteri
1141 4244 1339 4310 consulatus
1359 4267 1400 4308 ex
1421 4244 1526 4309 desti-

292 4351 425 4416 natione
455 4351 598 4415 Neronis
620 4361 677 4416 aut
706 4351 834 4416 Galbae
855 4375 1078 4417 mansere-
1099 4352 1125 4424 l.
1155 4355 1210 4440 87.
1230 4350 1347 4440 (Otho)
1378 4350 1525 4440 reliquos

289 4481 462 4523 caesorum
493 4458 534 4523 ad
566 4469 701 4546 pontem
724 4459 890 4524 llulviunr
918 4469 951 4524 et
979 4460 1118 4524 saevitia
1146 4458 1273 4524 Galbae
1312 4459 1346 4524 in
1371 4458 1525 4524 custodia

291 4566 423 4631 habitos
447 4567 478 4629 in
506 4589 664 4629 numeros
691 4565 834 4653 legionis
863 4576 1140 4655 composuerat...
1163 4566 1312 4632 Aemilio
1339 4567 1522 4634 Pacensi...

289 4673 484 4761 ademptum
516 4699 532 4737 a
553 4673 658 4736 (nilon
683 4674 891 4740 tribunatum
926 4671 1129 4739 reddiderat.
1149 4672 1233 4746 -l.
1262 4675 1316 4739 88.
1348 4674 1525 4761 Sepositus

290 4804 347 4869 per
374 4803 431 4845 eos
458 4782 529 4846 dies
564 4781 741 4846 (lornelius
765 4780 981 4847 ltolabella...
1001 4780 1131 4845 nullum
1158 4780 1200 4844 ob
1221 4781 1361 4854 crimen,
1384 4779 1444 4844 sed
1469 4803 1525 4845 ve·

289 4897 380 4952 tusto
414 4890 548 4951 nornine
565 4898 594 4953 et
611 4890 861 4977 propinquitate
878 4889 1006 4953 Galbae
1023 4895 1241 4955 monstratus.
1258 4927 1301 4937 -
1313 4887 1355 4960 ll,
1377 4912 1404 4954 r.
1430 4887 1526 4952 Titus

290 4995 529 5086 Vespasianus.
548 5021 565 5058 e
583 4996 702 5062 ludaea
725 4997 883 5061 ineolumi
896 4996 1005 5060 adhuc
1022 4995 1130 5061 Galba
1148 4996 1271 5060 missus
1286 5020 1303 5058 a
1321 5004 1427 5083 patre.
1446 5017 1523 5058 cau-
