3709 6234
855 863 937 915 neno
1483 857 1536 914 463

297 1012 379 1071 cunt
390 1027 586 1093 expromere
602 1005 817 1077 sententiam,
855 1028 919 1091 qua
950 1011 1104 1068 oraretur
1131 1003 1295 1068 Claudius
1325 1003 1535 1091 despondere

298 1112 475 1178 Octaviam
491 1112 652 1186 Domitio,
674 1111 765 1200 quod
777 1112 880 1176 aetati
906 1110 1083 1198 utriusque
1103 1133 1170 1174 non
1183 1110 1408 1176 absurdum...
1428 1112 1535 1198 Super

296 1220 443 1307 priorem
457 1219 739 1284 necessitudinem
761 1242 906 1306 sponsus
933 1218 1000 1282 iam
1021 1226 1055 1281 et
1070 1240 1173 1304 gener
1207 1217 1375 1282 Domitius
1395 1219 1534 1305 aequari

300 1326 493 1391 Britannico
513 1326 635 1391 studiis
650 1326 781 1405 matris,
798 1333 869 1390 arte
886 1349 1014 1405 eorum,
1037 1326 1113 1413 quis
1128 1324 1172 1388 ob
1196 1332 1387 1389 accusatam
1408 1325 1535 1390 Messa·

299 1433 403 1498 linam
419 1432 503 1499 ultio
518 1456 561 1498 ex
574 1433 643 1498 filio
660 1433 853 1499 timebatur.
875 1472 911 1481 -
937 1431 1060 1509 12,25.
1092 1432 1242 1519 Adoptio
1275 1433 1309 1496 in
1348 1432 1534 1497 Domitium

299 1541 499 1606 auctoritate
515 1539 680 1605 Pallantis
697 1540 916 1605 testinatur...
937 1540 999 1603 llis
1018 1540 1148 1604 evictus
1160 1538 1352 1627 (Claudius)
1367 1539 1512 1604 triennio
1526 1537 1534 1577 ¹

300 1648 460 1712 maiorem
476 1656 559 1712 natu
577 1648 763 1712 Domitium
779 1648 848 1711 lilio
865 1647 1051 1734 anteponit.
1071 1685 1111 1695 —
1133 1646 1252 1722 12,26.
1271 1646 1428 1712 Ceterum
1442 1653 1535 1711 actae

299 1754 442 1843 principi
462 1763 588 1842 grates,
606 1755 809 1843 quaesitiore
830 1755 862 1818 in
886 1754 1073 1818 Domitium
1101 1753 1295 1818 adulatione
1313 1776 1320 1828 ;
1352 1762 1535 1841 rogataque

299 1859 367 1938 lex,
390 1885 455 1951 qua
482 1862 517 1926 in
538 1861 699 1926 familiam
721 1861 898 1926 Claudiam
914 1870 947 1926 et
973 1884 1096 1925 nomen
1121 1860 1266 1925 Neronis
1293 1862 1463 1926 transiret.
1496 1900 1535 1908 —

304 1992 354 2048 ια,
378 1971 431 2044 άι.
448 1967 563 2033 Virilis
584 1975 661 2055 toga
679 1968 803 2032 Neroni
819 1976 997 2040 maturata,
1021 1991 1088 2055 que
1107 1968 1333 2055 capessendae
1353 1970 1400 2033 rei
1428 1967 1535 2055 publi-

298 2098 357 2140 cae
373 2075 494 2139 habilis
515 2076 696 2140 videretur.
716 2075 758 2140 Et
783 2074 907 2139 Caesar
919 2073 1171 2139 adulationibus
1188 2084 1325 2141 senatus
1342 2075 1450 2140 libens
1465 2099 1536 2139 ces·

300 2183 355 2262 sit,
373 2192 410 2247 ut
425 2183 610 2247 vicensimo
621 2184 742 2247 aetatis
762 2206 851 2247 anno
872 2181 1089 2268 consulatum
1109 2180 1197 2244 Nero
1214 2184 1313 2248 iniret
1333 2191 1433 2270 atque
1449 2183 1535 2246 inte-

300 2290 363 2353 rim
384 2288 583 2375 designatus
603 2288 842 2376 proconsulare
863 2289 1041 2375 imperium
1057 2295 1151 2352 extra
1178 2288 1294 2353 urbem
1331 2289 1469 2353 haberet
1498 2312 1536 2352 ac

299 2397 455 2483 princeps
475 2397 661 2462 iuventutis
673 2396 941 2483 appellaretur...
962 2395 1105 2460 Ludicro
1122 2394 1380 2466 circensium...,
1401 2395 1535 2457 Britan-

300 2504 395 2567 nicus
427 2504 462 2568 in
499 2512 684 2592 praetexta,
727 2503 815 2568 Nero
862 2496 1057 2589 triumphali
1096 2510 1189 2565 veste
1225 2501 1366 2566 travecti
1409 2509 1531 2565 sunt..

301 2608 400 2675 Obvii
439 2611 526 2675 inter
563 2635 598 2674 se
638 2611 725 2674 Nero
754 2611 986 2675 Britannicum
1035 2610 1182 2676 nomine.
1246 2608 1301 2672 ille
1350 2608 1535 2671 Domitium

301 2717 502 2782 salutavere.
525 2758 567 2766 -
589 2743 636 2781 12.
662 2719 716 2797 58,
734 2718 888 2783 Sedecim
900 2740 1008 2781 annos
1026 2726 1126 2781 natus
1142 2715 1229 2780 Nero
1251 2715 1426 2780 Octaviam
1454 2714 1535 2780 Cae-

300 2826 385 2889 saris
415 2825 519 2889 liliam
564 2826 597 2889 in
640 2825 892 2889 matrimonium
940 2825 1240 2911 accepit...-12‚
1264 2821 1306 2899 Gt
1356 2824 1534 2887 Certamen

300 2932 514 3013 acerrimum,
544 2933 647 2997 amita
668 2933 781 3019 potius
797 2955 840 2995 an
864 2940 971 2996 mater
992 2931 1080 3018 apud
1103 2931 1270 2995 Neronem
1299 2930 1533 3017 praevaleret;

301 3062 377 3103 nam
410 3039 536 3126 Lepida
565 3037 807 3103 blandimentis
833 3061 870 3101 ac
914 3037 1150 3124 largitionibus
1175 3036 1355 3101 iuvenilem
1385 3037 1534 3101 animuin

299 3145 522 3227 devinciebat,
542 3146 626 3210 truci
642 3153 758 3209 contra
774 3167 812 3209 ac
822 3145 944 3209 minaci
969 3145 1199 3231 Agrippina...
1220 3181 1260 3191 -
1281 3168 1330 3208 12.
1349 3142 1403 3208 65.
1435 3142 1535 3226 (Nar-

300 3254 423 3338 cissus)
438 3254 644 3341 prompsisse
661 3254 747 3317 inter
762 3251 1114 3340 proximoslerebatur
1126 3260 1252 3317 certam
1269 3251 1331 3314 sibi
1339 3252 1532 3338 perniciem.

302 3384 362 3426 seu
387 3361 601 3426 Britannicus
616 3383 726 3424 rerum
745 3383 804 3423 seu
817 3359 905 3423 Nero
919 3368 1147 3446 poteretur...
1170 3360 1403 3446 parasitarum
1438 3381 1536 3421 accu-

299 3468 395 3532 sandi
415 3492 534 3533 causas
554 3490 640 3544 esse,
669 3468 696 3530 si
717 3466 806 3530 Nero
827 3467 1045 3554 imperitaret.
1070 3507 1104 3514 -
1124 3490 1173 3542 12,
1189 3466 1242 3530 68.
1259 3466 1328 3529 larn
1348 3465 1536 3548 ⁸Claudius)

300 3576 465 3640 exanimis
479 3575 630 3641 vestibus
642 3583 673 3638 el
686 3574 843 3638 fomentis
857 3574 1123 3660 (obtegebatur).
1139 3573 1219 3637 dum
1237 3572 1536 3660 reliquafirniando

301 3683 444 3747 Neronis
463 3684 603 3771 imperio
618 3690 877 3769 componuntur.
896 3718 938 3728 -
958 3705 1005 3758 ια,
1024 3679 1077 3768 69.
1104 3680 1246 3745 Foribus
1263 3679 1384 3744 Palatii
1400 3686 1536 3766 repente

301 3790 459 3870 diductis
477 3791 659 3854 comitante
677 3790 782 3852 llurro
798 3787 886 3852 Nero
903 3787 1074 3873 egreditur
1089 3787 1130 3851 ad
1139 3787 1324 3862 cohortem,
1342 3809 1428 3874 quae
1443 3809 1536 3849 more

301 3898 440 3963 militiae
455 3896 606 3961 excubiis
636 3894 771 3959 adest...
800 3894 995 3981 lnlalusque
1019 3895 1139 3958 castris
1166 3894 1536 3980 Neroelcongruentia

303 4004 444 4092 tempori
478 4003 660 4091 praelatus
692 4002 858 4087 promisso
887 4001 1048 4065 donativo
1077 4001 1119 4066 ad
1149 4000 1343 4089 exemplum
1378 4008 1536 4088 paternae

301 4110 502 4197 largitionis,
522 4112 702 4198 imperator
718 4108 962 4174 consalutatur.
981 4147 1023 4156 -
1043 4108 1093 4187 13,
1114 4133 1141 4173 1.
1160 4108 1274 4173 Prima
1299 4132 1388 4172 novo
1407 4108 1537 4195 princi-

300 4226 382 4305 patu
416 4241 507 4283 mors
535 4219 619 4281 lunii
657 4216 762 4281 Silani
797 4214 1009 4301 proconsulis
1037 4215 1139 4280 Asiae
1169 4217 1287 4302 ignaro
1317 4216 1451 4280 Nerone
1478 4239 1536 4302 per

301 4324 416 4390 dolum
437 4322 981 4412 Agrippinaeparatur...Crebra
1016 4322 1109 4408 vulgi
1140 4322 1228 4387 lania
1262 4322 1536 4408 anteponendum

302 4454 375 4496 esse
391 4432 540 4517 (lunium
557 4431 726 4517 Silanum)
747 4429 886 4493 vixdum
909 4430 1087 4517 pueritiam
1107 4453 1245 4517 egresso
1270 4428 1396 4493 Neroni
1418 4437 1450 4494 et
1476 4430 1536 4492 irn-

302 4541 431 4627 perium
462 4562 520 4628 per
554 4537 664 4602 scelus
693 4537 827 4623 adepto,
850 4576 892 4584 -
928 4537 976 4606 13,
997 4561 1026 4600 a.
1050 4536 1117 4601 Sed
1141 4560 1250 4625 neque
1289 4536 1415 4601 Neroni
1450 4537 1536 4600 infra

301 4669 416 4712 servos
436 4646 621 4732 ingenium,
639 4653 672 4708 et
692 4642 805 4708 Pallas
827 4644 913 4708 tristi
930 4643 1127 4729 adrogantia
1142 4643 1279 4707 modum
1299 4641 1412 4708 liberti
1425 4666 1536 4729 egres-

301 4777 360 4819 sus
372 4754 521 4820 taedium
537 4754 589 4816 sui
604 4761 765 4817 moverat.
778 4789 821 4800 -
838 4752 887 4828 13,
905 4752 936 4815 3.
954 4751 1176 4817 Adnotabant
1186 4752 1377 4818 seniores...
1389 4752 1535 4839 primum

289 4984 297 5018 ¹
317 4984 359 5035 fl:
376 4986 494 5035 biennio.
507 4987 547 5033 Cl.
562 4986 883 5035 Nrrrunnnu-Asnnusus.
