3709 6234
285 855 337 912 dli
852 862 1000 914 annuant

329 999 465 1064 virtutis
493 999 616 1066 ciens:
653 1026 669 1065 a
702 1002 799 1068 Stare
830 1001 1019 1068 Germanos
1049 1002 1263 1091 Batavosque
1290 1024 1391 1089 super
1420 1002 1563 1091 vestigia

329 1106 497 1192 gloriae...
529 1107 579 1171 Ne
605 1116 811 1175 terrerentur
839 1110 932 1174 vario
957 1109 1124 1176 Treveriei
1151 1108 1270 1198 proelii
1290 1117 1443 1176 eventu:
1468 1133 1565 1176 suam

329 1212 397 1277 illic
427 1214 602 1279 victoriam
631 1215 809 1280 Germanis
840 1216 1026 1293 obstitisse,
1058 1217 1139 1281 dum
1167 1216 1303 1281 omissis
1331 1215 1408 1282 telis
1440 1216 1564 1303 praeda

329 1343 450 1385 manus
465 1322 693 1409 impediunt...
716 1352 731 1382 »
747 1322 936 1388 Missilibus
956 1322 1121 1411 proelium
1137 1323 1308 1411 incipitur,
1326 1345 1433 1411 neque
1448 1331 1565 1388 nostro

330 1430 435 1495 milite
455 1429 613 1517 paludem
649 1430 859 1517 ingrediente
881 1439 915 1496 et
939 1432 1129 1511 Germanis,
1152 1439 1190 1497 ut
1205 1431 1377 1508 elicerent,
1397 1430 1567 1496 lacessen-

331 1535 433 1601 tibus.
460 1576 494 1588 -
522 1538 561 1614 t',
589 1542 639 1603 18.
664 1537 825 1626 Pulsique
851 1538 1012 1603 Germani
1037 1539 1194 1603 Rhenum
1218 1538 1297 1625 luga
1323 1537 1496 1626 petebant.
1523 1575 1567 1590 -

329 1643 371 1716 V,
403 1667 452 1731 ¹9·
477 1643 610 1732 (Diruta
633 1645 721 1710 mole
738 1646 839 1710 llrusi
854 1669 871 1709 a
885 1644 1019 1732 Civile),
1039 1645 1133 1711 velut
1148 1645 1267 1710 abacto
1289 1666 1387 1709 amne
1401 1645 1564 1731 (Rheno),

331 1750 441 1829 tenuis
469 1751 585 1816 alveus
613 1751 759 1817 insulam
788 1753 1023 1838 (batavorum)
1058 1752 1144 1817 inter
1177 1752 1431 1840 Germanosque
1460 1751 1566 1817 conti-

329 1858 483 1921 nentium
498 1865 662 1924 terrarum
676 1860 821 1947 speeiem
841 1859 978 1924 lecerat.
1006 1897 1050 1907 —
1073 1859 1115 1936 V,
1134 1883 1186 1924 20.
1216 1858 1353 1924 lnterim
1373 1859 1565 1924 Germano·

331 1987 404 2028 rum
426 1987 545 2028 manus
568 1966 773 2031 Batavoduri
803 1966 1047 2053 interrumpere
1082 1965 1277 2032 inchoatum
1310 1973 1449 2053 pontem
1483 1966 1567 2031 nite-

330 2069 464 2136 bantur.
500 2110 544 2120 —
578 2072 617 2151 V,
650 2097 703 2137 αι.
736 2073 799 2138 Vbi
828 2073 970 2138 Cerialis
1002 2096 1077 2138 cum
1112 2071 1241 2138 delecta
1275 2072 1426 2161 equitum
1464 2095 1567 2137 manu

330 2177 501 2262 subvenit,
520 2203 617 2245 versa
645 2180 777 2246 lortuna
808 2180 1007 2268 praecipites
1021 2180 1182 2244 Germani
1202 2179 1236 2244 in
1252 2202 1385 2244 amnem
1405 2188 1564 2266 aguntur.

329 2324 370 2335 ·-
395 2286 434 2358 l',
469 2311 521 2351 22.
551 2287 837 2353 Animadversum
863 2288 896 2352 id
919 2286 1098 2352 Germanis
1122 2294 1155 2352 ct
1176 2286 1317 2351 insidias
1332 2309 1563 2374 composuere.

329 2433 373 2441 -
394 2395 433 2468 V,
459 2396 511 2470 at.
536 2394 691 2459 Potuisse
713 2404 793 2461 tune
810 2394 955 2482 opprimi
971 2394 1122 2481 legiones
1137 2401 1171 2460 et
1192 2393 1341 2459 voluisse
1364 2395 1564 2470 Germanos,

331 2502 391 2565 sed
411 2501 489 2566 dolo
516 2524 535 2566 a
559 2525 594 2566 se
618 2503 725 2566 ssexos
745 2502 928 2589 imputavit
952 2499 1084 2565 Civilis.
1106 2539 1149 2549 —
1169 2501 1209 2581 V,
1228 2502 1281 2566 25.
1309 2500 1400 2566 lntcr
1419 2502 1566 2566 Batavos

330 2630 465 2696 quoque
486 2632 659 2674 sermones
679 2610 817 2676 orti...a
840 2609 875 2672 Si
898 2607 1114 2672 dominorum
1150 2607 1269 2672 electio
1303 2608 1359 2688 sit,
1390 2608 1567 2673 honestius

329 2717 500 2802 principes
516 2716 745 2782 Rornanorum
767 2739 870 2804 quam
886 2718 1134 2780 Germanorum
1149 2714 1291 2780 seminas
1305 2714 1453 2781 tolerari.
1479 2740 1495 2778 a
1524 2753 1567 2764 -

332 2824 370 2892 (ι’,
400 2847 430 2887 2.
463 2822 559 2910 lpsos
579 2826 765 2887 Germanos
782 2823 958 2908 indigenas
982 2821 1182 2886 crediderim
1203 2822 1408 2911 minimeque
1424 2821 1566 2887 aliarum

330 2928 483 3015 gentium
501 2927 715 2993 adventibus
738 2936 771 2993 et
795 2928 952 3016 hospitiis
982 2928 1148 2994 mixtos...
1183 2926 1349 3006 Quoniam
1382 2927 1441 3015 qui
1465 2927 1566 3016 primi

332 3035 488 3100 llhenum
519 3036 722 3122 transgressi
745 3035 864 3100 Gallos
896 3033 1091 3123 expulerint
1122 3057 1159 3099 ac
1189 3058 1279 3099 nunc
1313 3035 1453 3121 Tungri,
1485 3041 1566 3099 tunc

331 3143 490 3208 Germani
513 3142 622 3207 vocati
642 3142 723 3219 sint,
745 3142 789 3207 ita
814 3142 961 3207 nationis
986 3163 1122 3219 nomen,
1155 3164 1222 3206 non
1260 3142 1372 3228 gentis
1399 3140 1566 3207 evaluisse

329 3248 504 3339 paulatim,
524 3257 560 3315 ut
581 3272 699 3314 omnes
727 3250 907 3337 primuma
926 3249 1055 3314 victore
1082 3248 1125 3312 ob
1151 3255 1291 3326 metum,
1323 3272 1401 3313 mox
1421 3248 1523 3313 etiam
1547 3271 1567 3313 a

330 3381 365 3422 se
399 3357 480 3444 ipsis
514 3358 653 3421 invento
684 3357 819 3422 nomine
851 3357 1011 3420 Germani
1038 3364 1252 3421 vocarentur.
1281 3394 1318 3404 --
1354 3355 1403 3421 16.
1444 3354 1567 3419 Nullas

329 3468 574 3528 Germanorum
604 3463 738 3551 populis
769 3462 870 3529 urbes
897 3463 1042 3529 habitari
1071 3463 1153 3528 satis
1186 3470 1303 3527 notum
1333 3470 1422 3529 est...
1448 3501 1486 3512 -
1509 3486 1563 3551 ⁴17.

327 3572 418 3636 llaee
434 3572 466 3635 in
483 3594 661 3636 commune
681 3570 723 3634 de
743 3571 893 3635 omnium
914 3572 1161 3634 Germanorum
1189 3570 1319 3656 origine
1352 3593 1390 3634 ae
1414 3568 1566 3633 moribus

330 3679 531 3766 accepimus
551 3717 591 3728 -
611 3681 663 3741 28.
682 3677 737 3741 Ab
752 3676 830 3740 Osis
844 3678 1091 3742 Germanorum
1107 3677 1283 3742 natione...
1316 3677 1427 3763 Ipsam
1456 3675 1566 3740 Rheni

329 3788 434 3873 ripam
455 3784 545 3849 haud
565 3784 665 3849 dubie
680 3784 927 3849 Germanorum
948 3783 1064 3871 populi
1084 3782 1241 3850 colunt...
1267 3822 1306 3831 --
1332 3784 1384 3848 30.
1404 3783 1566 3870 (Chattis)

329 3893 485 3966 multum,
509 3901 546 3955 ut
562 3892 649 3956 inter
663 3891 862 3966 Germanos,
892 3891 1031 3955 rationis
1052 3913 1089 3955 ac
1113 3889 1295 3956 sollertiae.
1320 3930 1361 3939 -
1391 3890 1444 3953 31.
1475 3888 1565 3954 Aliis

330 4002 575 4063 Germanorum
626 3997 761 4085 populis
808 4005 1008 4084 usurpatum
1046 4020 1120 4062 raro
1164 4005 1197 4062 et
1233 3997 1363 4085 privata
1402 3996 1565 4085 cuiusque

330 4105 486 4170 audentia
512 4104 601 4192 apud
616 4104 758 4169 Chattos
777 4105 809 4167 in
833 4127 1037 4169 eonsensum
1053 4104 1166 4178 vertit,
1184 4112 1222 4169 ut
1239 4104 1385 4192 primum
1408 4103 1565 4170 adoleve-

330 4215 408 4282 rint.
436 4213 563 4276 crinem
592 4210 797 4299 barbamque
824 4210 1067 4276 submittere...
1090 4251 1132 4262 -
1153 4211 1206 4274 35.
1230 4210 1398 4276 Chauci...
1419 4210 1566 4298 populus

331 4320 620 4384 interGermanos
641 4316 883 4383 nobilissimus.
912 4358 952 4369 -
976 4317 1029 4405 37.
1057 4318 1174 4404 ltegno
1207 4318 1346 4382 Arsacis
1379 4317 1487 4382 acrior
1515 4326 1568 4384 est

330 4430 575 4490 Germanorum
609 4424 788 4490 libertas..
819 4425 980 4489 Germani
1011 4424 1165 4490 Carbone
1196 4432 1228 4489 et
1253 4425 1370 4488 Cassio
1386 4431 1416 4488 et
1438 4425 1565 4489 Scauro

330 4532 469 4598 ‚lurelio
491 4541 524 4597 et
549 4530 692 4597 Servilio
709 4533 878 4619 Caepione
895 4532 958 4596 Cn.
975 4555 1108 4620 quoque
1143 4531 1271 4596 Manlio
1285 4530 1368 4595 lusis
1386 4529 1441 4594 vel
1457 4532 1567 4619 captis

327 4643 475 4730 quinque
506 4639 608 4704 simul
647 4639 844 4704 consulares
875 4640 1045 4705 exercitus
1076 4640 1200 4728 populo
1239 4640 1404 4714 Romano,
1439 4639 1566 4703 Varum

330 4759 463 4836 tresque
483 4771 559 4812 cuni
574 4771 613 4811 eo
626 4746 777 4834 legiones
792 4748 894 4812 etiam
910 4748 1046 4811 (laesuri
1061 4746 1285 4813 abstulerunt.
1303 4784 1347 4794 —
1360 4745 1413 4810 38.
1429 4744 1566 4832 lusigne

328 4856 441 4942 gentis
456 4854 629 4941 obliquare
642 4854 768 4919 erinem
782 4854 937 4942 nodoque
951 4853 1182 4941 substringere
1198 4872 1205 4918 :
1224 4853 1272 4916 sie
1292 4852 1394 4917 Suebi
1408 4875 1426 4916 a
1445 4853 1566 4917 ceteris

331 4963 550 5028 Germanis...
569 4970 778 5049 separantur.
798 5001 835 5011 -
853 4962 906 5037 dr.
927 4960 1202 5048 (Hermunduris)
1223 4959 1304 5023 solis
1320 4960 1566 5024 Germanorum
