3709 6234
816 873 942 933 nonant
1463 873 1518 933 585

281 1042 381 1110 quarn
405 1018 592 1109 depulisset
607 1021 773 1087 exercitus
789 1023 958 1112 ducesque
981 1022 1163 1088 llomanos.
1187 1074 1193 1087 .
1220 1059 1264 1071 -
1285 1045 1352 1110 2‚9.
1373 1009 1516 1089 Flumen

282 1128 437 1215 Visurgis
462 1129 633 1193 llomanos
649 1128 905 1221 Cheruscosque
934 1128 1159 1194 interfluebat.
1189 1169 1232 1179 —
1250 1133 1339 1207 Μ.
1365 1130 1518 1215 (Contio-

280 1243 380 1301 natur
413 1236 648 1325 Germanicus)
685 1237 827 1303 «...Non
856 1261 994 1324 campos
1025 1237 1123 1300 morlo
1158 1236 1256 1302 militi
1291 1238 1442 1302 llomano
1474 1238 1517 1303 ad

281 1343 443 1431 proelium
459 1343 591 1413 bonos„
602 1370 632 1409 ,n
647 1383 686 1395 -
703 1345 795 1425 2,r5.
824 1346 999 1430 (Germani
1015 1344 1117 1408 ‹luces
1134 1344 1223 1433 apud
1239 1369 1319 1409 suos
1334 1347 1515 1433 testantur)

281 1451 343 1515 hos
366 1474 440 1514 csse
467 1451 636 1516 llomanos
673 1452 810 1516 Variani
831 1452 999 1517 exercitus
1043 1451 1320 1537 fugacissimos..
1351 1489 1394 1502 -
1424 1453 1514 1528 ωδ.

281 1555 352 1623 Soli
376 1557 535 1623 Cherusci
561 1560 638 1646 iuga
668 1560 832 1635 insedere,
859 1567 897 1624 ut
916 1558 1162 1647 proeliantibus
1193 1560 1353 1625 llomanis
1374 1560 1518 1648 desuper

279 1665 499 1730 incurrerent.
518 1669 658 1747 -2,r8.
685 1666 840 1753 Repertis
857 1667 946 1731 inter
962 1666 1068 1753 spolia
1086 1666 1356 1754 (Germanorum)
1376 1669 1515 1747 catenis,

280 1796 363 1862 quas
391 1772 424 1837 in
453 1772 635 1850 llomanos,
677 1781 713 1839 ut
741 1797 809 1837 non
843 1772 946 1838 dubio
968 1782 1103 1856 eventu,
1122 1780 1405 1861 portaverant—
1423 1799 1514 1850 2‚20.

281 1880 421 1946 llostern
437 1903 455 1944 a
473 1889 567 1968 tergo
586 1879 695 1967 palus,
725 1881 896 1945 llomunos
913 1881 1037 1945 llumen
1058 1887 1116 1945 aut
1137 1889 1269 1946 montes
1300 1880 1514 1950 claudebant.

279 2025 321 2036 -
346 1984 436 2064 ΜΓ).
467 1986 671 2074 (Arminius)
697 1987 803 2076 spolia
831 1988 940 2053 adhue
970 1996 1003 2053 et
1030 1987 1094 2052 tela
1126 1987 1287 2051 llomanis
1314 1987 1452 2075 derepta
1483 1990 1516 2055 iu

279 2092 435 2178 manibus
452 2094 635 2159 multorum
668 2094 873 2159 ostentabat.
890 2134 933 2142 -
952 2093 1041 2181 2‚5p.
1059 2097 1293 2178 rlugustus...,
1316 2095 1431 2160 vetitis
1452 2096 1517 2161 nisi

278 2201 444 2289 permissu
462 2202 591 2288 ingredi
613 2201 825 2266 senatoribus
854 2210 912 2266 aut
926 2201 1098 2289 equitibus
1118 2202 1277 2266 llornanis
1298 2202 1512 2282 inlustribus

279 2308 428 2397 seposuit
458 2311 665 2396 Aegyptum.
693 2349 726 2358 κ-
761 2310 829 2380 to.
858 2308 1024 2393 (liberius
1055 2308 1232 2397 populum)
1254 2311 1384 2375 monuit
1405 2310 1516 2376 edicto

281 2417 406 2482 multos
442 2416 634 2482 inlustrium
670 2418 900 2480 llomunorum
930 2416 1067 2480 obrem
1096 2415 1266 2504 publicam
1287 2416 1439 2483 obisse..
1474 2455 1516 2467 —

280 2524 311 2593 3.
332 2550 384 2590 uo.
404 2525 585 2591 Decrius...
608 2524 759 2611 increpat
789 2524 1079 2610 (commilitones),
1120 2523 1211 2611 quod
1244 2523 1425 2589 inconditis
1455 2531 1512 2589 aut

278 2630 506 2697 desertoribus
528 2632 625 2696 miles
648 2632 819 2695 llonranus
836 2639 928 2717 terga
950 2632 1056 2696 daret.
1075 2671 1118 2679 -
1135 2632 1165 2708 3,
1187 2656 1239 2696 21.
1260 2631 1345 2696 llum
1369 2657 1407 2696 ca
1426 2632 1510 2696 ratio

278 2738 662 2827 barbaro(lactat-inuti(
693 2738 765 2807 tuit.
785 2739 922 2803 inritum
953 2738 1145 2827 sessumque
1161 2739 1351 2803 llomanum
1380 2740 1505 2827 inpune

277 2844 525 2912 ludificabatur.
558 2884 602 2896 -
626 2848 657 2922 3,
682 2849 734 2935 37.
772 2845 954 2910 Considius
989 2847 1129 2934 Aequus
1162 2854 1194 2911 et
1225 2845 1360 2910 Caelius
1383 2847 1510 2911 Cursor

277 2953 407 3042 equites
424 2955 578 3017 llornani.
602 2992 645 3004 -
665 2954 754 3031 3‚(r.
775 2953 936 3019 Florus..
956 2953 1111 3040 pellicere
1128 2953 1215 3018 alani
1238 2954 1402 3041 equitum,
1425 2979 1510 3043 (quac

276 3062 463 3148 conscripta
481 3062 711 3132 e'l'reviris....
734 3070 769 3126 ut
786 3061 892 3125 caesis
914 3059 1180 3145 negotiatoribus
1202 3060 1363 3126 llomanis
1385 3060 1511 3127 bellum

277 3168 449 3255 inciperet.
478 3207 522 3218 —
543 3169 573 3243 3,
597 3169 650 3245 (3.
670 3169 894 3255 Augebantur
927 3169 1121 3254 (Sacroviri)
1147 3168 1304 3255 copiae...
1327 3171 1513 3234 certamine

276 3274 399 3340 ducum
426 3277 668 3341 llomanorum.
688 3277 850 3361 -3,71.
873 3276 1046 3340 Donum...
1067 3299 1126 3362 pro
1152 3275 1346 3340 valetudine
1368 3277 1512 3361 (liviae)

277 3384 451 3468 Augustae
471 3384 601 3471 equites
629 3384 771 3447 llomani
789 3390 952 3447 voverant
974 3383 1121 3471 equestri
1148 3382 1327 3448 Fortunae.
1345 3422 1389 3433 -
1403 3385 1435 3458 3,
1458 3387 1511 3472 7(

276 3488 418 3577 Quoquo
444 3491 644 3555 inclinarent
661 3489 895 3575 (lacsarinatis
916 3490 1058 3576 copiae).
1082 3513 1159 3577 pars
1179 3489 1291 3577 aliqua
1308 3490 1425 3555 militis
1446 3491 1513 3554 llo-

276 3597 407 3662 mani...
443 3606 525 3663 erut.
555 3636 596 3645 —
627 3604 658 3672 4,
699 3597 730 3660 e.
767 3596 948 3660 l'runrcnta
964 3605 997 3660 et
1012 3597 1172 3684 pecuniae
1188 3596 1382 3682 vectigales,
1403 3605 1513 3661 cetera

275 3703 486 3791 publicorum
506 3704 672 3768 fructuum
695 3702 914 3768 societatibus
929 3704 1081 3790 equitum
1099 3703 1512 3791 llomanorurnagitaban-

277 3820 340 3875 tur.
358 3851 392 3859 -
414 3814 445 3887 t,
467 3814 515 3887 id.
536 3812 623 3896 (Coi)
642 3812 733 3875 cives
751 3810 922 3873 llomanos
940 3809 1066 3897 templo
1084 3810 1278 3897 Aesculapii
1293 3810 1509 3888 induxerant,
1527 3801 1531 3808 ¹

275 3941 351 3981 cum
368 3919 461 3981 iussu
483 3920 571 4003 regis
595 3916 801 3990 Mithridatis
827 3916 916 4005 apud
943 3926 1083 3981 cunctas
1104 3917 1205 3980 Asiae
1220 3917 1349 3981 insulas
1360 3926 1392 3982 et
1411 3918 1513 3982 urbes

274 4024 533 4090 trucidarentur.
555 4065 595 4076 -
610 4028 641 4101 .(,
661 4024 714 4087 25.
734 4024 787 4088 ΑΙ)
813 4023 975 4087 llomanis
1002 4024 1174 4089 consertus
1195 4024 1310 4111 pedes,
1328 4024 1512 4112 dispositae

275 4140 415 4210 turmae,
438 4141 557 4197 cuncta
588 4131 714 4220 proelio
746 4132 878 4218 provisa
899 4183 920 4196 ..
954 4131 1189 4216 (Tacfarinas),
1217 4132 1332 4195 etlusis
1363 4132 1511 4221 undique

277 4240 449 4309 llonranis.
466 4240 593 4303 ruendo
608 4240 642 4301 in
664 4239 729 4303 tela
746 4239 1020 4325 captivitatem...
1038 4239 1166 4324 ellugit.
1191 4277 1232 4286 —
1249 4241 1281 4315 4.
1300 4238 1353 4303 36.
1372 4237 1510 4304 Obiecta

276 4347 408 4433 publice
422 4346 596 4432 Cyzicenis
622 4346 749 4410 incuria
776 4345 1055 4409 caerimoniarum
1091 4344 1166 4408 Divi
1200 4345 1360 4431 Augusti,
1387 4346 1511 4410 additis

274 4454 453 4517 violentiae
473 4452 670 4516 criminibus
694 4451 872 4516 adversum
898 4451 988 4515 cives
1014 4451 1226 4515 llonranos..
1245 4489 1288 4500 -
1309 4454 1341 4527 rt,
1360 4452 1412 4540 39.
1433 4452 1509 4536 (Lo-

274 4561 388 4647 quitur
407 4560 564 4645 Sciauus)
598 4589 612 4619 a
641 4559 808 4637 Quoniam
829 4559 996 4644 audiverit
1014 4557 1116 4646 (ipsc)
1137 4558 1330 4644 Augustum
1347 4559 1379 4622 in
1395 4558 1509 4623 conlo-

274 4667 380 4730 canda
397 4667 464 4730 lilia
480 4690 545 4730 non
561 4665 643 4729 nilril
659 4666 759 4729 etiam
775 4666 816 4729 dc
832 4665 1003 4753 equitibus
1021 4665 1181 4729 llomanis
1195 4663 1507 4733 consultavisse...»

275 4811 316 4820 -
341 4776 374 4850 Δ,
395 4776 447 4837 51.
470 4774 515 4837 l't
536 4773 699 4861 quaedam
726 4773 934 4838 munimenta
960 4773 1103 4836 llornani
1132 4772 1228 4861 quasi
1255 4779 1411 4859 perrupta
1426 4774 1509 4837 orni-

275 4881 391 4944 serint.
409 4918 450 4929 -—
467 4884 499 4956 A.
523 4881 574 4966 73.
595 4881 812 4967 Conrpertum
827 4903 845 4943 a
859 4881 1045 4967 transfugis
1063 4880 1211 4966 (Frisiis)
1232 4887 1422 4966 nongentos
1443 4879 1508 4943 llo-

274 5010 493 5052 manorum...
525 5009 637 5074 pugna
670 4988 703 5051 in
733 4996 908 5074 posterum
934 4996 1084 5055 extracta
1117 4986 1302 5053 conlectos.
1334 5025 1369 5037 -
1390 4985 1421 5056 6,
1454 4993 1503 5064 rt.

518 5369 886 5521 Γι
