3709 6234
808 836 909 889 PADVS
1444 831 1495 887 511

261 1013 303 1023 -
318 998 370 1041 ar.
384 1001 402 1037 a
429 977 611 1047 Asinius...
630 977 857 1043 Pacuvium...
877 987 910 1042 et
928 977 1072 1042 Accium
1084 999 1150 1041 non
1176 975 1286 1041 solum
1300 976 1494 1063 tragoediis,

259 1081 432 1147 sedetiam
454 1084 663 1150 orationibus
682 1086 752 1151 suis
767 1085 947 1172 expressit,
975 1085 1057 1150 adeo
1072 1083 1176 1149 durus
1198 1092 1232 1149 et
1261 1085 1371 1149 siccus
1389 1094 1453 1152 est.
1479 1115 1494 1143 »

215 1186 476 1256 Pacvvrvs1.
493 1229 537 1242 -
558 1216 589 1270 2,
608 1218 661 1280 79.
687 1192 911 1264 Domitius...
944 1215 1019 1256 eum
1051 1191 1191 1257 hiberna
1211 1200 1325 1257 sextae
1352 1190 1496 1279 legionis

257 1303 441 1382 peteret...,
460 1323 478 1363 a
499 1299 666 1365 Pacuvio·²
681 1298 793 1385 legato
810 1299 1037 1386 praevenitur,

213 1402 456 1485 Pauus—1,
475 1431 529 1494 70,
544 1406 647 1472 Alam
662 1406 921 1472 Silianamcirca
939 1406 1068 1471 Padum
1081 1403 1348 1492 agentem—ll,
1371 1430 1420 1472 rr.
1434 1407 1494 1471 llis

256 1511 362 1596 copiis
378 1521 488 1578 rector
511 1513 648 1579 additus
665 1513 722 1601 (ab
734 1513 882 1598 Othone)
906 1513 1041 1578 Annius
1064 1512 1196 1588 Gallus,
1222 1536 1299 1578 cum
1330 1512 1493 1577 Vestricio

255 1616 424 1704 Spurinna
436 1620 477 1684 ad
493 1621 708 1709 occupandas
725 1620 807 1685 Padi
823 1622 914 1709 ripas
927 1621 1145 1708 praemissus.
1162 1657 1205 1669 —
1223 1620 1266 1700 ll,
1284 1645 1334 1708 ¹7·
1354 1619 1492 1684 Floren-

257 1724 423 1790 tissimum
441 1726 557 1792 ltaliae
575 1728 677 1802 latus,
700 1736 863 1816 quantum
891 1729 980 1792 inter
1003 1727 1130 1792 Padum
1155 1726 1329 1815 Alpesque
1354 1750 1491 1813 campo-

255 1854 327 1896 rum
346 1842 380 1897 et
396 1834 527 1899 urbium
550 1837 652 1900 armis
672 1835 841 1902 Vitellii...
866 1835 1083 1902 tenebatur...
1114 1834 1277 1899 lnritabat
1295 1834 1491 1923 quinetiam

255 1939 401 2004 Batavos
417 1942 760 2031 'transrhenanosque
779 1943 890 2007 Padus
909 1943 993 2030 ipse,
1011 1966 1111 2030 quem
1126 1951 1263 2030 repente
1282 1949 1398 2007 contra
1416 1941 1492 2006 Pla·

256 2049 400 2111 centiam
432 2051 676 2136 transgressi...
695 2090 738 2099 —
757 2049 799 2119 ll.
822 2074 870 2138 ¹9·
896 2051 1078 2138 Postquam
1096 2073 1163 2113 non
1179 2050 1244 2113 iam
1260 2050 1294 2113 in
1309 2058 1492 2136 conspeetu

256 2153 368 2218 Padus
383 2164 416 2221 et
432 2180 498 2220 nox
513 2156 705 2244 adpetebat,
727 2157 848 2222 vallari
862 2165 972 2221 castra
998 2157 1125 2244 placuit
1152 2156 1426 2241 (llthonianis't...
1448 2194 1491 2206 -

255 2260 296 2337 ll,
320 2288 372 2327 ao.
397 2264 541 2328 Caecina
558 2264 687 2329 Padum
701 2274 976 2351 transgressus..
993 2264 1133 2328 consilia
1151 2287 1315 2352 curasque
1331 2264 1364 2327 in
1385 2287 1491 2352 oppu-

251 2370 447 2452 gnationem
465 2369 698 2437 Placentiae...
725 2373 838 2437 vertit.
861 2409 904 2421 —
922 2370 965 2452 ll,
987 2396 1040 2436 22.
1069 2371 1212 2436 Caecina
1246 2370 1373 2457 pudore
1393 2394 1489 2459 coep-

253 2483 304 2539 tae
321 2484 444 2542 temere
461 2479 766 2566 oppugnationis...
783 2479 920 2543 traiecto
932 2501 1048 2543 rursus
1058 2477 1149 2543 Pado
1161 2479 1361 2542 Cremonam
1377 2486 1490 2565 petere

251 2583 407 2650 intendit.
425 2625 467 2634 —
486 2585 528 2659 ll,
553 2586 605 2650 23.
622 2586 652 2649 Α
670 2587 796 2650 biarcio
824 2587 938 2650 hlaero
954 2586 1044 2650 haud
1059 2584 1175 2672 procul
1207 2585 1372 2649 Cremona
1395 2608 1489 2673 pros-

250 2702 529 2778 perepugnatum
546 2694 595 2778 (in
623 2692 850 2778 Vitellianos).
874 2693 1069 2781 Namque..
1101 2692 1248 2757 Marcius
1278 2700 1488 2757 transvectos

251 2798 393 2861 navibus
407 2799 613 2883 gladiatores
629 2801 662 2864 in
679 2799 855 2864 adversam
883 2800 967 2864 Padi
984 2802 1091 2888 ripam
1118 2809 1254 2888 repente
1281 2799 1410 2864 elludit.
1447 2839 1487 2849 -

250 2903 292 2983 ll,
316 2905 369 2971 32.
384 2907 467 2970 'l'um
482 2908 664 2971 Suetonius
680 2907 891 2975 Paulinus...
909 2907 1124 2983 disseruit...,
1142 2906 1294 2971 obiacere
1315 2906 1484 2994 (Vitellia-

249 3012 316 3096 nis)
328 3015 451 3079 tlumen
470 3014 612 3088 Padum,
630 3023 719 3079 tutas
739 3014 821 3078 viris
837 3014 1010 3102 murisque
1023 3013 1166 3079 urbes...
1195 3053 1237 3062 —
1254 3013 1296 3090 ΙΙ,
1320 3016 1372 3091 aa.
1403 3015 1486 3079 Cae-

247 3119 322 3182 cina
364 3143 402 3183 ac
440 3121 605 3185 Valens...
641 3122 797 3187 inchoato
824 3129 927 3209 ponte
959 3122 1137 3186 transitum
1169 3120 1251 3186 Padi
1285 3120 1486 3187 simulantes

248 3225 410 3291 adversus
425 3229 616 3315 oppositam
638 3228 864 3315 gladiatorum
886 3252 1065 3293 manum...
1100 3264 1144 3276 —
1166 3227 1209 3309 ll,
1242 3228 1295 3316 39.
1330 3227 1486 3317 Plerique

246 3333 544 3420 (Othonianorum)
570 3336 685 3422 copias
701 3343 793 3401 trans
818 3335 953 3400 Padum'
968 3344 1107 3422 agentes
1125 3334 1224 3400 acciri
1252 3334 1482 3422 postulabant.

247 3480 280 3489 ——
314 3440 357 3512 ll,
375 3445 428 3517 do.
449 3443 664 3529 (Othoniani)
678 3444 888 3508 conlluentes
903 3442 987 3506 Padi
998 3451 1031 3507 et
1050 3441 1168 3506 Aduae
1185 3443 1374 3520 lluminum,
1389 3443 1484 3507 sede-

247 3548 310 3610 eim
325 3548 401 3612 imle
415 3549 545 3613 milium
561 3551 669 3636 spatio
683 3549 861 3620 distantes,
885 3547 1058 3636 petebant.
1077 3588 1119 3596 —
1136 3547 1179 3627 ll,
1197 3548 1251 3624 ait.
1279 3549 1377 3612 Forte
1397 3549 1485 3614 inter

249 3656 377 3720 Padum
402 3658 559 3743 viamque
589 3657 718 3743 patenti
737 3680 855 3744 campo
885 3656 971 3720 duae
988 3656 1138 3742 legiones
1161 3679 1362 3743 congressae
1390 3665 1481 3726 sunl.

247 3786 306 3848 pro
338 3763 472 3827 l'itellio
494 3765 782 3828 unaetvicensima
802 3762 1010 3850 (Rapax)...,
1034 3787 1050 3826 e
1074 3770 1169 3850 parte
1199 3761 1342 3827 Othonis
1376 3763 1483 3849 prima

246 3870 513 3937 33311τί3...-
539 3870 581 3941 ll,
607 3874 662 3947 li,
699 3870 938 3935 Praetorianus
968 3869 1065 3933 miles
1093 3892 1161 3934 non
1187 3870 1310 3933 virtute
1350 3892 1397 3948 se,
1423 3868 1482 3933 sed

245 3976 433 4063 proditione.
463 3980 589 4042 victum
611 3976 837 4056 tremebat;..,
854 3999 1031 4064 superesse
1050 4000 1128 4040 cum
1143 3977 1216 4063 ipso
1234 3976 1378 4053 Othone,
1393 3976 1482 4040 mili·

247 4093 315 4147 tum
341 4084 431 4171 quod
457 4094 550 4149 trans
566 4085 697 4149 Padum
722 4084 833 4151 luerit.
857 4123 897 4134 —
931 4083 992 4164 ΙΙΙ,
1024 4083 1076 4160 34.
1112 4083 1255 4148 Condita
1289 4091 1360 4148 erat
1385 4083 1481 4171 (Cre-

246 4196 416 4277 mona)..,.
448 4193 624 4278 ingruente
648 4193 680 4256 in
699 4191 831 4256 ltaliam
852 4191 1034 4270 Annibale,
1052 4190 1344 4278 propugnaculum
1361 4191 1480 4255 adver-

244 4322 301 4361 sus
315 4299 432 4362 Gallos
450 4310 542 4363 trans
557 4298 686 4363 Padum
698 4308 837 4384 agentes
852 4307 886 4363 et
899 4300 926 4362 si
944 4321 1010 4387 qua
1022 4296 1086 4362 alia
1098 4298 1150 4360 vis
1165 4321 1225 4384 per
1239 4296 1346 4384 Alpes
1355 4306 1477 4364 rueret.

242 4443 285 4453 -
308 4404 366 4474 ΙΙΙ,
391 4409 442 4469 50.
463 4405 655 4492 Propinqua
677 4405 785 4469 hieme
806 4415 839 4469 et
861 4405 1056 4469 umentibus
1078 4403 1169 4467 Pado
1192 4404 1330 4492 campis.
1352 4441 1396 4453 —
1419 4404 1476 4483 ΙΙΙ,

243 4515 296 4578 52.
323 4512 450 4576 Placuit
468 4511 625 4596 (ducibus
643 4511 870 4596 Flavianis)...
891 4512 1060 4578 Padum...
1078 4520 1111 4575 et
1134 4533 1225 4576 mare
1234 4511 1478 4577 commeatibus

243 4618 417 4705 compleri.

228 4872 233 4901 ¹
257 4869 378 4919 Pansae..
395 4871 435 4918 33,

228 4952 237 4983 '·'
255 4950 381 4998 llrrrrrn²2
403 4970 414 4994 a
435 4951 585 4997 Fortassea
602 4948 631 4997 P.
649 4948 774 4997 Pacuvio.
794 4971 804 4990 ι·
