3709 6234
362 863 415 918 238
890 859 1097 913 baldaricus

364 1004 559 1073 DECRIVS
580 1000 947 1070 CALPVllNlANVS.
966 1025 1076 1080 -ιι,
1097 1001 1151 1067 35.
1176 998 1330 1065 Decrius¹
1351 1021 1486 1089 quoque
1500 997 1646 1086 Calpur·

407 1113 529 1177 nianus
544 1111 686 1198 vigilum
701 1108 891 1198 praefectus
906 1109 1028 1193 (morte
1059 1106 1212 1173 adlectus
1230 1114 1269 1172 ut
1297 1106 1371 1172 Silii
1385 1113 1419 1172 et
1439 1103 1647 1172 Messalinae

407 1219 544 1303 socius).

364 1324 552 1406 *alarixa
568 1349 601 1389 v.
622 1323 794 1390 lxiii-ni.

363 1432 634 1498 DElO'l'AllVS.
664 1470 707 1480 —
735 1432 773 1496 O.
811 1455 864 1495 αι.
892 1431 1072 1519 (Loquitur
1099 1432 1205 1518 Aper)
1235 1461 1250 1492 a
1269 1431 1343 1495 Nisi
1358 1431 1443 1495 lorte
1461 1428 1645 1517 quisquam

407 1548 465 1606 aut
481 1539 636 1605 Caesaris
651 1562 711 1626 pro
729 1539 831 1604 Decio
844 1538 996 1603 Samnite
1012 1545 1070 1604 aut
1091 1539 1185 1603 Bruti
1208 1561 1268 1626 pro
1289 1538 1446 1605 Deiotaro
1462 1558 1541 1624 rege
1554 1542 1646 1600 cete·

406 1669 528 1735 rosque
545 1645 696 1712 eiusdem
716 1644 932 1712 lentitudinis
947 1669 985 1710 ao
1000 1646 1127 1734 teporis
1141 1645 1247 1710 libros
1262 1645 1386 1732 legit...
1406 1675 1421 1706 a

364 1751 694 1819 1).t1.il.tT.ii12.-
710 1752 771 1828 ΙΙΙ,
796 1774 844 1819 12.
862 1753 1012 1817 Lucilius
1028 1753 1155 1819 Bassus
1184 1752 1304 1818 elassis
1321 1750 1530 1818 Ravennatis
1545 1771 1643 1838 prae-

407 1860 515 1926 lectus
527 1859 705 1948 ambiguos
716 1860 862 1925 militum
874 1862 1018 1942 animos,
1033 1861 1124 1949 quod
1135 1883 1257 1948 magna
1272 1884 1351 1949 pars
1363 1858 1541 1926 Dalmatae
1555 1857 1644 1922 Pan-

406 1968 566 2056 noniique
586 1975 694 2046 erant,
722 1990 808 2056 quae
824 1968 1017 2055 provinciae
1032 1968 1242 2057 Vespasiano
1258 1967 1472 2046 tenebantur,
1487 1963 1643 2053 partibus

407 2076 479 2141 cius
506 2075 762 2162 adgregaverat.
785 2074 908 2152 -ΙΙΙ,
940 2075 994 2140 50.
1014 2075 1197 2141 l'ndecima
1227 2076 1316 2163 legio
1342 2098 1417 2140 sese
1442 2072 1644 2140 adiunxerat

408 2182 617 2271 il³lavianist
641 2184 728 2248 ‚Sex
756 2182 848 2246 milia
870 2182 1115 2262 Dalmatarum,
1138 2182 1423 2261 recensdilectus‚
1438 2180 1643 2249 cunctaban-

408 2299 502 2356 tur...
519 2288 575 2353 Ad
595 2290 656 2353 lias
671 2290 784 2376 copias
804 2313 821 2354 e
837 2289 990 2354 classicis
1011 2290 1307 2360 Rauennatibus...
1331 2290 1480 2378 optimus
1498 2288 1643 2377 quisque

406 2398 536 2462 adsciti.
554 2396 706 2461 Classem
729 2397 904 2463 Dalmatae
917 2397 1128 2485 supplevere.

363 2504 614 2570 DELMATlA.
631 2542 675 2552 -
696 2527 726 2578 a,
745 2504 798 2570 53.
815 2505 1077 2571 Germanicus...
1095 2506 1169 2570 riso
1180 2505 1281 2570 tratre
1296 2505 1404 2569 Druso
1420 2504 1455 2568 in
1475 2502 1643 2568 Delmatia

407 2620 570 2696 agente...
598 2649 642 2660 —
662 2614 694 2690 ,4,
708 2609 739 2676 5.
760 2610 881 2698 llipam
901 2661 922 2676 ..
948 2612 1092 2677 Danuvii
1115 2611 1287 2698 legionum
1302 2611 1388 2677 duae
1403 2611 1437 2675 in
1452 2609 1639 2685 Pannonia,

405 2717 490 2783 duae
506 2719 537 2783 in
555 2717 685 2783 Moesia
704 2716 906 2794 attinebant,
924 2719 1064 2785 totidem
1075 2720 1164 2807 apud
1182 2719 1385 2785 Delmatiam
1405 2717 1535 2784 locatis
1556 2738 1643 2805 quae

406 2826 517 2913 positu
532 2825 680 2912 regionis
695 2849 713 2888 a
730 2832 824 2912 tergo
838 2825 905 2890 illis
924 2850 974 2907 ac,
991 2827 1018 2891 si
1034 2828 1248 2914 repentinum
1269 2826 1432 2892 auxilium
1453 2824 1551 2891 ltalia
1564 2847 1641 2912 pos-

406 2940 507 3005 ceret.
543 2932 633 2997 lraud
655 2932 771 3020 procul
804 2933 1004 2998 accirentur.
1028 2974 1059 2984 -
1093 2958 1141 3016 ia,
1165 2934 1218 3004 52.
1238 2935 1338 2999 Pater
1353 2931 1566 2999 Scriboniani
1580 2929 1643 2996 Ca·

407 3039 521 3102 millus
545 3063 637 3103 arma
670 3062 730 3127 per
765 3039 969 3105 Dalmatiam
999 3050 1162 3107 moverat.
1188 3041 1271 3116 -l,
1291 3039 1343 3128 76.
1367 3039 1501 3106 Primus
1515 3037 1647 3104 Othoni

406 3146 563 3212 liduciam
578 3146 708 3211 addidit
723 3171 764 3211 ex
786 3146 923 3234 Illyrico
939 3149 1092 3232 nuntius,
1110 3150 1238 3214 iurasse
1257 3148 1291 3213 in
1307 3157 1385 3212 eum
1399 3145 1590 3212 Dalmatiae
1603 3167 1641 3210 ac

408 3254 600 3319 Pannoniae
621 3263 655 3319 ct
668 3254 817 3320 Moesiae
850 3255 1015 3342 legiones.
1044 3295 1087 3305 -
1109 3255 1152 3332 ll,
1181 3280 1232 3321 ιι.
1249 3256 1351 3320 Lauta
1367 3253 1501 3320 interim
1515 3251 1641 3318 Othoni

407 3362 569 3451 principia
597 3360 691 3436 belli,
717 3363 818 3426 motis
839 3362 882 3426 ad
898 3364 1075 3451 imperium
1093 3364 1165 3428 eius
1180 3362 1379 3429 cDalmatia
1400 3360 1642 3448 Pannoniaque

405 3469 619 3535 exercitibus.
637 3508 679 3517 —
695 3468 737 3536 ll.
756 3469 808 3534 32.
822 3469 913 3533 Tunc
930 3472 1112 3535 Suetonius
1126 3470 1288 3534 Paulinus
1309 3522 1329 3535 ..
1345 3468 1546 3534 disseruit...
1563 3489 1642 3532 con·

407 3585 456 3642 tra
472 3578 554 3665 ipsis
570 3576 683 3642 omnia
712 3575 871 3663 opulenta
898 3586 932 3642 et
965 3578 1042 3646 lida.
1069 3577 1290 3654 Pannoniam,
1314 3576 1489 3658 lloesiam,
1506 3574 1641 3640 Dalma-

405 3686 499 3758 tiam,
519 3685 689 3748 (trientem
710 3706 786 3747 cum
812 3683 953 3770 integris
978 3685 1221 3751 exercitibus..
1245 3721 1271 3731 -
1299 3683 1341 3757 ll,
1364 3683 1418 3748 86.
1439 3682 1547 3748 luncti
1563 3683 1641 3748 inde

405 3792 545 3856 Moesici
574 3815 611 3854 ac
641 3791 827 3856 Pannonici
860 3792 1028 3857 exercitus
1047 3777 1271 3857 Delmaticum
1286 3790 1428 3856 militem
1445 3798 1576 3856 traxere
1591 3790 1639 3877 (in

406 3896 751 3984 partesl'espasiani),
767 3920 972 3988 quamquam
993 3898 1228 3963 consularibus
1242 3898 1364 3984 legatis
1378 3898 1460 3963 nihil
1477 3897 1642 3964 turbanti-

407 4004 480 4069 bus
500 4004 660 4091 Tampius
676 4001 857 4068 Flavianus
885 4005 1108 4083 Pannoniam,
1134 4006 1313 4093 Pompeius
1329 4005 1489 4071 Silvanus
1504 4006 1642 4071 Dalma-

408 4113 486 4177 tiam
515 4114 687 4181 tenebant,
718 4109 841 4175 divites
872 4137 980 4180 senes.
1012 4114 1079 4179 Sed
1107 4123 1304 4201 procurator
1329 4113 1445 4179 aderat
1465 4113 1643 4179 Cornelius

407 4220 577 4286 Fuscus..

362 4327 665 4401 DELMa'l'ICVS,
685 4330 764 4394 VM.
786 4368 828 4377 -
845 4328 876 4401 3,
895 4353 928 4418 9.
950 4329 1027 4393 Piso
1050 4329 1236 4394 Delmatico
1258 4331 1359 4396 mari-'⁴
1373 4330 1529 4396 tramisso
1544 4329 1641 4395 relic-

406 4436 515 4523 tisque
529 4436 616 4523 apud
629 4437 804 4501 Anconam
820 4435 1004 4501 navibus...
1020 4476 1063 4485 —
1076 4436 1107 4509 6,
1127 4439 1179 4525 37.
1195 4439 1410 4527 tirnospades
1421 4437 1640 4522 (Parthus)...
1759 4437 1763 4442 ’

392 4658 399 4691 ¹
420 4658 499 4720 Vulg.
515 4662 577 4705 anto
595 4659 767 4707 Walthcrum
786 4675 791 4708 :
809 4659 915 4710 Decius.

392 4738 403 4771 Ι
420 4738 449 4785 ln
467 4739 618 4786 scribendis
631 4741 789 4788 nominibus
802 4741 951 4800 Dalmatae,
964 4741 1108 4796 Delmatia.
1120 4741 1294 4798 Delmaticae,
1308 4743 1507 4807 variant'laciti
1522 4742 1641 4792 codices.

359 4820 445 4874 Quam
465 4819 623 4868 varietatem
638 4821 788 4883 diligenter
805 4822 922 4873 servavi.

390 4898 491 4947 3ΙιΙωιι
527 4916 598 4949 marc
625 4901 737 4951 Tacitus
776 4902 839 4950 alibi
871 4901 1012 4964 Illyricum
1054 4904 1176 4952 nomiirat
1204 4908 1250 4952 aut
1276 4902 1477 4965 Hadriaticum.
1512 4901 1641 4962 Hadriae,

361 4979 498 5029 Hadriam.
