3709 6234
727 918 890 970 HATERIVS
910 916 1054 969 AGlllPPA
1481 912 1534 968 339

297 1066 510 1147 petentem...
528 1098 568 1107 —
587 1059 628 1142 V,
645 1061 678 1136 A.
703 1058 852 1146 (ludaei)
867 1082 965 1124 caeso
985 1058 1089 1124 ariete
1108 1056 1203 1123 velut
1228 1057 1262 1121 in
1291 1056 1533 1123 contumeliam

299 1167 540 1231 Hammonis...

253 1272 394 1339 HARll.
425 1312 470 1323 -
501 1276 538 1339 G.
575 1274 629 1350 43,
662 1272 923 1340 valentissimas
939 1274 1134 1362 (Lugiorum
1150 1273 1318 1362 civitates)
1337 1272 1532 1338 nominasse

296 1381 442 1447 sufficiet
461 1400 468 1446 :
488 1382 649 1448 Harios...
669 1380 793 1464 1·1arii¹,
811 1405 912 1470 super
940 1381 1043 1462 vires,
1061 1381 1185 1469 quibus
1197 1388 1415 1447 enumeratos
1430 1379 1531 1470 paulo

296 1495 374 1554 ante
402 1488 547 1576 populos
576 1488 793 1569 antecedunt,
824 1497 936 1554 truces
963 1488 1083 1554 insitae
1104 1488 1227 1554 feritati
1242 1497 1313 1555 arte
1327 1512 1365 1553 ac
1381 1496 1531 1576 tompore

297 1595 574 1663 lenocinantur...

253 1702 294 1781 Q.
317 1702 581 1769 HATEAIVSQ
604 1742 648 1752 —
666 1727 692 1784 r,
715 1702 765 1770 13.
790 1702 900 1769 Etiam
924 1705 965 1782 Q.
981 1702 1140 1768 Haterius
1162 1710 1195 1768 et
1212 1703 1405 1768 Mamercus
1428 1703 1532 1768 Scau-

298 1833 355 1874 rus
392 1811 601 1898 suspicacem
628 1810 780 1875 animum
808 1809 960 1898 (Tiberii)
1000 1809 1240 1898 perstrinxere,
1270 1810 1428 1876 Haterius
1457 1833 1532 1876 cum

297 1916 460 1984 dixisset:
480 1917 709 2006 «Quousque
728 1918 878 2006 patieris,
904 1916 1040 1997 Caesar,
1067 1940 1133 1982 non
1156 1918 1274 1983 adesse
1290 1926 1392 2005 caput
1416 1917 1531 2006 reipu-

296 2023 423 2090 blicae?
436 2053 495 2091 n...
513 2024 551 2089 ln
574 2024 750 2090 Haterium
770 2025 885 2091 statim
899 2025 1053 2090 invectus
1070 2031 1163 2090 est...
1182 2025 1325 2090 Constat
1341 2024 1531 2102 Haterium,

297 2154 373 2196 curn
402 2132 605 2219 deprecandi
631 2156 732 2198 causa
768 2130 936 2197 Palatium
963 2132 1191 2210 introisset...,
1212 2155 1316 2219 prope
1336 2131 1534 2197 arnilitibus

297 2239 552 2306 interiectum...
583 2238 700 2329 Neque
737 2247 851 2304 tamen
880 2236 1031 2327 periculo
1055 2239 1135 2304 talis
1164 2239 1228 2304 viri
1251 2240 1427 2327 mitigatus
1465 2248 1531 2317 est,

297 2346 402 2411 donec
425 2347 583 2412 llaterius
603 2347 796 2434 Augustam
824 2354 936 2411 oraret
961 2347 1101 2436 eiusque
1130 2347 1353 2412 curatissimis
1378 2346 1534 2434 precibus

298 2462 540 2541 protegeretur.
557 2492 602 2505 -
617 2479 648 2530 a,
667 2454 721 2518 33.
745 2453 905 2518 Proximo
919 2461 1057 2519 senatus
1070 2453 1124 2519 die
1139 2453 1246 2518 multa
1270 2453 1304 2518 in
1320 2454 1437 2518 luxum
1452 2454 1534 2519 civi·

298 2562 377 2626 tatis
398 2561 487 2626 dicta
509 2585 527 2625 a
553 2560 593 2640 Q.
624 2561 762 2626 Haterio
790 2560 974 2641 consulari,
1008 2559 1149 2626 Octavio
1179 2561 1349 2625 Frontone
1378 2569 1535 2648 praetura

297 2667 424 2734 functo.
447 2707 490 2717 -
506 2668 537 2746 3,
556 2668 610 2755 57.
626 2668 674 2733 At
687 2670 728 2745 Q.
743 2667 756 2707 ³
777 2667 936 2732 Haterius
956 2690 1033 2733 curn
1049 2668 1122 2732 eius
1137 2667 1203 2733 diei
1216 2676 1355 2732 senatus
1378 2666 1532 2733 consulta

296 2777 406 2842 aureis
440 2776 562 2841 litteris
582 2775 716 2861 ligenda
736 2776 770 2839 in
799 2776 890 2840 curia
906 2775 1108 2855 censuisset,
1133 2774 1318 2840 deridiculo
1344 2775 1406 2841 luit
1430 2798 1534 2841 senex

297 2883 511 2948 foedissimae
538 2881 742 2947 adulationis
772 2890 904 2948 tantum
932 2881 1069 2947 infamia
1089 2905 1224 2947 usurus.
1246 2919 1291 2932 -
1310 2885 1342 2961 A,
1371 2882 1426 2949 61.
1452 2883 1534 2948 Fine

296 2991 375 3055 anni
401 3012 576 3055 excessere
594 2990 746 3075 insignes
760 2989 865 3056 viri...
878 2997 912 3054 et
925 2988 993 3068 Q.⁴
1009 2988 1180 3069 Haterius,
1201 2987 1328 3054 familia
1349 2991 1530 3072 senatoria,

294 3098 519 3186 eloquentiae,
550 3097 661 3185 quoad
697 3097 795 3176 vixit,
823 3096 1026 3161 celebratae.
1057 3096 1268 3161 Monimenta
1297 3098 1425 3184 ingenii
1462 3100 1535 3164 eius

296 3205 386 3270 haud
427 3204 566 3292 perinde
604 3205 803 3269 retinentur.
840 3202 977 3270 Scilicet
1012 3204 1140 3290 impetu
1175 3205 1284 3290 magis
1323 3227 1424 3293 quam
1454 3229 1532 3271 cura

297 3311 457 3399 vigebat;
483 3319 586 3399 utque
606 3310 749 3377 aliorum
772 3310 946 3376 meditatio
967 3319 1000 3376 et
1016 3308 1112 3374 labor
1135 3311 1169 3375 in
1185 3319 1359 3398 posterum
1379 3311 1532 3389 valescit,

298 3420 345 3485 sic
376 3419 505 3484 Haterii
526 3441 686 3484 canorum
708 3418 792 3482 illud
820 3426 854 3482 et
883 3418 1056 3505 prolluens
1085 3441 1163 3483 cum
1192 3419 1265 3505 ipso
1291 3418 1393 3483 simul
1412 3420 1535 3485 exstin-

297 3535 469 3593 ctumest.

254 3633 483 3698 HATERIVS
495 3632 712 3708 AGRlPl’A,
725 3631 943 3702 AGllll'PA.
954 3633 994 3697 l).
1009 3631 1249 3712 HATERIVS,
1266 3633 1496 3698 llATElllVS
1507 3635 1531 3701 ⁵.

298 3780 339 3790 -
360 3765 387 3819 ι,
405 3766 457 3830 77.
488 3740 737 3807 Dicebanlur...
769 3739 970 3819 sententiae,
993 3747 1030 3804 ut
1057 3738 1269 3826 praetoribus
1289 3740 1341 3805 ius
1363 3741 1533 3828 virgarum

297 3849 331 3913 in
345 3848 528 3914 histriones
548 3855 648 3914 esset.
665 3847 858 3912 lnterccssit
875 3846 1033 3911 Haterius
1048 3846 1200 3934 Agrippa
1215 3846 1370 3912 tribunus
1381 3847 1532 3936 plebei...

296 3994 341 4007 -
364 3980 394 4019 a.
414 3954 467 4021 51.
492 3957 540 4020 Dc
553 3962 706 4044 praetore
722 3955 756 4018 in
771 3953 882 4019 locum
900 3953 1055 4041 Vipstani
1071 3951 1202 4019 Galli...
1221 3953 1439 4041 subrogando
1464 3979 1534 4022 cer-

298 4071 410 4127 tamen
430 4063 579 4129 incessit.
602 4050 935 4149 llcrmanicusatque
953 4062 1123 4127 Drusus...
1147 4060 1321 4127 llaterium
1346 4063 1534 4152 Agrippam

299 4171 524 4258 propinquum
540 4169 733 4235 Germanici
759 4168 931 4234 fovebant.
954 4167 1116 4256 -3,ιί9,
1150 4168 1369 4236 Sententia...
1404 4170 1533 4236 Haterii

298 4278 470 4366 Agrippae
493 4277 644 4342 consulis
664 4277 832 4362 designati
860 4276 1024 4340 indictum
1041 4298 1097 4340 reo
1111 4274 1278 4361 (Clutorio
1309 4276 1437 4366 Prisco)
1453 4279 1534 4344 ulti-

298 4408 391 4448 mum
424 4385 639 4472 supplicium.
673 4422 712 4433 -
740 4384 772 4462 3,
804 4382 857 4449 51.
893 4383 994 4447 Solus
1018 4382 1145 4471 Lepido
1170 4381 1350 4449 Rubellius
1382 4384 1533 4451 Blandus

296 4515 314 4557 e
333 4492 568 4557 consularibus
584 4490 734 4556 adsensit
751 4512 758 4569 ;
781 4490 882 4556 ceteri
898 4490 1101 4555 sententiam
1116 4491 1289 4578 Agrippae
1313 4494 1432 4573 secuti,
1450 4493 1533 4557 duc-

284 4694 292 4727 ¹
310 4695 409 4749 ABG:
426 4698 485 4745 alii.
499 4697 574 4747 Dctt.
592 4714 597 4747 :
614 4698 693 4746 llarii
708 4698 749 4746 rel
762 4698 833 4749 Arii.
850 4699 923 4747 llocc
938 4702 981 4747 est
996 4700 1067 4762 vulg.
1084 4700 1174 4749 lecti0.

283 4776 295 4809 ²
314 4776 436 4838 perosor„
456 4795 492 4841 ¹7·

283 4856 294 4889 ³
311 4858 353 4908 U:
370 4861 469 4923 Atque.
488 4860 564 4911 Corr.
582 4859 698 4922 Lipsius.

283 4938 356 4990 *Ἂε
375 4946 399 4987 et
416 4955 487 5005 quroe
500 4944 594 5004 (atque
611 4943 638 4988 in
656 4944 754 5003 marg.)
770 4940 847 4988 Corr.
865 4941 1026 4992 Beroaldus.

286 5018 429 5072 ⁵l'nosor·..
447 5023 481 5066 18.
499 5021 582 5068 Filius
593 5023 651 5069 eius
663 5023 708 5083 qui
727 5022 875 5084 [rraecedil.
