3709 6234
864 843 1037 895 SARMATAE
1535 843 1588 897 005

350 978 479 1047 liano...
503 981 664 1070 placitum
681 982 833 1047 eamdem
851 1006 994 1071 poenam
1011 986 1170 1073 inrogari.
1188 1008 1288 1074 quam
1301 986 1334 1048 in
1352 986 1533 1051 Aruseium
1553 995 1585 1053 et

350 1087 572 1176 Sanquinium
592 1090 613 1164 ¹,
632 1098 845 1155 accusatores
864 1093 901 1156 L.
925 1094 1093 1157 Arruntii.

305 1192 580 1274 SANQVlNlVS
611 1197 837 1274 MAXIMVS,
873 1199 1187 1278 SANQVlNlVSl.
1217 1236 1260 1247 —
1301 1198 1333 1280 6,
1362 1201 1394 1276 A.
1436 1199 1584 1288 Vrgente

350 1300 517 1388 (Haterio)
534 1304 684 1392 Agrippa
712 1305 924 1392 (Memmium
942 1305 1109 1393 llegulum
1132 1314 1165 1371 et
1186 1305 1376 1382 Fulcinium
1397 1306 1581 1392 Trionem),

348 1409 554 1497 Sanquinius
576 1410 745 1475 Maximus
772 1435 789 1476 e
813 1412 1050 1477 consularibus
1077 1414 1186 1478 oravit
1213 1421 1380 1490 senatum,
1413 1437 1454 1479 ne
1483 1438 1581 1480 curas

347 1515 601 1603 imperatoris...
619 1526 793 1605 augerent.
811 1558 854 1569 -
874 1543 921 1599 11,
941 1524 989 1585 18.
1008 1520 1177 1586 Chauci...
1196 1528 1303 1585 morte
1323 1521 1499 1608 Sanquinii
1515 1522 1566 1587 ala

347 1648 431 1703 cres,
453 1626 535 1690 dum
551 1626 699 1691 Corbulo
712 1626 884 1709 adventat,
910 1627 1103 1693 inferiorem
1119 1629 1335 1693 Germaniam
1352 1629 1578 1696 incursavere.

303 1731 513 1798 SANTONI.
528 1773 570 1783 -
590 1734 622 1812 6,
642 1760 671 1821 7.
693 1734 799 1800 lulius
826 1734 1005 1800 Africanus
1020 1759 1038 1799 e
1054 1736 1214 1800 Santonis
1234 1735 1364 1801 Gallica
1385 1738 1532 1803 civitate.
1580 1722 1584 1729 ⁵

302 1837 536 1906 SARDlANl.
568 1879 609 1889 —
641 1867 671 1916 2,
703 1844 758 1929 47.
791 1842 988 1929 Asperrima
1013 1842 1046 1906 in
1076 1842 1258 1908 Sardianos
1286 1842 1359 1930 lues
1388 1845 1444 1931 (ex
1474 1853 1580 1910 terrae

347 1950 454 2033 motu)
471 1947 652 2035 plurimum
673 1949 706 2012 in
723 1947 858 2013 eosdem
878 1948 1124 2014 misericordiae
1141 1950 1254 2031 traxit,
1273 1974 1392 2016 num...
1409 1989 1454 2002 -
1468 1952 1500 2024 3,
1523 1952 1578 2017 63.

348 2053 540 2141 (Consules,
557 2079 634 2120 cum
654 2056 695 2120 de
720 2056 790 2120 iure
817 2055 903 2143 asyli
933 2064 1088 2143 ageretur
1107 2057 1140 2121 in
1168 2059 1317 2143 senatu,)
1332 2058 1577 2127 rettulerunt...

345 2162 501 2249 propiora
528 2166 643 2251 (quam
674 2163 879 2249 Zmyrnaeos
903 2171 938 2227 et
964 2162 1101 2251 Tenios)
1127 2163 1311 2229 Sardianos
1335 2168 1575 2254 (memorare):

346 2267 532 2333 Alexandri
549 2251 686 2334 victoris
700 2269 732 2333 id
748 2270 885 2335 donum.
897 2308 941 2320 -
952 2273 982 2348 A.
1002 2270 1055 2336 55.
1068 2269 1169 2353 (Cum
1180 2270 1418 2359 ambigeretur,
1432 2296 1577 2361 quanam

345 2375 379 2438 in
399 2377 535 2442 civitate
561 2377 664 2441 Asiae
696 2384 902 2442 statueretur
930 2377 1093 2465 templum
1121 2377 1258 2466 Tiberii)
1288 2378 1470 2444 Sardianos
1492 2381 1579 2445 inter

345 2484 616 2572 Zmyrnaeosque
648 2483 884 2548 deliberatum.
916 2484 1070 2549 Sardiani
1091 2486 1263 2550 decretum
1289 2486 1441 2551 Etruriae
1461 2487 1577 2552 recita-

344 2614 422 2656 vere.
436 2599 474 2655 ut
493 2590 733 2677 consanguinei
762 2610 769 2655 :
789 2613 866 2655 nam
883 2591 1093 2677 Tyrrhenum
1115 2591 1355 2680 Lydumque...

299 2697 532 2765 SAltlllNlA.
559 2738 601 2746 —
631 2722 662 2778 2,
684 2697 739 2761 85.
762 2698 887 2762 Actum
907 2706 941 2763 et
965 2698 1006 2763 de
1028 2700 1132 2764 sacris
1159 2700 1339 2787 Aegyptiis
1367 2700 1578 2790 Iudaicisque

343 2805 510 2894 pellendis
540 2805 733 2892 factumque
754 2813 886 2892 patrum
906 2806 1110 2885 consultum,
1127 2813 1164 2870 ut
1184 2814 1343 2894 quattuor
1362 2807 1455 2871 milia
1469 2807 1577 2873 liber-

343 2912 405 2978 tini
429 2912 563 2998 generis
586 2935 622 2975 ea
644 2912 884 2999 superstitione
908 2910 1044 2992 inlecta,
1061 2912 1138 3001 quis
1158 2912 1278 2977 idonea
1299 2921 1404 2995 aetas,
1432 2916 1464 2978 in
1487 2915 1577 2981 insu·

341 3018 409 3084 lam
433 3019 621 3085 Sardiniam
646 3019 857 3097 veherentur,
886 3019 1081 3084 coercendis
1106 3019 1174 3084 illic
1197 3019 1382 3085 latrociniis
1403 3029 1447 3100 et,
1479 3022 1507 3086 si
1531 3022 1574 3087 ob

341 3128 542 3213 gravitatem
563 3126 647 3191 caeli
667 3127 872 3203 interissent,
895 3126 962 3191 vile
984 3127 1157 3191 damnum.
1179 3167 1222 3178 —
1247 3128 1296 3202 13,
1315 3128 1367 3194 30.
1388 3129 1574 3195 Damnatus

341 3233 650 3299 isdcmconsulibus
660 3232 842 3321 Vipsanius
857 3234 986 3298 Laenas
1002 3233 1044 3298 ob
1055 3234 1245 3299 Sardiniam
1254 3236 1461 3323 provinciam
1473 3259 1573 3302 avare

340 3341 501 3407 habitam.
515 3381 558 3390 —
572 3344 621 3417 rt,
633 3340 686 3406 62.
702 3341 893 3428 (Anicetus)
903 3341 937 3405 in
957 3340 1146 3409 Sardiniam
1163 3341 1311 3429 pellitur,
1322 3341 1379 3407 ubi
1393 3365 1459 3407 non
1475 3344 1572 3431 inops

339 3449 476 3515 exilium
494 3448 648 3514 toleravit
662 3456 695 3513 ct
715 3448 782 3513 lato
795 3449 891 3514 obiit.
914 3488 958 3497 -
982 3446 1032 3522 16,
1054 3474 1086 3538 9.
1104 3448 1348 3537 Deportutus...
1372 3450 1406 3515 in
1424 3450 1571 3515 insulani

338 3557 527 3623 Sardiniam
540 3556 719 3622 Cassius...
741 3598 776 3608 -
796 3555 844 3633 iti,
867 3580 918 3643 ¹7·
933 3555 1069 3621 ltulrius
1081 3554 1299 3643 Crispinus...
1317 3558 1569 3645 nupercrimine

336 3665 578 3729 coniurationis
601 3664 634 3727 in
651 3662 839 3727 Sardiniam
853 3671 1004 3728 exactus
1026 3662 1121 3742 -ll,
1143 3664 1193 3729 16.
1212 3661 1381 3728 Corsicam
1402 3687 1440 3729 ac
1455 3665 1569 3730 Sardi·

339 3773 428 3836 niam
449 3780 643 3860 ceterasque
669 3771 813 3858 proximi
844 3770 945 3835 maris
965 3769 1095 3834 insulas
1114 3770 1201 3835 lama
1226 3770 1373 3835 victricis
1397 3772 1513 3836 classis
1534 3773 1568 3837 in

337 3878 489 3967 partibus
514 3878 658 3943 (Athonis
680 3879 800 3943 tenuit.

293 3986 576 4051 SARIOLENVS
603 3986 631 4047 V
635 3984 799 4061 OCVLA,
837 3983 1135 4065 SAllltlLENVS,
1162 3984 1565 4065 VOCVLA.-lV,.(1.

337 4094 451 4183 anue
475 4093 569 4159 velut
592 4116 733 4157 censura
755 4093 789 4156 in
805 4092 1018 4157 Sariolenum
1039 4090 1202 4157 Voculam
1232 4099 1265 4156 et
1284 4092 1430 4158 Nonium
1456 4093 1568 4159 Attia-

337 4225 416 4265 nnm
446 4209 479 4266 et
512 4200 662 4266 Cestium
695 4202 854 4265 Severum
903 4200 1064 4265 acerrime
1107 4198 1272 4277 incubuit,
1313 4199 1440 4266 crebris
1479 4202 1567 4290 apud

335 4308 502 4373 Neronem
531 4306 756 4372 delationibus
785 4306 943 4372 famosos,
976 4304 1188 4371 Sariolenum
1222 4314 1256 4371 et
1289 4329 1406 4371 recens
1439 4310 1565 4375 crimen

324 4416 485 4500 urgebat,
501 4414 592 4503 quod
610 4414 699 4502 apud
724 4412 896 4479 Vitellium
924 4412 1063 4477 molitus
1094 4412 1211 4477 eadem
1232 4412 1328 4479 soret.
1352 4414 1421 4480 Nec
1437 4415 1567 4484 destitit

334 4532 472 4588 senatus
487 4546 607 4586 manus
625 4523 790 4587 intentare
811 4519 971 4599 Voculae,
988 4520 1096 4585 donec
1120 4521 1212 4585 curia
1228 4521 1416 4588 excederet.

289 4629 553 4709 SARMATAE,
587 4628 809 4693 SARMATA
838 4628 940 4716 (sing.
972 4626 1139 4715 coll.).-—
1161 4627 1192 4706 6,
1218 4627 1272 4693 33.
1314 4628 1440 4695 Contra
1471 4632 1565 4698 Pha-

322 4816 328 4849 ¹
349 4814 710 4879 Azsanyunnium,1›1·.n1.
728 4842 757 4850 -
774 4836 784 4857 a
804 4814 952 4864 Viclleicht
972 4830 1046 4863 musa
1062 4830 1091 4863 es
1112 4811 1281 4879 Sangarium
1303 4816 1421 4877 hcissen,
1446 4820 1567 4870 welcher

289 4897 373 4945 Namc
390 4900 418 4945 C.
436 4897 456 4946 l.
473 4897 510 4953 L.,
527 4896 545 4954 l,
567 4903 634 4957 1419,
654 4895 737 4944 steht.
757 4918 768 4937 a
785 4896 1129 4959 (Nrrrnnoni-Axonam.)

319 4978 330 5012 ²
345 4978 376 5033 Q.
391 4978 555 5039 Sanquinius
571 4976 716 5025 Maximus.
736 4977 859 5037 Proser,
878 4978 928 5025 136,
