3709 6234
890 846 975 899 NERO
1518 840 1566 899 lot

334 984 512 1074 Neapolim
536 985 646 1074 pergit
670 994 716 1067 et,
747 988 826 1076 quia
851 988 944 1053 aditu
965 987 1110 1053 Neronis
1135 985 1389 1074 prohibebatur,
1415 1010 1571 1074 egressus

335 1092 536 1159 obsidens...

289 1200 517 1268 NEMETES.
540 1242 583 1251 —
611 1225 662 1282 ια,
680 1227 732 1290 ²7·
759 1201 797 1267 P.
817 1202 1024 1290 Pomponius
1048 1203 1180 1291 legatus
1206 1202 1402 1291 (superioris
1430 1202 1570 1267 Germa-

342 1308 433 1394 niae)
448 1309 629 1374 auxiliares
646 1308 842 1396 Vangionas
864 1334 901 1375 ac
922 1311 1081 1375 Nemetas
1097 1312 1145 1393 (in
1175 1310 1316 1375 Chattos
1346 1309 1510 1391 immisit).
1534 1347 1569 1357 -

337 1417 377 1481 G.
410 1420 464 1481 28.
506 1416 618 1506 lpsam
644 1416 753 1481 Rheni
781 1418 890 1505 ripam
923 1418 1013 1482 haud
1048 1417 1149 1483 dubie
1181 1419 1427 1483 Germanorum
1454 1415 1570 1504 populi

336 1519 464 1598 colunt,
485 1523 691 1610 Vangiones,
709 1523 854 1600 Triboci,
872 1525 1043 1591 Nemetes.

289 1628 544 1695 NEPTVNVS.
563 1671 606 1680 —
624 1630 655 1704 3,
674 1629 728 1696 63.
749 1632 871 1696 Tenios
897 1632 1047 1697 eiusdem
1076 1633 1246 1721 Apollinis
1271 1654 1405 1697 carmen
1434 1629 1568 1708 referre,

337 1759 404 1824 quo
420 1759 551 1804 sacrare
572 1739 719 1828 Neptuni
744 1739 891 1825 efligiem
905 1739 1089 1828 aedemque
1105 1740 1187 1804 iussi
1202 1741 1282 1804 sint.

292 1841 429 1924 NERO,
448 1845 657 1911 TlBElllVS
670 1846 804 1912 NERO.
827 1884 871 1896 -
895 1871 923 1922 1,
952 1871 999 1912 10.
1014 1847 1172 1913 Abducta
1188 1847 1244 1935 (ab
1261 1847 1430 1935 Augusto)
1447 1845 1572 1911 Neroni

338 1974 435 2018 uxor.
462 1990 503 2000 —
520 1952 552 2024 5,
575 1978 603 2018 1.
627 1954 776 2018 Primum
802 1954 945 2039 (Liviae)
959 1955 1211 2020 matrimonium
1228 1963 1261 2020 et
1275 1953 1371 2018 liberi
1392 1953 1482 2018 luere
1496 1976 1573 2017 cum

340 2056 472 2123 Tiberio
499 2060 644 2136 Nerone,
668 2062 727 2148 qui
747 2060 836 2126 bello
869 2061 1032 2126 Perusino
1062 2062 1236 2150 profugus
1268 2086 1348 2149 pace
1376 2061 1464 2126 inter
1490 2061 1570 2126 Sex.

339 2163 536 2253 Pompeium
552 2191 590 2232 ac
606 2168 801 2233 triumviros
823 2178 919 2256 pacta
941 2170 974 2232 in
999 2169 1117 2234 urbem
1140 2170 1251 2235 rediit.
1275 2207 1320 2219 -
1340 2169 1372 2248 6,
1395 2169 1448 2234 51.
1473 2167 1573 2232 Pater

340 2271 487 2356 (Tiberio
503 2274 653 2360 Caesari)
669 2276 758 2340 Nero
774 2285 807 2341 et
823 2279 993 2366 utrimque
1009 2279 1103 2364 origo
1119 2278 1231 2364 gentis
1251 2276 1424 2343 Claudiae.

296 2378 431 2458 NERO,
450 2405 483 2447 v.
505 2382 712 2448 TlBEllll'S
728 2383 922 2449 CAESAR.

291 2484 530 2577 NERO¹(A).
559 2529 602 2538 -
632 2515 663 2558 2.
691 2491 745 2567 43.
785 2491 938 2578 (Cretici)
958 2492 1064 2557 Silani
1094 2491 1162 2557 lilia
1191 2490 1317 2556 Neroni
1340 2491 1572 2556 vetustissimo

338 2593 522 2660 liberorum
542 2596 767 2682 (Germanici)
790 2608 887 2685 pacta
903 2606 1049 2666 erat.-
1070 2599 1101 2679 3,
1131 2624 1182 2687 29.
1217 2598 1281 2663 Per
1316 2597 1406 2662 idem
1439 2605 1573 2685 tempus

335 2699 517 2790 (Tiberius)
534 2702 702 2769 Neronem
719 2730 736 2769 e
753 2705 868 2769 liberis
889 2706 1081 2771 Germanici
1103 2706 1168 2770 iam
1184 2707 1376 2793 ingressum
1398 2705 1573 2769 iuventam

339 2810 590 2876 commendavit
605 2812 769 2899 patribus,
793 2822 896 2901 utque
926 2837 1063 2878 munere
1093 2812 1290 2900 capessendi
1319 2811 1574 2900 vigintiviratus

339 2916 528 2984 solveretur
547 2928 580 2984 et
595 2921 828 3008 quinquennio
848 2922 1013 2985 maturius
1030 2944 1131 3009 quam
1146 2945 1206 3009 per
1234 2920 1327 3007 leges
1356 2927 1573 3008 quaesturam

338 3034 522 3111 peteret...,
545 3026 774 3114 postulavit...
790 3028 938 3093 Additur
953 3029 1168 3115 pontificatus
1188 3036 1233 3108 et,
1259 3051 1325 3116 quo
1345 3028 1491 3115 primum
1519 3026 1573 3091 die

340 3132 449 3196 lorum
463 3133 637 3221 ingressus
651 3142 714 3208 est,
732 3136 940 3221 congiarium
957 3136 1087 3222 plebi...
1110 3137 1260 3200 Auctum
1275 3135 1396 3199 dehinc
1411 3133 1572 3219 gaudium

341 3240 467 3327 nuptiis
487 3241 631 3306 Neronis
647 3249 681 3305 et
696 3242 799 3306 luliae
819 3241 917 3306 Drusi
935 3243 1033 3306 tiliae.
1049 3282 1088 3292 -
1099 3246 1130 3319 Δ,
1148 3246 1179 3319 (l.
1204 3244 1295 3307 Anni
1311 3242 1474 3330 principio
1489 3241 1574 3305 Dru-

339 3369 397 3411 sus
417 3370 459 3411 ex
470 3348 661 3413 Germanici
676 3348 789 3413 liberis
813 3359 927 3435 togam
951 3350 1082 3414 virilem
1111 3351 1267 3438 sumpsit,
1298 3371 1451 3438 quaeque
1480 3347 1574 3413 lratri

336 3455 408 3519 eius
421 3454 545 3519 Neroni
561 3456 756 3523 decreverat
776 3466 926 3527 senatus,
946 3458 1099 3545 repetita.
1125 3496 1164 3508 -
1181 3460 1211 3535 Δ,
1235 3458 1267 3523 8.
1282 3457 1461 3543 (Loquitur
1477 3453 1574 3519 'libe-

338 3562 409 3625 rius
423 3562 457 3625 in
472 3567 607 3644 senatul
626 3591 640 3622 a
722 3563 763 3628 Hi
779 3564 887 3643 vobis,
906 3563 995 3627 Nero
1011 3572 1043 3628 et
1067 3565 1186 3640 Druse,
1213 3573 1390 3651 parentum
1423 3562 1538 3628 loco...
1558 3590 1572 3620 n

341 3706 381 3720 -
401 3672 433 3746 (1,
457 3672 505 3734 ιό.
531 3669 675 3757 llgitque
696 3671 784 3735 Nero
795 3681 907 3757 grates
927 3695 965 3735 ea
990 3695 1089 3736 causa
1106 3671 1257 3758 patribus
1279 3679 1379 3758 atque
1403 3694 1478 3749 avo,
1499 3669 1574 3734 lae·

341 3785 392 3841 tas
403 3777 490 3841 inter
506 3777 713 3842 audientium
734 3778 953 3856 adiectiones,
977 3780 1033 3867 qui
1059 3779 1185 3844 recenti
1209 3777 1370 3843 memoria
1384 3775 1575 3842 Germanici

340 3881 587 3970 illumadspici,
607 3885 704 3947 illum
724 3885 830 3949 audiri
852 3886 1023 3951 rebantur.
1055 3886 1275 3973 Aderantque
1303 3885 1415 3949 iuveni
1441 3884 1574 3948 modes·

336 3990 382 4055 tia
398 4015 436 4055 ac
452 3990 558 4055 forma
584 3993 732 4079 principe
746 3999 818 4056 viro
840 3994 984 4079 digna...
1008 4032 1051 4042 -
1075 3996 1106 4069 (1,
1127 3992 1573 4081 17.P0ntiticese0rumque

338 4097 493 4184 exemplo
513 4099 614 4163 ceteri
630 4099 833 4176 sacerdotes,
853 4124 928 4165 cum
950 4124 1009 4188 pro
1034 4099 1266 4164 incolumitate
1302 4100 1464 4188 principis
1496 4106 1575 4163 vota

340 4205 561 4294 susciperent,
580 4204 747 4270 Neronem
764 4231 897 4297 quoque
914 4217 947 4273 et
965 4209 1113 4272 Drusum
1141 4208 1249 4272 isdem
1283 4207 1335 4271 dis
1359 4205 1576 4271 commenda·

337 4335 426 4377 vere.
453 4349 496 4361 -
511 4318 541 4387 l,
560 4314 613 4399 59.
640 4314 812 4398 (Seianus)
830 4314 1099 4382 adsimulabat...
1119 4315 1237 4379 iudicis
1259 4324 1372 4403 partes
1394 4314 1575 4379 adversum

338 4419 530 4484 Germanici
548 4421 702 4506 stirpem,
724 4421 868 4487 subditis
884 4423 943 4509 qui
959 4429 1194 4487 accusatorum
1207 4422 1344 4486 nomina
1370 4422 1577 4487 sustinerent

340 4526 551 4614 maximeque
580 4528 825 4593 insectarentur
866 4528 1035 4593 Neronem
1071 4530 1262 4616 proximum
1296 4529 1502 4593 successioni
1527 4533 1573 4608 et,

337 4656 544 4721 quamquam
565 4634 715 4699 modesta
729 4637 878 4711 iuventa,
903 4635 1101 4725 plerumque
1126 4643 1239 4701 tamen
1255 4636 1337 4725 quid
1358 4636 1392 4700 in
1420 4657 1576 4722 praesen·

340 4740 462 4805 tiaram
478 4740 681 4806 conduceret
701 4741 858 4823 oblitum,
877 4743 959 4807 dum
976 4766 993 4806 a
1010 4742 1141 4807 libertis
1157 4751 1190 4806 et
1205 4741 1398 4818 clientibus,
1415 4742 1576 4829 apiscen-

330 4983 338 5018 ¹
356 4983 427 5033 Nero
444 4984 526 5033 lulius
545 4985 651 5034 Caesar.
672 4986 795 5045 Pnosor„
809 4986 827 5045 l,
849 4993 900 5050 ¹⁴9·
