<?xml version="1.0" encoding="UTF-8"?>
<!DOCTYPE html PUBLIC "-//W3C//DTD XHTML 1.0 Transitional//EN"
    "http://www.w3.org/TR/xhtml1/DTD/xhtml1-transitional.dtd">
<html xmlns="http://www.w3.org/1999/xhtml" xml:lang="en" lang="en">
 <head>
  <title>
</title>
<meta http-equiv="Content-Type" content="text/html;charset=utf-8" />
  <meta name='ocr-system' content='tesseract 3.04.00' />
  <meta name='ocr-capabilities' content='ocr_page ocr_carea ocr_par ocr_line ocrx_word'/>
</head>
<body>
  <div class='ocr_page' id='page_1' title='image "./onomasticontaci00fabigoog_0105.png"; bbox 0 0 3709 6234; ppageno 0'>
   <div class='ocr_carea' id='block_1_1' title="bbox 843 873 1522 933">
    <p class='ocr_par' dir='ltr' id='par_1_1' title="bbox 843 873 1522 933">
     <span class='ocr_line' id='line_1_1' title="bbox 843 873 1522 933; baseline -0.004 -1"><span class='ocrx_word' id='word_1_1' title='bbox 843 880 918 933; x_wconf 83' lang='lat' dir='ltr'>ASlA</span> <span class='ocrx_word' id='word_1_2' title='bbox 1487 873 1522 929; x_wconf 82' lang='lat'>97</span> 
     </span>
    </p>
   </div>
   <div class='ocr_carea' id='block_1_2' title="bbox 290 1017 1542 5090">
    <p class='ocr_par' dir='ltr' id='par_1_2' title="bbox 290 1017 1542 5090">
     <span class='ocr_line' id='line_1_2' title="bbox 290 1017 1523 1109; baseline -0.004 -22"><span class='ocrx_word' id='word_1_3' title='bbox 290 1022 378 1087; x_wconf 90' lang='lat' dir='ltr'>istud</span> <span class='ocrx_word' id='word_1_4' title='bbox 416 1020 610 1109; x_wconf 89' lang='lat' dir='ltr'>petentibus</span> <span class='ocrx_word' id='word_1_5' title='bbox 644 1043 712 1086; x_wconf 91' lang='lat' dir='ltr'>non</span> <span class='ocrx_word' id='word_1_6' title='bbox 746 1022 811 1085; x_wconf 91' lang='lat' dir='ltr'>sim</span> <span class='ocrx_word' id='word_1_7' title='bbox 845 1020 1055 1085; x_wconf 86' lang='lat' dir='ltr'>adversatus.</span> <span class='ocrx_word' id='word_1_8' title='bbox 1082 1043 1097 1081; x_wconf 83' lang='lat' dir='ltr'>n</span> <span class='ocrx_word' id='word_1_9' title='bbox 1128 1058 1171 1068; x_wconf 94' lang='lat'><em>-</em></span> <span class='ocrx_word' id='word_1_10' title='bbox 1209 1021 1240 1096; x_wconf 74' lang='grc' dir='ltr'>ά,</span> <span class='ocrx_word' id='word_1_11' title='bbox 1263 1019 1318 1085; x_wconf 87' lang='grc'>55.</span> <span class='ocrx_word' id='word_1_12' title='bbox 1341 1017 1523 1108; x_wconf 79' lang='lat' dir='ltr'>(Tiberius)</span> 
     </span>
     <span class='ocr_line' id='line_1_3' title="bbox 291 1126 1527 1218; baseline -0.001 -25"><span class='ocrx_word' id='word_1_13' title='bbox 291 1129 461 1218; x_wconf 82' lang='lat' dir='ltr'>legatos...</span> <span class='ocrx_word' id='word_1_14' title='bbox 483 1129 598 1208; x_wconf 87' lang='lat' dir='ltr'>Asiae,</span> <span class='ocrx_word' id='word_1_15' title='bbox 617 1127 839 1216; x_wconf 84' lang='lat' dir='ltr'>ambigentes,</span> <span class='ocrx_word' id='word_1_16' title='bbox 850 1150 997 1215; x_wconf 90' lang='lat' dir='ltr'>quanam</span> <span class='ocrx_word' id='word_1_17' title='bbox 1017 1128 1052 1191; x_wconf 92' lang='lat' dir='ltr'>in</span> <span class='ocrx_word' id='word_1_18' title='bbox 1067 1127 1203 1192; x_wconf 82' lang='lat' dir='ltr'>civitate</span> <span class='ocrx_word' id='word_1_19' title='bbox 1217 1126 1381 1213; x_wconf 91' lang='lat' dir='ltr'>templum</span> <span class='ocrx_word' id='word_1_20' title='bbox 1398 1134 1527 1192; x_wconf 91' lang='lat' dir='ltr'>statue-</span> 
     </span>
     <span class='ocr_line' id='line_1_4' title="bbox 291 1234 1527 1325; baseline -0.001 -25"><span class='ocrx_word' id='word_1_21' title='bbox 291 1245 398 1312; x_wconf 85' lang='lat' dir='ltr'>retur,</span> <span class='ocrx_word' id='word_1_22' title='bbox 437 1236 552 1325; x_wconf 93' lang='lat' dir='ltr'>plures</span> <span class='ocrx_word' id='word_1_23' title='bbox 585 1260 646 1324; x_wconf 92' lang='lat' dir='ltr'>per</span> <span class='ocrx_word' id='word_1_24' title='bbox 665 1236 737 1301; x_wconf 89' lang='lat' dir='ltr'>dies</span> <span class='ocrx_word' id='word_1_25' title='bbox 770 1236 948 1301; x_wconf 90' lang='lat' dir='ltr'>audivit...</span> <span class='ocrx_word' id='word_1_26' title='bbox 990 1234 1147 1301; x_wconf 81' lang='lat' dir='ltr'>Sardiani</span> <span class='ocrx_word' id='word_1_27' title='bbox 1167 1235 1340 1300; x_wconf 90' lang='lat' dir='ltr'>decretum</span> <span class='ocrx_word' id='word_1_28' title='bbox 1373 1234 1527 1300; x_wconf 81' lang='lat' dir='ltr'>Etruriae</span> 
     </span>
     <span class='ocr_line' id='line_1_5' title="bbox 292 1342 1530 1432; baseline -0.001 -23"><span class='ocrx_word' id='word_1_29' title='bbox 292 1345 473 1410; x_wconf 77' lang='lat' dir='ltr'>recitavere</span> <span class='ocrx_word' id='word_1_30' title='bbox 507 1352 545 1409; x_wconf 90' lang='lat' dir='ltr'>ut</span> <span class='ocrx_word' id='word_1_31' title='bbox 574 1343 846 1431; x_wconf 82' lang='lat' dir='ltr'>consanguinei:</span> <span class='ocrx_word' id='word_1_32' title='bbox 884 1367 962 1409; x_wconf 93' lang='lat' dir='ltr'>nam</span> <span class='ocrx_word' id='word_1_33' title='bbox 982 1344 1195 1430; x_wconf 76' lang='lat' dir='ltr'>Tyrrhenum</span> <span class='ocrx_word' id='word_1_34' title='bbox 1217 1342 1473 1432; x_wconf 77' lang='lat' dir='ltr'>Lydumque...,</span> <span class='ocrx_word' id='word_1_35' title='bbox 1495 1350 1530 1408; x_wconf 89' lang='lat' dir='ltr'>et</span> 
     </span>
     <span class='ocr_line' id='line_1_6' title="bbox 292 1448 1527 1538; baseline 0.002 -22"><span class='ocrx_word' id='word_1_36' title='bbox 292 1452 414 1517; x_wconf 91' lang='lat' dir='ltr'>dueum</span> <span class='ocrx_word' id='word_1_37' title='bbox 427 1475 444 1517; x_wconf 92' lang='lat' dir='ltr'>e</span> <span class='ocrx_word' id='word_1_38' title='bbox 461 1452 655 1516; x_wconf 92' lang='lat' dir='ltr'>nominibus</span> <span class='ocrx_word' id='word_1_39' title='bbox 671 1451 777 1517; x_wconf 90' lang='lat' dir='ltr'>indita</span> <span class='ocrx_word' id='word_1_40' title='bbox 790 1450 954 1516; x_wconf 82' lang='lat' dir='ltr'>vocabula</span> <span class='ocrx_word' id='word_1_41' title='bbox 969 1450 1040 1516; x_wconf 93' lang='lat' dir='ltr'>illis</span> <span class='ocrx_word' id='word_1_42' title='bbox 1054 1474 1113 1538; x_wconf 91' lang='lat' dir='ltr'>per</span> <span class='ocrx_word' id='word_1_43' title='bbox 1125 1450 1256 1532; x_wconf 79' lang='lat' dir='ltr'>Asiam,</span> <span class='ocrx_word' id='word_1_44' title='bbox 1273 1450 1325 1514; x_wconf 93' lang='lat' dir='ltr'>his</span> <span class='ocrx_word' id='word_1_45' title='bbox 1338 1450 1372 1515; x_wconf 94' lang='lat' dir='ltr'>in</span> <span class='ocrx_word' id='word_1_46' title='bbox 1387 1448 1527 1518; x_wconf 87' lang='lat' dir='ltr'>ltalia...</span> 
     </span>
     <span class='ocr_line' id='line_1_7' title="bbox 291 1556 1530 1647; baseline 0 -25"><span class='ocrx_word' id='word_1_47' title='bbox 291 1596 327 1608; x_wconf 94' lang='lat'><em>—</em></span> <span class='ocrx_word' id='word_1_48' title='bbox 349 1561 382 1635; x_wconf 75' lang='grc' dir='ltr'>Δ,</span> <span class='ocrx_word' id='word_1_49' title='bbox 398 1558 452 1624; x_wconf 87' lang='grc'>56.</span> <span class='ocrx_word' id='word_1_50' title='bbox 478 1559 655 1646; x_wconf 72' lang='lat' dir='ltr'>Zmyrnaei</span> <span class='ocrx_word' id='word_1_51' title='bbox 670 1558 979 1647; x_wconf 63' lang='lat' dir='ltr'>(memorabam...</span> <span class='ocrx_word' id='word_1_52' title='bbox 998 1583 1074 1624; x_wconf 92' lang='lat' dir='ltr'>se...</span> <span class='ocrx_word' id='word_1_53' title='bbox 1098 1558 1226 1646; x_wconf 87' lang='lat' dir='ltr'>primos</span> <span class='ocrx_word' id='word_1_54' title='bbox 1245 1558 1412 1647; x_wconf 93' lang='lat' dir='ltr'>templum</span> <span class='ocrx_word' id='word_1_55' title='bbox 1437 1556 1530 1623; x_wconf 92' lang='lat' dir='ltr'>urbis</span> 
     </span>
     <span class='ocr_line' id='line_1_8' title="bbox 292 1664 1527 1745; baseline 0.001 -15"><span class='ocrx_word' id='word_1_56' title='bbox 292 1666 418 1730; x_wconf 86' lang='lat' dir='ltr'>Romae</span> <span class='ocrx_word' id='word_1_57' title='bbox 434 1666 607 1743; x_wconf 77' lang='lat' dir='ltr'><strong>statuisse,</strong></span> <span class='ocrx_word' id='word_1_58' title='bbox 623 1666 671 1731; x_wconf 88' lang='lat' dir='ltr'>M.</span> <span class='ocrx_word' id='word_1_59' title='bbox 691 1667 810 1731; x_wconf 90' lang='lat' dir='ltr'>Porcio</span> <span class='ocrx_word' id='word_1_60' title='bbox 825 1666 974 1732; x_wconf 88' lang='lat' dir='ltr'>consule.</span> <span class='ocrx_word' id='word_1_61' title='bbox 985 1717 1022 1745; x_wconf 91' lang='lat'>..,</span> <span class='ocrx_word' id='word_1_62' title='bbox 1040 1673 1151 1732; x_wconf 92' lang='lat' dir='ltr'>stante</span> <span class='ocrx_word' id='word_1_63' title='bbox 1167 1664 1277 1731; x_wconf 92' lang='lat' dir='ltr'>adhuc</span> <span class='ocrx_word' id='word_1_64' title='bbox 1299 1665 1427 1731; x_wconf 89' lang='lat' dir='ltr'>Punica</span> <span class='ocrx_word' id='word_1_65' title='bbox 1441 1665 1527 1731; x_wconf 92' lang='lat' dir='ltr'>urbe</span> 
     </span>
     <span class='ocr_line' id='line_1_9' title="bbox 292 1773 1530 1862; baseline 0 -23"><span class='ocrx_word' id='word_1_66' title='bbox 292 1781 323 1840; x_wconf 92' lang='lat' dir='ltr'>et</span> <span class='ocrx_word' id='word_1_67' title='bbox 338 1773 461 1839; x_wconf 91' lang='lat' dir='ltr'>validis</span> <span class='ocrx_word' id='word_1_68' title='bbox 482 1797 542 1861; x_wconf 94' lang='lat' dir='ltr'>per</span> <span class='ocrx_word' id='word_1_69' title='bbox 561 1774 679 1838; x_wconf 89' lang='lat' dir='ltr'>Asiam</span> <span class='ocrx_word' id='word_1_70' title='bbox 708 1773 855 1861; x_wconf 86' lang='lat' dir='ltr'>regibus.</span> <span class='ocrx_word' id='word_1_71' title='bbox 881 1812 920 1823; x_wconf 91' lang='lat'>-</span> <span class='ocrx_word' id='word_1_72' title='bbox 949 1774 980 1854; x_wconf 84' lang='lat'>5,</span> <span class='ocrx_word' id='word_1_73' title='bbox 1002 1799 1051 1838; x_wconf 89' lang='lat' dir='ltr'>ro.</span> <span class='ocrx_word' id='word_1_74' title='bbox 1086 1774 1151 1838; x_wconf 90' lang='lat' dir='ltr'>Per</span> <span class='ocrx_word' id='word_1_75' title='bbox 1170 1773 1258 1838; x_wconf 89' lang='lat' dir='ltr'>idem</span> <span class='ocrx_word' id='word_1_76' title='bbox 1288 1793 1428 1862; x_wconf 87' lang='lat' dir='ltr'>tempus</span> <span class='ocrx_word' id='word_1_77' title='bbox 1447 1775 1530 1839; x_wconf 92' lang='lat' dir='ltr'>Asia</span> 
     </span>
     <span class='ocr_line' id='line_1_10' title="bbox 291 1880 1529 1970; baseline 0.001 -24"><span class='ocrx_word' id='word_1_78' title='bbox 291 1889 391 1970; x_wconf 85' lang='lat' dir='ltr'>atque</span> <span class='ocrx_word' id='word_1_79' title='bbox 407 1880 535 1946; x_wconf 81' lang='lat' dir='ltr'>Achaia</span> <span class='ocrx_word' id='word_1_80' title='bbox 556 1882 738 1946; x_wconf 77' lang='lat' dir='ltr'>exterritae</span> <span class='ocrx_word' id='word_1_81' title='bbox 752 1889 832 1946; x_wconf 91' lang='lat' dir='ltr'>sunt</span> <span class='ocrx_word' id='word_1_82' title='bbox 848 1882 916 1946; x_wconf 90' lang='lat' dir='ltr'>acri</span> <span class='ocrx_word' id='word_1_83' title='bbox 933 1882 1041 1969; x_wconf 84' lang='lat' dir='ltr'>magis</span> <span class='ocrx_word' id='word_1_84' title='bbox 1067 1904 1169 1969; x_wconf 90' lang='lat' dir='ltr'>quam</span> <span class='ocrx_word' id='word_1_85' title='bbox 1197 1881 1361 1947; x_wconf 89' lang='lat' dir='ltr'>diuturno</span> <span class='ocrx_word' id='word_1_86' title='bbox 1382 1904 1529 1963; x_wconf 85' lang='lat' dir='ltr'>rumore,</span> 
     </span>
     <span class='ocr_line' id='line_1_11' title="bbox 293 1987 1532 2076; baseline 0.001 -24"><span class='ocrx_word' id='word_1_87' title='bbox 293 1988 441 2053; x_wconf 81' lang='lat' dir='ltr'><strong>Drusum</strong></span> <span class='ocrx_word' id='word_1_88' title='bbox 457 1989 650 2054; x_wconf 82' lang='lat' dir='ltr'>Germanici</span> <span class='ocrx_word' id='word_1_89' title='bbox 668 1988 776 2053; x_wconf 91' lang='lat' dir='ltr'>tilium</span> <span class='ocrx_word' id='word_1_90' title='bbox 797 1988 887 2076; x_wconf 91' lang='lat' dir='ltr'>apud</span> <span class='ocrx_word' id='word_1_91' title='bbox 904 1988 1072 2076; x_wconf 70' lang='lat' dir='ltr'>Cycladas</span> <span class='ocrx_word' id='word_1_92' title='bbox 1096 1987 1239 2069; x_wconf 88' lang='lat' dir='ltr'>insulas,</span> <span class='ocrx_word' id='word_1_93' title='bbox 1272 2013 1352 2054; x_wconf 87' lang='lat' dir='ltr'>mox</span> <span class='ocrx_word' id='word_1_94' title='bbox 1371 1988 1404 2053; x_wconf 95' lang='lat' dir='ltr'>in</span> <span class='ocrx_word' id='word_1_95' title='bbox 1425 1989 1532 2055; x_wconf 90' lang='lat' dir='ltr'>conti-</span> 
     </span>
     <span class='ocr_line' id='line_1_12' title="bbox 293 2096 1533 2185; baseline 0.003 -26"><span class='ocrx_word' id='word_1_96' title='bbox 293 2096 385 2160; x_wconf 87' lang='lat' dir='ltr'>nenti</span> <span class='ocrx_word' id='word_1_97' title='bbox 415 2096 538 2161; x_wconf 87' lang='lat' dir='ltr'>visum.</span> <span class='ocrx_word' id='word_1_98' title='bbox 570 2135 612 2145; x_wconf 93' lang='lat'>-</span> <span class='ocrx_word' id='word_1_99' title='bbox 643 2120 692 2177; x_wconf 72' lang='grc' dir='ltr'>ια,</span> <span class='ocrx_word' id='word_1_100' title='bbox 726 2096 780 2162; x_wconf 86' lang='grc'>63.</span> <span class='ocrx_word' id='word_1_101' title='bbox 813 2096 997 2160; x_wconf 87' lang='lat' dir='ltr'>Artissirno</span> <span class='ocrx_word' id='word_1_102' title='bbox 1026 2096 1114 2161; x_wconf 91' lang='lat' dir='ltr'>inter</span> <span class='ocrx_word' id='word_1_103' title='bbox 1145 2096 1314 2185; x_wconf 88' lang='lat' dir='ltr'>Europam</span> <span class='ocrx_word' id='word_1_104' title='bbox 1347 2096 1533 2184; x_wconf 87' lang='lat' dir='ltr'>Asiamque</span> 
     </span>
     <span class='ocr_line' id='line_1_13' title="bbox 293 2203 1534 2291; baseline 0 -23"><span class='ocrx_word' id='word_1_105' title='bbox 293 2203 450 2283; x_wconf 81' lang='lat' dir='ltr'>divortio,</span> <span class='ocrx_word' id='word_1_106' title='bbox 475 2204 674 2291; x_wconf 70' lang='lat' dir='ltr'>Byzantium</span> <span class='ocrx_word' id='word_1_107' title='bbox 704 2204 738 2268; x_wconf 92' lang='lat' dir='ltr'>in</span> <span class='ocrx_word' id='word_1_108' title='bbox 768 2212 918 2270; x_wconf 87' lang='lat' dir='ltr'>extrema</span> <span class='ocrx_word' id='word_1_109' title='bbox 950 2203 1082 2291; x_wconf 83' lang='lat' dir='ltr'>Europa</span> <span class='ocrx_word' id='word_1_110' title='bbox 1117 2227 1259 2291; x_wconf 86' lang='lat' dir='ltr'>posuere</span> <span class='ocrx_word' id='word_1_111' title='bbox 1297 2204 1458 2271; x_wconf 91' lang='lat' dir='ltr'>Graeci..</span> <span class='ocrx_word' id='word_1_112' title='bbox 1490 2244 1534 2256; x_wconf 91' lang='lat'><em>-</em></span> 
     </span>
     <span class='ocr_line' id='line_1_14' title="bbox 298 2310 1533 2399; baseline 0 -25"><span class='ocrx_word' id='word_1_113' title='bbox 298 2313 345 2385; x_wconf 86' lang='grc' dir='ltr'>ι3,</span> <span class='ocrx_word' id='word_1_114' title='bbox 373 2336 400 2377; x_wconf 91' lang='lat' dir='ltr'>r.</span> <span class='ocrx_word' id='word_1_115' title='bbox 430 2311 517 2376; x_wconf 90' lang='lat' dir='ltr'>lunii</span> <span class='ocrx_word' id='word_1_116' title='bbox 543 2310 651 2375; x_wconf 85' lang='lat' dir='ltr'>Silani</span> <span class='ocrx_word' id='word_1_117' title='bbox 665 2311 878 2398; x_wconf 88' lang='lat' dir='ltr'>proconsulis</span> <span class='ocrx_word' id='word_1_118' title='bbox 893 2312 1035 2378; x_wconf 87' lang='lat' dir='ltr'>Asiae...</span> <span class='ocrx_word' id='word_1_119' title='bbox 1060 2311 1098 2376; x_wconf 93' lang='lat' dir='ltr'>P.</span> <span class='ocrx_word' id='word_1_120' title='bbox 1123 2311 1221 2376; x_wconf 88' lang='lat' dir='ltr'>Celer</span> <span class='ocrx_word' id='word_1_121' title='bbox 1236 2336 1339 2399; x_wconf 90' lang='lat' dir='ltr'>eques</span> <span class='ocrx_word' id='word_1_122' title='bbox 1361 2313 1533 2378; x_wconf 87' lang='lat' dir='ltr'>ltornanus</span> 
     </span>
     <span class='ocr_line' id='line_1_15' title="bbox 292 2417 1533 2507; baseline 0 -24"><span class='ocrx_word' id='word_1_123' title='bbox 292 2426 325 2483; x_wconf 90' lang='lat' dir='ltr'>et</span> <span class='ocrx_word' id='word_1_124' title='bbox 352 2417 472 2483; x_wconf 90' lang='lat' dir='ltr'>llelius</span> <span class='ocrx_word' id='word_1_125' title='bbox 500 2418 657 2496; x_wconf 79' lang='lat' dir='ltr'>libertus,</span> <span class='ocrx_word' id='word_1_126' title='bbox 680 2419 727 2483; x_wconf 88' lang='lat' dir='ltr'>rei</span> <span class='ocrx_word' id='word_1_127' title='bbox 755 2418 912 2483; x_wconf 79' lang='lat' dir='ltr'>familiari</span> <span class='ocrx_word' id='word_1_128' title='bbox 942 2418 1105 2507; x_wconf 89' lang='lat' dir='ltr'>principis</span> <span class='ocrx_word' id='word_1_129' title='bbox 1126 2418 1159 2482; x_wconf 94' lang='lat' dir='ltr'>in</span> <span class='ocrx_word' id='word_1_130' title='bbox 1188 2420 1271 2483; x_wconf 89' lang='lat' dir='ltr'>Asia</span> <span class='ocrx_word' id='word_1_131' title='bbox 1296 2419 1457 2507; x_wconf 88' lang='lat' dir='ltr'>impositi.</span> <span class='ocrx_word' id='word_1_132' title='bbox 1490 2459 1533 2468; x_wconf 97' lang='lat'><em>-</em></span> 
     </span>
     <span class='ocr_line' id='line_1_16' title="bbox 297 2525 1535 2614; baseline 0.002 -24"><span class='ocrx_word' id='word_1_133' title='bbox 297 2525 346 2603; x_wconf 81' lang='lat'>13,</span> <span class='ocrx_word' id='word_1_134' title='bbox 363 2525 417 2590; x_wconf 92' lang='grc'>33.</span> <span class='ocrx_word' id='word_1_135' title='bbox 442 2525 533 2590; x_wconf 89' lang='lat' dir='ltr'>ldcm</span> <span class='ocrx_word' id='word_1_136' title='bbox 548 2549 657 2590; x_wconf 89' lang='lat' dir='ltr'>annus</span> <span class='ocrx_word' id='word_1_137' title='bbox 673 2526 787 2613; x_wconf 89' lang='lat' dir='ltr'>plures</span> <span class='ocrx_word' id='word_1_138' title='bbox 800 2550 875 2591; x_wconf 90' lang='lat' dir='ltr'>reos</span> <span class='ocrx_word' id='word_1_139' title='bbox 890 2525 1021 2606; x_wconf 79' lang='lat' dir='ltr'>habuit,</span> <span class='ocrx_word' id='word_1_140' title='bbox 1047 2549 1191 2614; x_wconf 89' lang='lat' dir='ltr'>quorum</span> <span class='ocrx_word' id='word_1_141' title='bbox 1208 2526 1246 2591; x_wconf 88' lang='lat' dir='ltr'>P.</span> <span class='ocrx_word' id='word_1_142' title='bbox 1263 2526 1414 2591; x_wconf 86' lang='lat' dir='ltr'>Celerem</span> <span class='ocrx_word' id='word_1_143' title='bbox 1438 2550 1535 2592; x_wconf 89' lang='lat' dir='ltr'>accu-</span> 
     </span>
     <span class='ocr_line' id='line_1_17' title="bbox 293 2632 1531 2723; baseline 0.001 -26"><span class='ocrx_word' id='word_1_144' title='bbox 293 2639 389 2698; x_wconf 91' lang='lat' dir='ltr'>sante</span> <span class='ocrx_word' id='word_1_145' title='bbox 409 2633 532 2698; x_wconf 89' lang='lat' dir='ltr'>Asia...</span> <span class='ocrx_word' id='word_1_146' title='bbox 551 2672 594 2681; x_wconf 89' lang='lat'>-</span> <span class='ocrx_word' id='word_1_147' title='bbox 618 2632 667 2712; x_wconf 76' lang='grc'>13,</span> <span class='ocrx_word' id='word_1_148' title='bbox 683 2633 737 2710; x_wconf 71' lang='grc'>43.</span> <span class='ocrx_word' id='word_1_149' title='bbox 762 2634 966 2723; x_wconf 86' lang='lat' dir='ltr'>llepertiquc</span> <span class='ocrx_word' id='word_1_150' title='bbox 993 2642 1207 2699; x_wconf 85' lang='lat' dir='ltr'>accusatores</span> <span class='ocrx_word' id='word_1_151' title='bbox 1235 2633 1385 2721; x_wconf 88' lang='lat' dir='ltr'>direptos</span> <span class='ocrx_word' id='word_1_152' title='bbox 1410 2635 1531 2713; x_wconf 91' lang='lat' dir='ltr'>socios,</span> 
     </span>
     <span class='ocr_line' id='line_1_18' title="bbox 292 2738 1533 2830; baseline 0.002 -26"><span class='ocrx_word' id='word_1_153' title='bbox 292 2763 368 2805; x_wconf 86' lang='lat' dir='ltr'>cum</span> <span class='ocrx_word' id='word_1_154' title='bbox 389 2740 458 2828; x_wconf 79' lang='lat' dir='ltr'>(P.)</span> <span class='ocrx_word' id='word_1_155' title='bbox 473 2740 615 2805; x_wconf 84' lang='lat' dir='ltr'>Suillius</span> <span class='ocrx_word' id='word_1_156' title='bbox 630 2742 839 2829; x_wconf 86' lang='lat' dir='ltr'>provinciam</span> <span class='ocrx_word' id='word_1_157' title='bbox 855 2741 974 2806; x_wconf 90' lang='lat' dir='ltr'>Asiam</span> <span class='ocrx_word' id='word_1_158' title='bbox 990 2749 1132 2828; x_wconf 84' lang='lat' dir='ltr'>regeret,</span> <span class='ocrx_word' id='word_1_159' title='bbox 1149 2765 1187 2806; x_wconf 87' lang='lat' dir='ltr'>ac</span> <span class='ocrx_word' id='word_1_160' title='bbox 1203 2738 1357 2829; x_wconf 89' lang='lat' dir='ltr'>publicae</span> <span class='ocrx_word' id='word_1_161' title='bbox 1372 2744 1533 2830; x_wconf 91' lang='lat' dir='ltr'>pecuniae</span> 
     </span>
     <span class='ocr_line' id='line_1_19' title="bbox 293 2847 1531 2938; baseline 0.001 -26"><span class='ocrx_word' id='word_1_162' title='bbox 293 2848 486 2934; x_wconf 89' lang='lat' dir='ltr'>peculatum</span> <span class='ocrx_word' id='word_1_163' title='bbox 496 2847 705 2913; x_wconf 90' lang='lat' dir='ltr'>detulerunt.</span> <span class='ocrx_word' id='word_1_164' title='bbox 720 2885 760 2900; x_wconf 94' lang='lat'>-</span> <span class='ocrx_word' id='word_1_165' title='bbox 783 2852 831 2926; x_wconf 67' lang='lat' dir='ltr'>rt.</span> <span class='ocrx_word' id='word_1_166' title='bbox 847 2873 900 2914; x_wconf 79' lang='lat' dir='ltr'>ar.</span> <span class='ocrx_word' id='word_1_167' title='bbox 921 2848 1082 2914; x_wconf 88' lang='lat' dir='ltr'>Pluribus</span> <span class='ocrx_word' id='word_1_168' title='bbox 1102 2850 1173 2936; x_wconf 91' lang='lat' dir='ltr'>ipsa</span> <span class='ocrx_word' id='word_1_169' title='bbox 1189 2848 1324 2915; x_wconf 91' lang='lat' dir='ltr'>licentia</span> <span class='ocrx_word' id='word_1_170' title='bbox 1336 2849 1531 2938; x_wconf 86' lang='lat' dir='ltr'>placebat...</span> 
     </span>
     <span class='ocr_line' id='line_1_20' title="bbox 294 2954 1535 3044; baseline 0.001 -25"><span class='ocrx_word' id='word_1_171' title='bbox 294 2954 439 3019; x_wconf 87' lang='lat' dir='ltr'>Maiores</span> <span class='ocrx_word' id='word_1_172' title='bbox 470 2979 605 3044; x_wconf 91' lang='lat' dir='ltr'>quoque</span> <span class='ocrx_word' id='word_1_173' title='bbox 638 2979 706 3020; x_wconf 88' lang='lat' dir='ltr'>non</span> <span class='ocrx_word' id='word_1_174' title='bbox 733 2956 947 3021; x_wconf 85' lang='lat' dir='ltr'>abhorruisse</span> <span class='ocrx_word' id='word_1_175' title='bbox 982 2955 1251 3043; x_wconf 87' lang='lat' dir='ltr'>spectaculorum</span> <span class='ocrx_word' id='word_1_176' title='bbox 1276 2956 1535 3022; x_wconf 88' lang='lat' dir='ltr'>oblectamentis</span> 
     </span>
     <span class='ocr_line' id='line_1_21' title="bbox 293 3061 1534 3153; baseline 0.002 -27"><span class='ocrx_word' id='word_1_177' title='bbox 293 3085 353 3149; x_wconf 92' lang='lat' dir='ltr'>pro</span> <span class='ocrx_word' id='word_1_178' title='bbox 383 3061 528 3140; x_wconf 74' lang='lat' dir='ltr'>fortuna,</span> <span class='ocrx_word' id='word_1_179' title='bbox 558 3085 644 3150; x_wconf 88' lang='lat' dir='ltr'>quae</span> <span class='ocrx_word' id='word_1_180' title='bbox 672 3070 743 3127; x_wconf 93' lang='lat' dir='ltr'>tum</span> <span class='ocrx_word' id='word_1_181' title='bbox 764 3072 875 3128; x_wconf 90' lang='lat' dir='ltr'>erat...</span> <span class='ocrx_word' id='word_1_182' title='bbox 910 3063 1071 3127; x_wconf 90' lang='lat' dir='ltr'>Possessa</span> <span class='ocrx_word' id='word_1_183' title='bbox 1101 3063 1229 3128; x_wconf 81' lang='lat' dir='ltr'>Achaia</span> <span class='ocrx_word' id='word_1_184' title='bbox 1260 3064 1411 3153; x_wconf 82' lang='lat' dir='ltr'>Asiaque</span> <span class='ocrx_word' id='word_1_185' title='bbox 1435 3064 1534 3128; x_wconf 91' lang='lat' dir='ltr'>ludos</span> 
     </span>
     <span class='ocr_line' id='line_1_22' title="bbox 293 3169 1531 3259; baseline 0.001 -26"><span class='ocrx_word' id='word_1_186' title='bbox 293 3170 443 3235; x_wconf 91' lang='lat' dir='ltr'>curatius</span> <span class='ocrx_word' id='word_1_187' title='bbox 458 3169 609 3236; x_wconf 88' lang='lat' dir='ltr'>editos...</span> <span class='ocrx_word' id='word_1_188' title='bbox 625 3208 663 3219; x_wconf 91' lang='lat'>-</span> <span class='ocrx_word' id='word_1_189' title='bbox 684 3173 734 3250; x_wconf 73' lang='grc' dir='ltr'>ιά,</span> <span class='ocrx_word' id='word_1_190' title='bbox 755 3195 809 3236; x_wconf 81' lang='lat'>22.</span> <span class='ocrx_word' id='word_1_191' title='bbox 828 3170 916 3234; x_wconf 83' lang='lat' dir='ltr'>Nero</span> <span class='ocrx_word' id='word_1_192' title='bbox 928 3170 1102 3259; x_wconf 89' lang='lat' dir='ltr'>componit</span> <span class='ocrx_word' id='word_1_193' title='bbox 1115 3170 1158 3235; x_wconf 89' lang='lat' dir='ltr'>ad</span> <span class='ocrx_word' id='word_1_194' title='bbox 1169 3170 1327 3236; x_wconf 88' lang='lat' dir='ltr'>Plautum</span> <span class='ocrx_word' id='word_1_195' title='bbox 1344 3171 1531 3250; x_wconf 85' lang='lat' dir='ltr'>litteras...‚</span> 
     </span>
     <span class='ocr_line' id='line_1_23' title="bbox 293 3276 1534 3366; baseline 0 -25"><span class='ocrx_word' id='word_1_196' title='bbox 293 3301 367 3342; x_wconf 86' lang='lat' dir='ltr'>esse</span> <span class='ocrx_word' id='word_1_197' title='bbox 387 3276 436 3340; x_wconf 96' lang='lat' dir='ltr'>illi</span> <span class='ocrx_word' id='word_1_198' title='bbox 460 3300 520 3365; x_wconf 88' lang='lat' dir='ltr'>per</span> <span class='ocrx_word' id='word_1_199' title='bbox 547 3277 665 3342; x_wconf 83' lang='lat' dir='ltr'>Asiam</span> <span class='ocrx_word' id='word_1_200' title='bbox 699 3278 809 3343; x_wconf 86' lang='lat' dir='ltr'>avitos</span> <span class='ocrx_word' id='word_1_201' title='bbox 842 3302 984 3365; x_wconf 77' lang='lat' dir='ltr'>agros...</span> <span class='ocrx_word' id='word_1_202' title='bbox 1012 3316 1055 3326; x_wconf 94' lang='lat'><em>-</em></span> <span class='ocrx_word' id='word_1_203' title='bbox 1096 3281 1145 3358; x_wconf 78' lang='grc' dir='ltr'>ιά,</span> <span class='ocrx_word' id='word_1_204' title='bbox 1176 3303 1228 3366; x_wconf 83' lang='lat'>²7·</span> <span class='ocrx_word' id='word_1_205' title='bbox 1260 3278 1311 3342; x_wconf 84' lang='lat' dir='ltr'>Ex</span> <span class='ocrx_word' id='word_1_206' title='bbox 1330 3278 1534 3343; x_wconf 91' lang='lat' dir='ltr'>inlustribus</span> 
     </span>
     <span class='ocr_line' id='line_1_24' title="bbox 295 3383 1531 3475; baseline 0.002 -26"><span class='ocrx_word' id='word_1_207' title='bbox 295 3385 397 3450; x_wconf 90' lang='lat' dir='ltr'>Asiae</span> <span class='ocrx_word' id='word_1_208' title='bbox 424 3383 565 3449; x_wconf 90' lang='lat' dir='ltr'>urbibus</span> <span class='ocrx_word' id='word_1_209' title='bbox 595 3385 757 3450; x_wconf 88' lang='lat' dir='ltr'>Laodicea</span> <span class='ocrx_word' id='word_1_210' title='bbox 787 3392 930 3451; x_wconf 87' lang='lat' dir='ltr'>tremore</span> <span class='ocrx_word' id='word_1_211' title='bbox 964 3393 1070 3451; x_wconf 85' lang='lat' dir='ltr'>terrac</span> <span class='ocrx_word' id='word_1_212' title='bbox 1105 3385 1305 3475; x_wconf 87' lang='lat' dir='ltr'>prolapsa...</span> <span class='ocrx_word' id='word_1_213' title='bbox 1334 3426 1377 3435; x_wconf 94' lang='lat'><em>-</em></span> <span class='ocrx_word' id='word_1_214' title='bbox 1412 3388 1460 3466; x_wconf 75' lang='lat' dir='ltr'>rit,</span> <span class='ocrx_word' id='word_1_215' title='bbox 1478 3387 1531 3474; x_wconf 83' lang='grc'>57.</span> 
     </span>
     <span class='ocr_line' id='line_1_25' title="bbox 293 3490 1532 3582; baseline 0 -26"><span class='ocrx_word' id='word_1_216' title='bbox 293 3490 519 3580; x_wconf 86' lang='lat' dir='ltr'>(ltubellium)</span> <span class='ocrx_word' id='word_1_217' title='bbox 541 3492 698 3558; x_wconf 91' lang='lat' dir='ltr'>Plautum</span> <span class='ocrx_word' id='word_1_218' title='bbox 718 3493 753 3557; x_wconf 92' lang='lat' dir='ltr'>in</span> <span class='ocrx_word' id='word_1_219' title='bbox 776 3494 934 3560; x_wconf 86' lang='lat' dir='ltr'>Asiam...</span> <span class='ocrx_word' id='word_1_220' title='bbox 958 3493 1306 3582; x_wconf 74' lang='lat' dir='ltr'>nupe1·(am0tnrn),..</span> <span class='ocrx_word' id='word_1_221' title='bbox 1328 3494 1391 3580; x_wconf 82' lang='lat' dir='ltr'>(De</span> <span class='ocrx_word' id='word_1_222' title='bbox 1415 3493 1532 3559; x_wconf 88' lang='lat' dir='ltr'>eodem</span> 
     </span>
     <span class='ocr_line' id='line_1_26' title="bbox 295 3599 1534 3689; baseline -0.001 -26"><span class='ocrx_word' id='word_1_223' title='bbox 295 3599 397 3664; x_wconf 86' lang='lat' dir='ltr'>verba</span> <span class='ocrx_word' id='word_1_224' title='bbox 426 3599 505 3665; x_wconf 87' lang='lat' dir='ltr'>lacit</span> <span class='ocrx_word' id='word_1_225' title='bbox 537 3600 626 3688; x_wconf 90' lang='lat' dir='ltr'>apud</span> <span class='ocrx_word' id='word_1_226' title='bbox 653 3599 823 3665; x_wconf 87' lang='lat' dir='ltr'>Neronem</span> <span class='ocrx_word' id='word_1_227' title='bbox 846 3600 1065 3689; x_wconf 73' lang='lat' dir='ltr'>&#39;l&#39;igellinus):</span> <span class='ocrx_word' id='word_1_228' title='bbox 1084 3625 1100 3664; x_wconf 85' lang='lat' dir='ltr'>a</span> <span class='ocrx_word' id='word_1_229' title='bbox 1120 3601 1188 3666; x_wconf 84' lang='lat' dir='ltr'>Nec</span> <span class='ocrx_word' id='word_1_230' title='bbox 1214 3602 1326 3666; x_wconf 89' lang='lat' dir='ltr'>minus</span> <span class='ocrx_word' id='word_1_231' title='bbox 1351 3624 1534 3689; x_wconf 88' lang='lat' dir='ltr'>suspensos</span> 
     </span>
     <span class='ocr_line' id='line_1_27' title="bbox 297 3707 1534 3796; baseline 0.002 -25"><span class='ocrx_word' id='word_1_232' title='bbox 297 3707 398 3772; x_wconf 89' lang='lat' dir='ltr'>Asiae</span> <span class='ocrx_word' id='word_1_233' title='bbox 431 3707 575 3795; x_wconf 88' lang='lat' dir='ltr'>populos</span> <span class='ocrx_word' id='word_1_234' title='bbox 603 3707 804 3774; x_wconf 88' lang='lat' dir='ltr'>claritudine</span> <span class='ocrx_word' id='word_1_235' title='bbox 841 3709 894 3773; x_wconf 85' lang='lat' dir='ltr'>avi</span> <span class='ocrx_word' id='word_1_236' title='bbox 924 3708 1037 3774; x_wconf 86' lang='lat' dir='ltr'>Drusi.</span> <span class='ocrx_word' id='word_1_237' title='bbox 1073 3737 1087 3767; x_wconf 78' lang='lat' dir='ltr'>n</span> <span class='ocrx_word' id='word_1_238' title='bbox 1115 3748 1157 3756; x_wconf 92' lang='lat'><em>—</em></span> <span class='ocrx_word' id='word_1_239' title='bbox 1193 3712 1243 3786; x_wconf 75' lang='grc' dir='ltr'>ιά,</span> <span class='ocrx_word' id='word_1_240' title='bbox 1273 3710 1326 3774; x_wconf 84' lang='grc'>58.</span> <span class='ocrx_word' id='word_1_241' title='bbox 1356 3708 1534 3796; x_wconf 86' lang='lat' dir='ltr'>Vulgoque</span> 
     </span>
     <span class='ocr_line' id='line_1_28' title="bbox 297 3814 1535 3905; baseline 0.002 -27"><span class='ocrx_word' id='word_1_242' title='bbox 297 3814 468 3902; x_wconf 72' lang='lat' dir='ltr'>lingebant</span> <span class='ocrx_word' id='word_1_243' title='bbox 497 3816 639 3903; x_wconf 90' lang='lat' dir='ltr'>petitum</span> <span class='ocrx_word' id='word_1_244' title='bbox 663 3840 680 3881; x_wconf 93' lang='lat' dir='ltr'>a</span> <span class='ocrx_word' id='word_1_245' title='bbox 713 3815 886 3900; x_wconf 84' lang='lat' dir='ltr'>(Rubellio</span> <span class='ocrx_word' id='word_1_246' title='bbox 913 3816 1048 3903; x_wconf 79' lang='lat' dir='ltr'>Plauto)</span> <span class='ocrx_word' id='word_1_247' title='bbox 1078 3814 1362 3897; x_wconf 86' lang='lat' dir='ltr'>Corbulonem...‚</span> <span class='ocrx_word' id='word_1_248' title='bbox 1388 3818 1471 3905; x_wconf 93' lang='lat' dir='ltr'>quin</span> <span class='ocrx_word' id='word_1_249' title='bbox 1501 3824 1535 3881; x_wconf 91' lang='lat' dir='ltr'>et</span> 
     </span>
     <span class='ocr_line' id='line_1_29' title="bbox 299 3922 1533 4012; baseline 0.002 -25"><span class='ocrx_word' id='word_1_250' title='bbox 299 3922 545 3989; x_wconf 79' lang='lat' dir='ltr'>Asiamtarore</span> <span class='ocrx_word' id='word_1_251' title='bbox 569 3924 703 3988; x_wconf 88' lang='lat' dir='ltr'>iuvenis</span> <span class='ocrx_word' id='word_1_252' title='bbox 723 3947 816 3989; x_wconf 88' lang='lat' dir='ltr'>arma</span> <span class='ocrx_word' id='word_1_253' title='bbox 841 3925 1074 4012; x_wconf 89' lang='lat' dir='ltr'>cepisse...-</span> <span class='ocrx_word' id='word_1_254' title='bbox 1108 3925 1157 3998; x_wconf 78' lang='lat'>15,</span> <span class='ocrx_word' id='word_1_255' title='bbox 1193 3925 1246 4001; x_wconf 67' lang='lat'>45.</span> <span class='ocrx_word' id='word_1_256' title='bbox 1279 3925 1378 4011; x_wconf 83' lang='lat' dir='ltr'>(Post</span> <span class='ocrx_word' id='word_1_257' title='bbox 1404 3925 1533 3990; x_wconf 85' lang='lat' dir='ltr'>Rornae</span> 
     </span>
     <span class='ocr_line' id='line_1_30' title="bbox 300 4029 1533 4120; baseline 0.003 -27"><span class='ocrx_word' id='word_1_258' title='bbox 300 4029 505 4119; x_wconf 85' lang='lat' dir='ltr'>incendium)</span> <span class='ocrx_word' id='word_1_259' title='bbox 525 4054 586 4120; x_wconf 90' lang='lat' dir='ltr'>per</span> <span class='ocrx_word' id='word_1_260' title='bbox 618 4032 735 4096; x_wconf 86' lang='lat' dir='ltr'>Asiam</span> <span class='ocrx_word' id='word_1_261' title='bbox 762 4041 862 4120; x_wconf 89' lang='lat' dir='ltr'>atque</span> <span class='ocrx_word' id='word_1_262' title='bbox 888 4032 1050 4096; x_wconf 88' lang='lat' dir='ltr'>Achaiam</span> <span class='ocrx_word' id='word_1_263' title='bbox 1080 4055 1148 4095; x_wconf 94' lang='lat' dir='ltr'>non</span> <span class='ocrx_word' id='word_1_264' title='bbox 1182 4032 1269 4097; x_wconf 90' lang='lat' dir='ltr'>dona</span> <span class='ocrx_word' id='word_1_265' title='bbox 1297 4041 1441 4109; x_wconf 90' lang='lat' dir='ltr'>tantum,</span> <span class='ocrx_word' id='word_1_266' title='bbox 1474 4033 1533 4099; x_wconf 92' lang='lat' dir='ltr'>sed</span> 
     </span>
     <span class='ocr_line' id='line_1_31' title="bbox 300 4137 1534 4230; baseline 0 -28"><span class='ocrx_word' id='word_1_267' title='bbox 300 4137 477 4203; x_wconf 84' lang='lat' dir='ltr'>simulacra</span> <span class='ocrx_word' id='word_1_268' title='bbox 519 4139 695 4203; x_wconf 93' lang='lat' dir='ltr'>numinum</span> <span class='ocrx_word' id='word_1_269' title='bbox 734 4138 1000 4227; x_wconf 87' lang='lat' dir='ltr'>abripiebantur,</span> <span class='ocrx_word' id='word_1_270' title='bbox 1041 4139 1154 4202; x_wconf 88' lang='lat' dir='ltr'>missis</span> <span class='ocrx_word' id='word_1_271' title='bbox 1192 4140 1226 4203; x_wconf 91' lang='lat' dir='ltr'>in</span> <span class='ocrx_word' id='word_1_272' title='bbox 1260 4164 1317 4204; x_wconf 88' lang='lat' dir='ltr'>eas</span> <span class='ocrx_word' id='word_1_273' title='bbox 1341 4141 1534 4230; x_wconf 86' lang='lat' dir='ltr'>provincias</span> 
     </span>
     <span class='ocr_line' id='line_1_32' title="bbox 302 4246 1534 4337; baseline 0.003 -28"><span class='ocrx_word' id='word_1_274' title='bbox 302 4246 425 4311; x_wconf 89' lang='lat' dir='ltr'>Acrato</span> <span class='ocrx_word' id='word_1_275' title='bbox 445 4269 483 4311; x_wconf 91' lang='lat' dir='ltr'>ae</span> <span class='ocrx_word' id='word_1_276' title='bbox 498 4246 654 4312; x_wconf 90' lang='lat' dir='ltr'>Secundo</span> <span class='ocrx_word' id='word_1_277' title='bbox 669 4247 857 4313; x_wconf 84' lang='lat' dir='ltr'>Carrinate.</span> <span class='ocrx_word' id='word_1_278' title='bbox 872 4287 913 4296; x_wconf 98' lang='lat'>-</span> <span class='ocrx_word' id='word_1_279' title='bbox 934 4246 983 4326; x_wconf 80' lang='lat'>16,</span> <span class='ocrx_word' id='word_1_280' title='bbox 1009 4271 1058 4310; x_wconf 90' lang='lat' dir='ltr'>ro.</span> <span class='ocrx_word' id='word_1_281' title='bbox 1078 4246 1219 4311; x_wconf 88' lang='lat' dir='ltr'>Claudio</span> <span class='ocrx_word' id='word_1_282' title='bbox 1235 4247 1410 4329; x_wconf 86' lang='lat' dir='ltr'>Demian0‚</span> <span class='ocrx_word' id='word_1_283' title='bbox 1433 4271 1534 4337; x_wconf 89' lang='lat' dir='ltr'>quem</span> 
     </span>
     <span class='ocr_line' id='line_1_33' title="bbox 302 4353 1534 4443; baseline 0.002 -25"><span class='ocrx_word' id='word_1_284' title='bbox 302 4353 343 4420; x_wconf 93' lang='lat' dir='ltr'>ob</span> <span class='ocrx_word' id='word_1_285' title='bbox 364 4354 491 4442; x_wconf 80' lang='lat' dir='ltr'>tlagitia</span> <span class='ocrx_word' id='word_1_286' title='bbox 526 4354 678 4418; x_wconf 87' lang='lat' dir='ltr'>vinctum</span> <span class='ocrx_word' id='word_1_287' title='bbox 709 4377 727 4418; x_wconf 88' lang='lat' dir='ltr'>a</span> <span class='ocrx_word' id='word_1_288' title='bbox 753 4354 805 4439; x_wconf 79' lang='lat' dir='ltr'>(L.</span> <span class='ocrx_word' id='word_1_289' title='bbox 836 4353 1003 4440; x_wconf 84' lang='lat' dir='ltr'>Antistio)</span> <span class='ocrx_word' id='word_1_290' title='bbox 1032 4353 1152 4418; x_wconf 75' lang='lat' dir='ltr'>Vetere</span> <span class='ocrx_word' id='word_1_291' title='bbox 1177 4354 1280 4419; x_wconf 88' lang='lat' dir='ltr'>Asiae</span> <span class='ocrx_word' id='word_1_292' title='bbox 1306 4379 1367 4443; x_wconf 87' lang='lat' dir='ltr'>pro</span> <span class='ocrx_word' id='word_1_293' title='bbox 1396 4357 1534 4421; x_wconf 89' lang='lat' dir='ltr'>consule</span> 
     </span>
     <span class='ocr_line' id='line_1_34' title="bbox 303 4459 1535 4548; baseline 0 -21"><span class='ocrx_word' id='word_1_294' title='bbox 303 4461 445 4527; x_wconf 84' lang='lat' dir='ltr'>exsolvit</span> <span class='ocrx_word' id='word_1_295' title='bbox 460 4460 591 4527; x_wconf 90' lang='lat' dir='ltr'>Nero...</span> <span class='ocrx_word' id='word_1_296' title='bbox 613 4499 653 4511; x_wconf 89' lang='lat'>-</span> <span class='ocrx_word' id='word_1_297' title='bbox 683 4460 730 4534; x_wconf 80' lang='lat'>16,</span> <span class='ocrx_word' id='word_1_298' title='bbox 758 4460 807 4527; x_wconf 88' lang='grc' dir='ltr'>ι3.</span> <span class='ocrx_word' id='word_1_299' title='bbox 836 4460 989 4525; x_wconf 89' lang='lat' dir='ltr'>Dilectus</span> <span class='ocrx_word' id='word_1_300' title='bbox 1019 4484 1077 4548; x_wconf 87' lang='lat' dir='ltr'>per</span> <span class='ocrx_word' id='word_1_301' title='bbox 1105 4459 1251 4524; x_wconf 90' lang='lat' dir='ltr'>Galliam</span> <span class='ocrx_word' id='word_1_302' title='bbox 1282 4461 1535 4527; x_wconf 78' lang='lat' dir='ltr'>Narbonensem</span> 
     </span>
     <span class='ocr_line' id='line_1_35' title="bbox 305 4566 1533 4657; baseline 0.002 -25"><span class='ocrx_word' id='word_1_303' title='bbox 305 4568 518 4657; x_wconf 80' lang='lat' dir='ltr'>Africamque</span> <span class='ocrx_word' id='word_1_304' title='bbox 534 4576 568 4634; x_wconf 91' lang='lat' dir='ltr'>et</span> <span class='ocrx_word' id='word_1_305' title='bbox 582 4568 702 4632; x_wconf 90' lang='lat' dir='ltr'>Asiam</span> <span class='ocrx_word' id='word_1_306' title='bbox 725 4568 830 4633; x_wconf 93' lang='lat' dir='ltr'>habiti</span> <span class='ocrx_word' id='word_1_307' title='bbox 855 4575 934 4633; x_wconf 91' lang='lat' dir='ltr'>sunt</span> <span class='ocrx_word' id='word_1_308' title='bbox 950 4566 1148 4655; x_wconf 87' lang='lat' dir='ltr'>supplendis</span> <span class='ocrx_word' id='word_1_309' title='bbox 1177 4566 1303 4653; x_wconf 69' lang='lat' dir='ltr'>lllyrici</span> <span class='ocrx_word' id='word_1_310' title='bbox 1332 4568 1533 4654; x_wconf 72' lang='lat' dir='ltr'>legionibus.</span> 
     </span>
     <span class='ocr_line' id='line_1_36' title="bbox 305 4673 1538 4766; baseline 0.001 -25"><span class='ocrx_word' id='word_1_311' title='bbox 305 4711 344 4726; x_wconf 88' lang='lat'><em>-</em></span> <span class='ocrx_word' id='word_1_312' title='bbox 369 4678 418 4758; x_wconf 75' lang='lat'>16,</span> <span class='ocrx_word' id='word_1_313' title='bbox 441 4676 495 4742; x_wconf 79' lang='lat'>23.</span> <span class='ocrx_word' id='word_1_314' title='bbox 524 4676 666 4741; x_wconf 89' lang='lat' dir='ltr'>Baream</span> <span class='ocrx_word' id='word_1_315' title='bbox 689 4677 868 4742; x_wconf 88' lang='lat' dir='ltr'>Soranum.</span> <span class='ocrx_word' id='word_1_316' title='bbox 892 4727 898 4739; x_wconf 95' lang='lat'>.</span> <span class='ocrx_word' id='word_1_317' title='bbox 918 4675 982 4740; x_wconf 92' lang='lat' dir='ltr'>sibi</span> <span class='ocrx_word' id='word_1_318' title='bbox 998 4673 1154 4740; x_wconf 89' lang='lat' dir='ltr'>Ostorius</span> <span class='ocrx_word' id='word_1_319' title='bbox 1170 4674 1316 4739; x_wconf 86' lang='lat' dir='ltr'>Sabinus</span> <span class='ocrx_word' id='word_1_320' title='bbox 1337 4730 1357 4742; x_wconf 91' lang='lat'>..</span> <span class='ocrx_word' id='word_1_321' title='bbox 1376 4700 1538 4766; x_wconf 87' lang='lat' dir='ltr'>poposce-</span> 
     </span>
     <span class='ocr_line' id='line_1_37' title="bbox 306 4781 1539 4875; baseline -0.002 -26"><span class='ocrx_word' id='word_1_322' title='bbox 306 4793 353 4851; x_wconf 88' lang='lat' dir='ltr'>rat</span> <span class='ocrx_word' id='word_1_323' title='bbox 388 4808 484 4851; x_wconf 86' lang='lat' dir='ltr'>reum</span> <span class='ocrx_word' id='word_1_324' title='bbox 510 4809 552 4851; x_wconf 86' lang='lat' dir='ltr'>ex</span> <span class='ocrx_word' id='word_1_325' title='bbox 585 4784 826 4875; x_wconf 89' lang='lat' dir='ltr'>proconsulatu</span> <span class='ocrx_word' id='word_1_326' title='bbox 852 4783 967 4867; x_wconf 81' lang='lat' dir='ltr'>Asiae,</span> <span class='ocrx_word' id='word_1_327' title='bbox 995 4783 1029 4846; x_wconf 96' lang='lat' dir='ltr'>in</span> <span class='ocrx_word' id='word_1_328' title='bbox 1053 4806 1121 4871; x_wconf 92' lang='lat' dir='ltr'>quo</span> <span class='ocrx_word' id='word_1_329' title='bbox 1145 4781 1349 4847; x_wconf 83' lang='lat' dir='ltr'>offensiones</span> <span class='ocrx_word' id='word_1_330' title='bbox 1377 4786 1539 4872; x_wconf 88' lang='lat' dir='ltr'>principis</span> 
     </span>
     <span class='ocr_line' id='line_1_38' title="bbox 307 4889 1542 4981; baseline -0.001 -25"><span class='ocrx_word' id='word_1_331' title='bbox 307 4893 395 4959; x_wconf 86' lang='lat' dir='ltr'>auxit</span> <span class='ocrx_word' id='word_1_332' title='bbox 407 4891 535 4959; x_wconf 89' lang='lat' dir='ltr'>iustitia</span> <span class='ocrx_word' id='word_1_333' title='bbox 552 4900 653 4981; x_wconf 91' lang='lat' dir='ltr'>atque</span> <span class='ocrx_word' id='word_1_334' title='bbox 673 4891 851 4957; x_wconf 89' lang='lat' dir='ltr'>industria.</span> <span class='ocrx_word' id='word_1_335' title='bbox 877 4928 921 4941; x_wconf 94' lang='lat'><em>-</em></span> <span class='ocrx_word' id='word_1_336' title='bbox 938 4889 987 4971; x_wconf 80' lang='lat' dir='ltr'>iti,</span> <span class='ocrx_word' id='word_1_337' title='bbox 1000 4891 1052 4955; x_wconf 86' lang='lat'>30.</span> <span class='ocrx_word' id='word_1_338' title='bbox 1067 4889 1223 4956; x_wconf 81' lang='lat' dir='ltr'>Ostorius</span> <span class='ocrx_word' id='word_1_339' title='bbox 1243 4890 1401 4969; x_wconf 87' lang='lat' dir='ltr'>Sabinus,</span> <span class='ocrx_word' id='word_1_340' title='bbox 1420 4893 1542 4962; x_wconf 80' lang='lat' dir='ltr'>Sorani</span> 
     </span>
     <span class='ocr_line' id='line_1_39' title="bbox 309 4997 1538 5090; baseline -0.003 -26"><span class='ocrx_word' id='word_1_341' title='bbox 309 5009 489 5082; x_wconf 82' lang='lat' dir='ltr'>accusator,</span> <span class='ocrx_word' id='word_1_342' title='bbox 520 5000 709 5090; x_wconf 85' lang='lat' dir='ltr'>ingreditur</span> <span class='ocrx_word' id='word_1_343' title='bbox 732 4999 930 5087; x_wconf 90' lang='lat' dir='ltr'>orditurque</span> <span class='ocrx_word' id='word_1_344' title='bbox 953 4997 1051 5076; x_wconf 88' lang='lat' dir='ltr'>de...,</span> <span class='ocrx_word' id='word_1_345' title='bbox 1078 4997 1235 5085; x_wconf 89' lang='lat' dir='ltr'>quodque</span> <span class='ocrx_word' id='word_1_346' title='bbox 1262 4998 1538 5085; x_wconf 89' lang='lat' dir='ltr'>proconsulatum</span> 
     </span>
    </p>
   </div>
   <div class='ocr_carea' id='block_1_3' title="bbox 369 5132 1448 5190">
    <p class='ocr_par' dir='ltr' id='par_1_3' title="bbox 369 5132 1448 5190">
     <span class='ocr_line' id='line_1_40' title="bbox 369 5132 1448 5190; baseline -0.006 -4"><span class='ocrx_word' id='word_1_347' title='bbox 369 5133 449 5190; x_wconf 64' lang='grc' dir='ltr'>[ἔκη’.</span> <span class='ocrx_word' id='word_1_348' title='bbox 464 5151 496 5185; x_wconf 86' lang='lat' dir='ltr'>rur</span> <span class='ocrx_word' id='word_1_349' title='bbox 513 5136 593 5186; x_wconf 70' lang='lat' dir='ltr'>Laos.</span> <span class='ocrx_word' id='word_1_350' title='bbox 612 5159 641 5173; x_wconf 90' lang='lat'><em>—</em></span> <span class='ocrx_word' id='word_1_351' title='bbox 661 5133 753 5183; x_wconf 78' lang='lat' dir='ltr'>Faria.</span> <span class='ocrx_word' id='word_1_352' title='bbox 1434 5132 1448 5179; x_wconf 72' lang='lat'>7</span> 
     </span>
    </p>
   </div>
   <div class='ocr_carea' id='block_1_4' title="bbox 0 0 1882 6228">
    <p class='ocr_par' dir='ltr' id='par_1_4' title="bbox 0 0 1882 6228">
     <span class='ocr_line' id='line_1_41' title="bbox 0 0 1882 6228; baseline 0 0"><span class='ocrx_word' id='word_1_353' title='bbox 0 0 1882 6228; x_wconf 95' lang='lat' dir='ltr'> </span> 
     </span>
    </p>
   </div>
  </div>
 </body>
</html>
