3709 6234
807 828 835 879 L.
856 827 1041 880 Annt'nnvs

331 969 530 1037 monibus...
554 970 727 1037 dixerat...
756 968 793 1033 L.
825 968 1027 1034 Arruntium
1044 991 1109 1034 non
1131 968 1309 1056 indignum
1325 968 1496 1060 (imperio)
1520 977 1564 1052 et,

333 1077 361 1142 si
378 1101 477 1144 casus
497 1077 645 1148 daretur,
663 1099 867 1142 ausurum...
892 1075 958 1139 Pro
984 1077 1147 1142 Arruntio
1170 1076 1307 1165 quidam
1327 1077 1388 1146 Cn.
1408 1077 1567 1142 Pisonem

333 1184 509 1253 tradidere.
524 1224 567 1235 -
585 1210 610 1254 ι.
625 1183 678 1274 76.
690 1183 870 1248 Tiberius.
906 1183 1091 1248 remedium
1112 1184 1288 1249 coercendi
1302 1185 1453 1249 fluminis
1467 1185 1566 1249 Ateio

332 1292 490 1381 Capitoni
517 1302 549 1358 et
580 1293 617 1358 l..
650 1292 813 1357 Arruntio
834 1290 1013 1376 (mandat).
1042 1329 1087 1342 -
1120 1317 1146 1362 ι.
1180 1315 1232 1380 79.
1249 1293 1375 1357 Actum
1391 1291 1513 1358 deinde
1532 1293 1566 1357 in

331 1408 451 1466 senatu
472 1399 513 1464 ab
534 1400 698 1465 Arruntio
714 1406 748 1464 et
764 1400 876 1466 Ateio.
894 1421 936 1463 an
966 1398 1008 1462 ab
1024 1398 1247 1464 moderandas
1268 1398 1398 1464 Tiberis
1415 1399 1566 1464 exunda-

330 1508 480 1573 tiones..
498 1546 541 1556 —
562 1506 593 1576 3.
617 1532 665 1571 ιι.
689 1507 759 1572 lteo
774 1505 852 1592 (Cn.
876 1506 1005 1592 Pisoni)
1022 1506 1079 1570 l..¹
1096 1507 1310 1586 Arruntium,
1329 1505 1368 1571 P.
1382 1505 1564 1580 Vinicium,

331 1615 489 1682 Asinium
509 1612 657 1680 Gallum.
675 1614 903 1678 Aeserninum
919 1612 1131 1680 Marcellum.
1143 1614 1221 1679 Sex.
1242 1613 1439 1701 Pompeium
1453 1620 1566 1702 patro-

331 1746 392 1788 nos
407 1721 537 1809 petenti
551 1721 659 1808 iisque
670 1719 801 1785 diversa
818 1718 1061 1785 excusantibus
1081 1772 1102 1787 ..
1123 1761 1161 1771 -
1179 1720 1210 1800 3,
1229 1720 1420 1787 31.Contra
1434 1720 1566 1807 (Domi-

330 1831 416 1896 tium
446 1827 687 1912 Corbulonem)
717 1828 909 1893 Mamercus
939 1828 1086 1892 Scaurus
1114 1835 1147 1892 et
1168 1828 1205 1894 L.
1231 1827 1416 1893 Arruntius
1443 1827 1566 1916 aliique

332 1937 446 2004 Sullae
462 1935 643 2024 propinqui
666 1934 873 1999 nitebantur.
900 1974 943 1984 —
958 1934 991 2004 6.
1009 1937 1039 2002 5.
1064 1935 1162 2000 Cotta
1185 1934 1431 2002 Messalinus...
1448 1936 1566 2021 argui·

331 2052 442 2114 tun...
476 2066 621 2132 querens
642 2094 663 2108 ..
695 2041 735 2106 de
764 2043 915 2128 potentia
945 2040 1004 2106 M'.
1037 2041 1153 2130 Lepidi
1185 2066 1224 2107 ac
1245 2041 1282 2109 L.
1303 2042 1472 2118 Arruntii,
1489 2065 1565 2107 cum

330 2152 452 2241 quibus
481 2151 524 2216 ob
552 2173 622 2214 rem
653 2150 880 2239 pecuniariam
897 2148 1120 2237 disceptabat.
1139 2149 1311 2216 addidisse
1334 2171 1341 2217 :
1364 2178 1380 2210 o
1398 2146 1480 2215 lllos
1494 2149 1565 2239 qui-

329 2259 407 2324 dem
427 2265 577 2328 senatus,
611 2281 663 2322 me
693 2265 806 2322 autem
837 2255 987 2321 tuebitur
1020 2255 1209 2322 Tiberiolus
1242 2280 1337 2322 meus
1362 2280 1391 2323 ιι.
1415 2294 1459 2307 -
1478 2255 1511 2338 6,
1531 2282 1562 2345 7.

329 2368 432 2433 Facta
462 2364 613 2454 patribus
634 2371 801 2453 potestate
831 2363 1003 2429 statuendi
1036 2363 1077 2428 de
1104 2364 1296 2429 Caeciliano
1322 2372 1492 2444 senatore,
1508 2364 1565 2453 qui

330 2473 473 2562 plurima
507 2473 687 2537 adversum
717 2473 851 2536 Cottam
879 2479 1103 2559 prompserat.
1130 2471 1290 2559 placitum
1321 2471 1475 2537 eamdem
1490 2494 1566 2560 poe-

330 2605 407 2645 nam
436 2580 594 2666 inrogari.
612 2602 714 2667 quam
741 2580 774 2642 in
805 2579 987 2643 Aruseium
1014 2587 1047 2643 et
1076 2579 1315 2667 Sanquinium,
1351 2585 1565 2644 accusatores

332 2689 369 2752 L.
388 2687 554 2764 Arruntii,
577 2710 643 2775 quo
661 2711 728 2752 non
749 2685 839 2750 aliud
861 2685 1137 2751 honorificentius
1166 2685 1287 2752 Cottae
1306 2686 1434 2761 evenit,
1461 2686 1560 2774 qui...

333 2795 559 2859 sanctissimis
580 2794 733 2858 Arruntii
766 2793 896 2858 artibus
921 2793 1087 2878 dignitate
1113 2793 1251 2858 ultionis
1277 2791 1497 2882 aequabatur.
1522 2831 1564 2842 -

330 2903 361 2978 6,
387 2927 439 2990 27·
483 2901 680 2966 llecitantur
713 2900 867 2965 Caesaris
901 2899 1045 2979 litterae,
1077 2901 1153 2988 quis
1187 2900 1362 2967 incusabat
1391 2901 1564 2988 egregium

330 3032 498 3098 quemque
519 3018 550 3074 ct
567 3008 724 3095 regendis
747 3006 951 3072 exercitibus
974 3007 1132 3072 idoneum
1162 3008 1309 3073 abnuere
1332 3008 1367 3073 id
1380 3030 1561 3082 munus...

330 3115 456 3182 oblitus
488 3117 703 3190 Arruntium,
740 3139 780 3179 ne
805 3116 838 3178 in
861 3114 1059 3203 Hispaniam
1089 3123 1256 3204 pergeret.
1287 3116 1469 3181 decumum
1498 3115 1563 3180 iam

329 3247 454 3289 annum
471 3224 617 3289 attineri.
636 3263 678 3271 —
697 3222 729 3290 6.
748 3226 797 3310 ty.
819 3220 1026 3288 Albucilla...
1054 3221 1203 3288 defertur
1220 3222 1405 3311 impietatis
1422 3222 1456 3287 in
1471 3222 1563 3310 prin-

328 3332 449 3420 cipem.
471 3328 744 3395 Conectebantur
765 3339 799 3394 ut
818 3329 944 3394 conscii
965 3336 997 3393 et
1026 3328 1170 3395 adulteri
1191 3331 1263 3396 eius
1292 3329 1355 3395 Cn.
1380 3329 1561 3408 Domitius,

333 3439 452 3503 t'ilrius
468 3439 611 3504 Marsus,
629 3438 666 3500 l..
685 3437 907 3502 Arruntius...
931 3434 1092 3502 Nullae...
1117 3437 1148 3501 in
1166 3439 1267 3525 (reos)
1282 3437 1496 3525 imperatoris
1510 3437 1564 3502 lit·

332 3558 421 3614 terae
435 3546 661 3632 suspicionem
677 3544 802 3610 dabant
832 3543 981 3608 invalido
1002 3567 1040 3609 ac
1060 3545 1145 3610 sorte
1164 3546 1283 3631 ignaro
1302 3543 1468 3632 (Tiberio)
1488 3545 1564 3610 ficta

328 3655 488 3745 pleraque
509 3651 551 3717 oli
578 3653 771 3718 inimicitias
796 3651 967 3715 Macronis
988 3660 1086 3716 notas
1106 3652 1139 3716 in
1157 3652 1370 3719 Arruntium.
1391 3691 1432 3702 -
1448 3653 1481 3732 6,
1508 3651 1561 3729 48.

331 3763 525 3830 Arruntius.
542 3761 792 3824 cunctationem
804 3769 835 3824 et
850 3782 961 3824 inuras
977 3759 1199 3824 suadentibus
1218 3759 1348 3840 amicis,
1363 3782 1432 3824 non
1447 3759 1562 3826 eadem

329 3868 485 3933 omnibus
505 3868 625 3931 deeora
641 3865 825 3952 respondit.
840 3866 903 3930 sibi
920 3868 1003 3932 satis
1017 3868 1179 3933 aetatis..
1200 3869 1412 3932 Documento
1423 3889 1564 3957 sequen·

330 3978 373 4041 tia
395 3984 491 4040 erunt
515 3975 599 4038 bene
616 3974 816 4036 Arruntium
837 3985 944 4040 morte
970 3998 1081 4039 usum.
1100 4014 1142 4022 —
1169 3998 1218 4052 rr,
1235 3974 1267 4039 6.
1288 4007 1301 4030 ιι
1327 3973 1564 4040 Meminissent

329 4084 451 4151 Asinii.
470 4081 637 4147 Messalae
654 4105 690 4143 ac
707 4081 932 4145 recentiorum
942 4081 1323 4146 ArruntiietAesernini
1342 4103 1349 4147 :
1371 4081 1415 4147 ad
1432 4107 1562 4150 summa

330 4200 507 4281 provectos
537 4190 729 4274 incorrupta
763 4187 831 4251 nita
857 4188 1332 4277 ettacuudia·=(l.oqniturC
1366 4189 1501 4278 Silius).
1522 4231 1564 4242 -

315 4467 323 4498 ¹
337 4461 363 4513 Ι
376 4479 382 4513 :
396 4465 422 4511 Τ.
438 4465 514 4513 Corn.
529 4465 623 4514 Faber.
641 4493 669 4502 —
683 4468 816 4516 Muretus.
826 4484 874 4529 pro
888 4469 914 4517 T.
932 4469 1097 4515 Arruntium
1111 4469 1264 4518 Fulnicinnr
1280 4470 1364 4532 (qnod
1382 4469 1499 4518 verbum
1509 4483 1566 4518 cor·

285 4548 388 4592 rectum
414 4551 453 4592 cst
477 4563 491 4593 a
519 4548 718 4594 recentioribus
738 4551 764 4594 tn
794 4549 826 4597 P.
854 4548 1000 4598 l'inicinrnr
1027 4547 1171 4610 legendnm
1195 4551 1345 4599 censebat:
1374 4550 1402 4598 Τ.
1426 4549 1563 4600 Arellium

285 4625 412 4680 Fuscum,
438 4626 560 4676 t'ncinnr.
591 4628 627 4674 ita
657 4633 684 4676 ut
718 4630 829 4676 tlneinnr
855 4644 1020 4690 praenomen
1040 4634 1111 4677 esset
1138 4629 1227 4678 Asinii
1247 4630 1329 4680 Galli.
1350 4648 1363 4674 ι
1392 4629 1421 4678 T.
1443 4629 1566 4679 Arellius

285 4707 390 4753 Fuscus
407 4712 493 4767 pater,
512 4708 609 4769 inqnit,
628 4713 653 4755 ct
670 4709 791 4756 eiusdem
812 4711 928 4756 nominis
944 4709 1025 4767 tllins,
1047 4711 1118 4757 inter
1130 4712 1237 4758 nobiles
1250 4711 1452 4759 declamatores
1467 4711 1566 4773 saepia·

287 4786 382 4832 airnca
402 4787 504 4834 Seneca
522 4803 546 4834 ιιι
568 4788 644 4835 lituis
660 4789 913 4837 tlomran-ersiarnm
931 4793 1114 4838 rrorrrinnntnr.
1134 4808 1147 4834 a
1161 4791 1201 4839 Cf.
1219 4792 1252 4838 ad
1271 4793 1383 4839 Asrxivx
1398 4791 1522 4853 (ἱιιιιιιι,
1536 4795 1563 4842 ut

287 4865 429 4926 intellegas
445 4869 635 4916 doctissimum
655 4871 741 4916 tirum
755 4887 844 4917 errare
864 4875 920 4918 tota
937 4873 989 4917 ria.
1010 4872 1042 4919 l'.
1054 4876 1193 4933 praeterea
1211 4871 1309 4920 llitteri
1327 4871 1415 4934 legem
1431 4873 1459 4920 in
1473 4877 1564 4922 nostr·

287 4946 461 4994 adnotatione
475 4950 507 4994 ad
525 4949 654 4996 Cxxrxrvn
672 4951 799 4998 llxnntu.
