3709 6234
842 866 925 917 NERO
1473 862 1525 915 477

288 1007 438 1072 exercitu
466 1007 594 1073 semina
621 1003 822 1087 discordiae,
858 1006 950 1095 quod
978 1014 1011 1071 et
1042 1005 1131 1071 bello
1153 1004 1316 1070 adversus
1350 1006 1526 1071 l'indieem

289 1114 472 1179 universus
486 1114 651 1192 adfuerat,
669 1136 731 1181 nec
747 1114 811 1179 nisi
827 1115 938 1178 occiso
955 1113 1089 1179 Nerone
1106 1113 1291 1178 translatus
1318 1113 1353 1178 in
1382 1112 1525 1178 Galbam

289 1229 392 1311 atque
407 1222 442 1287 in
466 1246 506 1287 co
522 1223 596 1313 ipso
617 1229 828 1288 sacramento
843 1221 979 1288 vexillis
1002 1221 1169 1286 inferioris
1201 1221 1402 1286 Germaniae
1431 1245 1525 1309 prae·

289 1338 412 1396 ventus
427 1338 510 1396 erat.
528 1367 572 1382 -
588 1329 613 1413 l,
638 1330 693 1394 65.
713 1331 867 1395 Veterem
894 1331 982 1395 inter
1004 1329 1250 1417 Lugdunenses
1274 1339 1305 1393 ct
1327 1330 1525 1395 Viennenses

289 1436 493 1503 discordiam
508 1438 699 1525 proximum
714 1436 840 1502 bellurn
856 1436 1066 1503 accenderat.
1085 1437 1213 1502 Multae
1229 1437 1263 1501 in
1278 1437 1387 1502 ricem
1397 1435 1521 1517 clades,

289 1542 441 1610 crebrius
453 1544 675 1634 infestiusque
692 1568 793 1634 quam
813 1553 851 1610 ut
872 1552 1003 1610 tantum
1019 1552 1157 1632 propter
1172 1544 1341 1609 Neronem
1365 1543 1524 1609 Galbam-

289 1675 355 1742 quc
376 1661 595 1740 pugnaretur.
611 1692 653 1702 —
671 1653 696 1732 l,
716 1677 770 1741 70.
788 1652 908 1717 Siliani
922 1653 1071 1740 (equites
1086 1675 1127 1717 ex
1148 1652 1318 1736 Africa)...
1342 1675 1361 1716 a
1377 1651 1522 1730 Nerone,

292 1767 331 1825 ut
363 1760 397 1824 in
413 1761 608 1847 Aegyptum
634 1760 942 1849 praemitterentur,
964 1759 1065 1824 exciti
1093 1767 1127 1824 et
1154 1759 1197 1824 ob
1224 1758 1350 1824 bellurn
1375 1759 1527 1824 Vindicis

289 1867 476 1933 revocati...
488 1906 528 1917 -
548 1868 573 1946 l,
592 1891 643 1955 7²·
659 1867 835 1954 ttplronius
851 1866 1081 1953 Tigellinus...
1100 1874 1258 1954 corrupto
1273 1866 1316 1930 ad
1333 1889 1432 1932 omne
1447 1865 1527 1931 laci-

290 1995 356 2037 nus
367 1973 687 2061 Nerone,quaedam
703 1975 820 2062 ignaro
833 1997 949 2054 ausus,
968 1997 1006 2038 ac
1022 1981 1193 2061 postremo
1208 1973 1359 2039 eiusdem
1375 1972 1527 2038 desertor

290 2080 517 2168 acproditor;
539 2080 629 2145 unde
649 2104 715 2145 non
745 2080 848 2145 alium
869 2081 1075 2168 pertinacius
1105 2081 1147 2146 ad
1177 2104 1320 2167 poenam
1353 2081 1527 2167 flagitave-

290 2195 382 2264 runt,
401 2187 535 2252 diverso
563 2188 708 2265 adfectu,
742 2188 865 2276 quibus
892 2188 1007 2252 odium
1039 2187 1182 2252 Neronis
1207 2189 1315 2253 inerat
1348 2196 1381 2253 et
1402 2187 1526 2276 quibus

291 2293 507 2359 desiderium.
529 2333 572 2344 -
601 2294 626 2372 l,
655 2295 708 2381 73.
737 2295 854 2358 Calvia
884 2294 1120 2382 Crispinilla...
1153 2295 1312 2381 magistra
1348 2293 1525 2359 libidinum

291 2399 461 2468 Neronis„
472 2454 491 2480 .,
510 2401 599 2488 apud
612 2401 768 2484 Galbam,
783 2402 965 2480 Othonem,
980 2400 1153 2466 l'itcllium
1172 2400 1526 2489 inlaesa,moxpotens

291 2509 433 2596 pecunia
449 2516 482 2573 et
501 2508 659 2576 orbitate.
674 2547 716 2558 —
735 2510 760 2593 l,
779 2508 831 2597 76.
855 2510 1020 2574 Crescens
1035 2508 1178 2573 Neronis
1193 2507 1345 2575 libertus.
1367 2547 1411 2558 -
1430 2510 1456 2584 l,
1470 2535 1523 2597 77.

293 2615 405 2680 Ceteri
420 2615 619 2681 consulatus
645 2640 687 2681 ex
708 2617 933 2681 destinatione
948 2615 1093 2681 Neronis
1108 2623 1165 2680 aut
1180 2615 1308 2681 Galbae
1333 2639 1524 2681 mansere...

293 2721 458 2788 llcdditus
479 2723 584 2788 Cadio
607 2724 707 2796 lluso,
736 2724 838 2788 Pedio
860 2723 991 2800 Blaeso,
1017 2724 1162 2788 Saevino
1190 2724 1311 2789 Pontio
1338 2725 1527 2789 senatorius

290 2828 397 2911 locus;
411 2832 673 2919 repetundarum
689 2831 887 2895 criminibus
900 2830 964 2896 sub
981 2831 1123 2896 Claudio
1133 2854 1171 2895 ac
1181 2830 1525 2896 Neronececiderant.

289 2975 333 2990 -
351 2939 376 3015 Ι,
394 2939 447 3028 78.
465 2938 622 3004 Creditus
637 2948 689 3004 est
702 2938 1064 3004 etiamdccelebranda
1091 2938 1234 3003 Neronis
1246 2939 1525 3026 memoriaagita-

292 3045 383 3111 visse
404 3047 521 3134 nitho)
534 3071 592 3135 spc
607 3046 748 3133 vulgum
767 3046 947 3111 alliciendi.
962 3047 1004 3111 lit
1025 3045 1117 3111 luere
1139 3046 1196 3134 qui
1208 3046 1373 3130 imagines
1385 3046 1527 3111 Neronis

290 3161 532 3241 proponerent:
564 3162 664 3241 atque
692 3155 793 3218 ctiam
814 3154 939 3218 tlthoni
959 3153 1162 3240 quibusdam
1186 3152 1304 3217 diebus
1329 3153 1474 3241 populus
1490 3162 1523 3218 et

291 3260 400 3332 miles.
422 3269 594 3349 tamquam
609 3260 818 3326 nobilitatem
837 3285 874 3325 ac
890 3261 992 3325 decus
1008 3260 1232 3333 adstruerent,
1258 3259 1383 3324 Neroni
1397 3260 1523 3324 tithoni

291 3367 507 3434 adclamavit.
535 3408 578 3417 —
606 3368 631 3446 l,
659 3371 712 3455 ⁸9·
745 3367 833 3433 Nero
865 3369 993 3433 nuntiis
1018 3368 1125 3454 magis
1151 3374 1184 3432 et
1213 3366 1404 3431 rumoribus
1425 3390 1526 3454 quam

291 3475 393 3540 arinis
408 3476 612 3563 depulsus..
635 3476 755 3561 patho)
779 3484 979 3563 aspernatus
999 3482 1052 3540 est
1071 3497 1204 3538 omnem
1216 3475 1465 3538 cunctationem
1491 3483 1526 3538 ut

294 3581 418 3647 Neroni
442 3607 575 3671 quoque
605 3583 793 3647 exitiosam.
821 3623 863 3631 —
890 3583 932 3650 ll.
963 3583 995 3646 5.
1022 3582 1267 3669 (Vespasianus
1286 3589 1318 3645 et
1335 3581 1526 3667 Mucianus)

295 3690 420 3754 invidia
441 3690 625 3760 discordes,
648 3692 740 3756 exitu
756 3691 892 3755 demum
918 3690 1062 3754 Neronis
1087 3689 1206 3777 positis
1221 3688 1306 3753 odiis
1327 3689 1360 3752 in
1377 3687 1527 3752 medium
1614 3763 1618 3770 1

293 3798 534 3864 consuluere...
558 3836 601 3847 -
616 3797 657 3864 ll.
678 3799 709 3863 8.
732 3798 802 3863 Sub
817 3797 905 3862 idem
928 3805 1061 3884 tempus
1078 3796 1207 3860 Achaia
1224 3804 1324 3883 atque
1339 3796 1421 3860 Asia
1442 3795 1527 3859 falso

294 3906 486 3976 exterritae,
504 3904 597 3969 velut
617 3905 704 3969 Nero
723 3905 933 3974 adventaret.
951 3905 1044 3968 vario
1065 3927 1166 3991 super
1188 3903 1281 3968 exitu
1302 3902 1374 3967 eius
1395 3926 1529 3968 rumore.

294 4035 400 4100 eoque
420 4012 573 4100 pluribus
590 4012 701 4077 vivere
718 4036 794 4076 etum
814 4011 1022 4098 lingentibus
1042 4009 1324 4097 credentibusque
1345 4062 1366 4075 ..
1384 4049 1423 4058 —
1440 4010 1526 4098 ll.9.

295 4119 364 4184 Nec
384 4119 519 4184 defuere
535 4120 592 4208 qui
615 4120 814 4184 trierarchos
839 4120 974 4183 nomine
995 4118 1139 4182 Neronis
1159 4118 1379 4182 accirent-
1402 4117 1444 4196 ll,
1477 4143 1525 4182 ro.

299 4227 449 4292 Annium
485 4228 645 4292 Faustum
673 4229 839 4314 equestris
876 4227 1015 4304 ordinis,
1047 4226 1104 4314 qui
1144 4223 1351 4312 temporibus
1387 4225 1529 4289 Neronis

295 4333 482 4399 delationes
497 4334 721 4399 factitaverat.
743 4334 846 4412 -ΙΙ,
870 4358 917 4399 ιι.
938 4331 1126 4397 ,addiderat
1145 4331 1286 4419 gloriam
1304 4331 1391 4396 Nero
1411 4333 1528 4420 (quar-

297 4440 531 4525 tadecimanis)
569 4440 724 4526 eligendo
763 4449 798 4505 ut
846 4441 1052 4528 potissimos.
1089 4438 1178 4503 unde
1210 4437 1310 4524 longa
1348 4438 1416 4502 illis
1448 4463 1528 4526 erga

296 4548 462 4614 Neronem
481 4547 563 4612 fides
579 4556 611 4612 et
625 4556 733 4613 erecta
756 4549 787 4613 in
812 4549 981 4612 tltlrouem
1004 4546 1127 4613 studia.
1155 4582 1199 4597 -
1223 4545 1266 4626 ll,
1289 4569 1343 4634 27.
1364 4545 1528 4612 Cohortes

296 4656 511 4730 batavorum,
539 4679 622 4742 quas
644 4654 733 4719 bello
760 4655 901 4720 Neronis
916 4679 936 4719 a
954 4662 1073 4743 quarta
1091 4654 1219 4718 decima
1234 4652 1366 4740 legione
1398 4653 1527 4738 digres-

295 4787 361 4844 sas,
395 4787 470 4830 cum
494 4764 701 4827 llritanniam
736 4771 899 4850 peterent.
931 4763 1046 4828 audito
1076 4760 1203 4826 l'itellii
1223 4770 1317 4826 motu
1339 4760 1371 4825 in
1391 4761 1528 4826 civitate

296 4871 485 4958 Lingonum
517 4870 620 4934 Fabio
653 4869 785 4934 l'alenti
815 4871 991 4936 adiunctas
1029 4869 1232 4937 rettulimus.
1276 4867 1417 4957 superbe
1453 4892 1529 4956 age·

296 4978 433 5058 bant...‚
479 4979 642 5044 coercitos
683 5000 701 5041 a
746 5002 781 5043 se
823 4978 1152 5067 quartadecimanos,
1200 4974 1348 5041 ablatam
1402 4974 1528 5041 Neroni
