3709 6234
288 809 340 865 128
857 809 992 864 atteret

332 960 366 1018 et
380 952 509 1018 Licinio
526 952 697 1040 Proculo),
722 952 805 1017 adeo
829 953 996 1040 imperite,
1016 962 1052 1019 ut
1069 975 1274 1042 quamquam
1295 975 1399 1019 verno
1414 960 1568 1043 tempore

332 1062 412 1126 anni
431 1069 464 1126 et
481 1068 530 1126 tot
545 1062 671 1126 circum
688 1059 844 1125 amnibus
861 1060 999 1148 penuria
1015 1083 1122 1150 aquae
1141 1060 1376 1148 fatigarentur.
1389 1099 1427 1111 —-
1447 1061 1490 1128 ll.
1510 1064 1566 1139 44.

332 1167 374 1233 Et
403 1169 513 1234 media
551 1169 621 1233 acie
657 1175 817 1256 perrupta
849 1167 964 1254 lugere
993 1168 1120 1255 passim
1150 1167 1333 1234 Othoniani
1367 1168 1569 1235 Bedriacum

330 1283 525 1362 petentes...
550 1275 786 1341 Praetorianus
811 1273 951 1341 miles...
973 1275 1155 1341 tremebat:
1179 1298 1378 1363 ...magnam
1398 1277 1569 1342 exercitus

330 1382 544 1469 (Othoniani)
576 1390 706 1471 partem
733 1381 886 1447 Bedriaci
918 1382 1223 1447 renransisse...-
1244 1381 1288 1460 ll,
1307 1382 1360 1460 45.
1387 1383 1434 1448 At
1456 1382 1569 1448 Vitel-

330 1489 440 1555 lianus
460 1490 627 1555 exercitus
661 1490 703 1554 ad
734 1490 891 1577 quintum
910 1512 928 1554 a
950 1488 1111 1554 Bedriaco
1132 1489 1279 1577 lapidem
1310 1490 1569 1557 consedit...—

333 1596 375 1678 ΙΙ,
399 1601 453 1688 49.
482 1597 627 1676 Quidam
656 1597 803 1662 militum
822 1597 917 1661 iuxta
947 1620 1067 1683 rogum
1090 1595 1234 1662 Othonis
1262 1597 1458 1663 interfecere
1484 1621 1565 1664 se...

330 1704 1038 1793 caritateprincipis.Acposteapromiscue
1049 1703 1412 1783 Bedriaci,Placentiae
1423 1704 1569 1794 aliisque

330 1813 363 1877 in
384 1812 503 1878 castris
516 1811 722 1878 celebratum
743 1812 775 1875 id
790 1835 897 1898 genus
923 1812 1053 1876 mortis.
1069 1849 1107 1861 -
1124 1809 1167 1892 ΙΙ,
1183 1814 1236 1876 50.
1254 1811 1317 1877 Die
1331 1834 1398 1900 quo
1414 1810 1568 1876 Bedriaci

332 1919 563 1987 certabatur...
583 1954 619 1968 -
649 1919 692 1996 ΙΙ,
712 1922 765 2008 57.
784 1918 983 1985 Vitellius..
1002 1941 1186 2006 paucorum
1203 1918 1335 1983 dierum
1354 1920 1417 1984 iter
1431 1919 1464 2007 (a
1480 1920 1568 1985 Ger-

331 2028 458 2115 mania)
472 2051 672 2117 progressus
686 2050 863 2116 prosperas
876 2017 967 2114 apud
978 2026 1176 2091 Bedriacum
1193 2049 1291 2092 resae
1302 2033 1410 2092 morte
1421 2026 1569 2092 Othonis

329 2136 517 2203 concidisse
532 2134 659 2202 bellum
675 2135 813 2223 accepit.
827 2174 869 2184 —
885 2134 945 2201 ΙΙΙ.
970 2133 1018 2200 15.
1035 2135 1225 2220 (Antonius
1240 2134 1388 2221 Primus)
1408 2134 1569 2200 universo

330 2269 406 2310 curn
426 2244 576 2310 exercitu
593 2242 750 2308 secundis
765 2266 783 2308 a
804 2242 938 2308 Verona
953 2242 1072 2307 castris
1087 2242 1285 2307 Bedriacum
1302 2243 1406 2308 venit.
1424 2242 1567 2308 Postero

330 2353 426 2419 die...
444 2353 515 2439 ipse
530 2375 608 2417 cum
623 2358 783 2440 quattuor
798 2348 936 2415 milmus
952 2350 1105 2439 equitum
1128 2349 1171 2414 ad
1190 2357 1348 2416 octavum
1368 2373 1387 2415 a
1404 2349 1568 2416 Bedriaco

331 2482 571 2548 progressus...
593 2498 636 2507 -
667 2457 727 2537 ΙΙΙ,
760 2481 812 2522 ao.
844 2457 1031 2543 (Antonius
1062 2456 1211 2543 Primus)
1245 2455 1334 2522 lixas
1363 2455 1567 2545 calonesque

330 2590 406 2631 cum
438 2566 681 2631 recentissimis
705 2565 857 2654 equitum
885 2563 1085 2629 Bedriacum
1105 2564 1221 2643 mittit,
1250 2565 1364 2652 copias
1382 2572 1564 2652 ceteraque

331 2675 407 2740 usui
432 2674 617 2740 adlaturos.
638 2712 680 2726 -
706 2671 764 2747 ΙΙΙ,
795 2672 847 2736 26.
874 2672 934 2737 Sin
960 2671 1162 2737 Bedriacum
1196 2671 1344 2737 redirent
1366 2671 1564 2761 (Flaviani),

331 2780 562 2848 intolerandus
576 2789 646 2846 tarn
662 2780 755 2867 longi
769 2779 900 2844 itineris
915 2778 1024 2858 labor,
1041 2787 1075 2844 et
1086 2778 1227 2845 victoria
1243 2778 1286 2844 ad
1301 2779 1441 2845 inritum
1454 2778 1567 2844 revol-

329 2888 481 2955 vebatur.
495 2926 540 2939 -
562 2887 620 2966 ΙΙΙ,
633 2889 684 2952 31.
703 2887 814 2954 Subiit
829 2886 1019 2953 recordatio
1029 2885 1107 2952 illos
1118 2909 1204 2965 esse,
1220 2887 1278 2976 qui
1289 2909 1397 2976 nuper
1414 2885 1567 2952 Bedriaci

329 2998 490 3062 victoriae
507 3004 765 3084 temperassent.

287 3105 479 3171 BELenE.
498 3144 540 3154 -
561 3130 587 3182 ι,
606 3104 932 3180 34.(]εηηαηίοιιε...
951 3104 1128 3191 Sequanos
1140 3102 1315 3190 proximos
1331 3111 1364 3169 et
1384 3102 1566 3190 Belgarum

332 3214 486 3278 civitates
506 3214 540 3278 in
565 3212 666 3278 verba
682 3210 834 3300 (Tiberii)
857 3211 975 3297 adigit.
993 3250 1037 3260 —
1062 3237 1089 3286 ι,
1107 3211 1161 3288 43.
1179 3209 1329 3299 «Neque
1353 3210 1444 3276 enim
1465 3210 1500 3274 di
1520 3210 1566 3275 si-

331 3329 425 3401 nant,
442 3329 480 3386 ut
496 3320 675 3406 Belgarum
684 3341 889 3407 quamquam
906 3318 1119 3383 oll'erentiunr
1135 3317 1237 3383 decus
1251 3317 1342 3383 istud
1352 3326 1387 3384 et
1399 3316 1566 3383 claritudo

331 3428 386 3500 sit,
412 3427 612 3492 subvenisse
632 3426 785 3491 ltomano
808 3425 948 3504 nomini,
971 3425 1212 3514 compressisse
1233 3425 1434 3490 Germaniae
1451 3447 1565 3513 popu·

331 3535 394 3600 los.
421 3560 437 3599 a
463 3573 502 3581 -
518 3536 549 3614 3,
580 3536 629 3610 lo.
662 3532 879 3620 Componunt
904 3532 1026 3596 Florus
1051 3531 1186 3621 BelgaS,
1215 3532 1372 3597 Sacrovir
1390 3533 1566 3621 propiores

330 3642 448 3707 Gallos
467 3641 652 3707 concire-
674 3639 731 3719 ll',
753 3665 789 3728 ¹7
817 3639 940 3725 (Verba
956 3639 1036 3703 lacit
1050 3638 1138 3727 apud
1165 3637 1283 3705 Gallos
1311 3638 1419 3704 lulius
1433 3638 1566 3724 Civilis)

332 3776 347 3811 a
368 3749 417 3815 Ne
438 3749 589 3815 Vindicis
609 3747 714 3813 aciem
734 3747 924 3832 cogitarent
939 3769 946 3812 ε
1023 3746 1128 3811 luisse
1154 3746 1242 3812 inter
1258 3746 1411 3832 Verginii
1439 3745 1563 3812 auxilia

333 3856 496 3940 Belgas...
525 3881 541 3920 a
566 3895 610 3904 -
625 3853 682 3931 IV,
711 3878 762 3920 ao.
790 3854 865 3918 Tria
886 3852 978 3917 milia
998 3853 1260 3939 legionariorum
1276 3862 1310 3918 et
1325 3853 1563 3920 tumultuariae

332 3962 511 4048 Belgarum
519 3962 684 4026 cohortes.
695 4010 713 4024 ..
730 3960 876 4025 Batavos
892 3983 1032 4025 numero
1046 3960 1192 4048 impares
1215 3959 1560 4049 (circumfundunt)...

331 4068 540 4135 Cedentibus
562 4067 674 4155 Belgis
688 4066 823 4155 pellitur
834 4067 934 4154 legio,
953 4074 986 4132 et
1000 4066 1127 4132 vallum
1141 4076 1323 4157 portasque
1339 4067 1460 4157 trepidi
1470 4076 1563 4156 pete·

331 4176 424 4241 bant.
441 4214 483 4226 -
501 4176 558 4254 lV,
575 4175 629 4263 37.
647 4174 774 4239 l'itellii
789 4183 902 4240 tamen
922 4174 1088 4260 imagines
1099 4175 1133 4239 iu
1145 4175 1265 4240 castris
1277 4183 1311 4241 et
1322 4198 1381 4263 per
1392 4176 1563 4263 proximae

331 4284 510 4371 Belgarum
526 4282 679 4348 civitates
693 4282 871 4369 repositae,
885 4304 962 4347 curn
976 4283 1043 4345 iarn
1065 4281 1222 4347 l'itellius
1236 4282 1426 4348 occidisset.
1445 4318 1487 4333 -
1503 4282 1560 4364 lv,

331 4415 384 4478 7⁰·
409 4390 545 4475 (lulius)
565 4388 684 4453 Civilis
704 4388 777 4453 avia
797 4388 980 4476 Belgarum
1010 4387 1248 4455 circumibat...
1266 4426 1307 4437 -
1327 4388 1384 4468 lv,
1409 4413 1462 4477 7¹·
1481 4388 1564 4454 Pars

329 4498 521 4583 equiturn...
541 4494 770 4560 nobilissimos
785 4495 978 4580 Belgarum,
998 4496 1119 4584 inquis
1134 4495 1252 4560 ducem
1274 4495 1425 4582 (lulium)
1438 4494 1564 4561 Valen-

331 4604 607 4691 tinum,cepit.-
625 4603 681 4679 lv,
700 4602 752 4690 76.
768 4601 886 4666 Civilis
902 4601 1090 4691 (censebat)
1107 4602 1329 4690 opperiendas
1337 4602 1564 4668 Transrhena-

330 4734 450 4775 norum
469 4718 628 4797 gentes..
646 4709 765 4775 Gallos
780 4710 861 4798 quid
881 4709 974 4774 aliud
994 4733 1096 4797 quam
1116 4708 1276 4797 praedam
1291 4708 1476 4776 victoribus
1490 4710 1507 4775 ‘l
1521 4707 1563 4776 Et

330 4827 455 4897 tamen,
472 4818 563 4906 quod
579 4817 708 4883 roboris
721 4818 778 4894 sit,
792 4816 926 4903 Belgas,
945 4839 1058 4881 secum
1075 4815 1187 4905 palam
1202 4825 1261 4883 aut
1274 4824 1354 4883 voto
1369 4825 1471 4885 stare.

286 4925 494 4991 BBLGltl-l.
506 4966 542 4974 -
563 4928 611 5005 ra,
622 4925 675 4992 53.
690 4926 808 4990 Aelius
821 4925 966 4990 Gracilis
981 4925 1136 5012 Belgicae
1150 4924 1295 5012 legatus.
1305 4966 1342 4976 -
1355 4924 1381 5008 Ι,
1396 4950 1445 4994 ra.
1461 4926 1563 4992 Pom·
