3709 6234
285 837 340 893 576
883 841 975 895 ROMA

333 982 365 1066 6,
392 981 446 1048 31.
477 982 633 1069 (Nobiles
659 983 793 1070 Parthi)
820 982 989 1048 Phraaten
1017 982 1108 1069 regis
1129 981 1285 1049 Phraatis
1323 981 1430 1048 filium
1460 980 1573 1048 Roma

328 1090 525 1179 poscebant.
541 1130 582 1140 —
598 1090 630 1173 6,
648 1093 702 1180 47.
717 1090 856 1156 Interim
878 1091 1007 1155 llomae
1028 1089 1150 1186 futuris
1177 1090 1278 1156 etiam
1298 1099 1377 1179 post
1400 1089 1575 1156 Tiberium

333 1197 492 1263 caedibus
507 1197 880 1265 semina'iaciehantur.
914 1236 956 1251 ·-
977 1223 1026 1279 rr,
1056 1191 1107 1264 rr}
1138 1199 1249 1265 Isdem
1273 1198 1468 1264 consulibus
1499 1197 1575 1264 ludi
1660 1263 1663 1268 ,

334 1305 522 1371 saeculares
538 1306 819 1394 octingentesimo
833 1314 910 1395 post
924 1306 1068 1371 Romam
1084 1306 1297 1375 conditam...
1320 1307 1461 1395 spectati
1475 1313 1571 1388 sunt,

338 1437 441 1492 -ιι,
463 1412 511 1478 ι6.
526 1413 653 1479 Eodem
667 1437 754 1479 anno
775 1413 1025 1480 Cheruscorum
1041 1437 1125 1502 gens
1148 1438 1262 1502 regem
1278 1415 1387 1480 Roma
1406 1414 1570 1501 petivit...

334 1519 498 1586 Caesar...
515 1520 701 1609 (Italicum)
717 1520 927 1601 hortatur...‚
941 1521 1038 1586 illum
1051 1522 1198 1609 primum
1215 1522 1343 1588 llomae
1368 1531 1480 1588 ortum
1503 1544 1573 1586 non

330 1625 495 1706 obsidem,
511 1628 571 1693 sed
586 1629 708 1706 civem,
730 1629 778 1695 ire
791 1636 971 1695 externum
993 1628 1036 1694 ad
1051 1630 1242 1717 imperium.
1255 1667 1300 1680 -
1322 1654 1372 1705 ιι,
1392 1653 1444 1695 22.
1473 1627 1568 1694 lnte-

332 1757 388 1799 rea
406 1735 589 1816 Romae...
614 1737 677 1803 Cn.
701 1736 831 1802 Nonius
846 1759 950 1824 eques
967 1738 1140 1802 llomanus
1165 1737 1252 1802 ferro
1280 1736 1451 1802 accinctus
1475 1759 1573 1824 repe-

332 1841 418 1906 ritur
436 1843 470 1906 in
494 1851 592 1909 coetu
621 1843 830 1910 salutantum
846 1845 1076 1932 principem...
1094 1843 1324 1909 Gliscentibus
1344 1844 1488 1931 negotiis
1502 1842 1572 1908 duo

333 1952 559 2038 (quaestores)
571 1950 691 2031 additi,
713 1952 771 2040 qui
788 1953 915 2017 ltomac
930 1959 1097 2017 curarent.
1115 1990 1158 2000 -
1177 1975 1226 2031 ra,
1250 1953 1298 2028 ιά.
1318 1951 1502 2039 Cognitum
1521 1958 1575 2016 cst

332 2055 493 2122 barbaros
517 2057 617 2123 malle
654 2060 762 2124 lloma
792 2067 904 2146 petere
943 2081 1040 2145 reges
1072 2081 1174 2146 quam
1208 2057 1342 2124 hahere.
1367 2095 1412 2108 -
1435 2080 1484 2137 ιιι,
1514 2082 1570 2123 ar.

333 2162 489 2229 Traditus
509 2166 650 2252 posthac
671 2165 886 2232 Mithridates
904 2172 1090 2253 vectusque
1106 2165 1250 2230 llomam
1270 2218 1291 2231 ..
1312 2202 1358 2215 -
1377 2187 1427 2242 ια,
1446 2163 1499 2229 36.
1520 2164 1573 2230 Nc

335 2272 461 2336 ltomae
477 2273 614 2361 quidem
635 2273 783 2361 ignobile
795 2273 949 2339 Carataci
969 2295 1091 2337 nomen
1108 2279 1191 2338 erat.
1214 2311 1257 2320 -
1277 2272 1327 2351 13,
1354 2274 1409 2349 42.
1429 2271 1573 2359 (Loqui-

333 2380 452 2466 turP.)
482 2380 667 2447 Suillius...
699 2381 863 2447 Senecam
892 2381 1095 2467 increpans:
1115 2408 1131 2438 «
1158 2381 1347 2456 ...nomae
1365 2386 1572 2444 testamenta

332 2494 365 2552 et
384 2486 484 2552 orbos
498 2488 591 2554 velut
604 2488 764 2576 indagine
775 2488 847 2553 eius
862 2488 949 2576 capi.
968 2515 983 2548 ιι
999 2526 1042 2536 -
1062 2487 1111 2567 ι3,
1134 2486 1319 2552 51.Edixit
1338 2486 1453 2575 (Nero)
1482 2493 1521 2551 ut
1542 2538 1565 2553 ..

333 2595 459 2661 llomae
471 2603 616 2683 praetor,
629 2619 688 2684 per
702 2596 893 2683 provincias
904 2596 962 2683 qui
979 2575 1204 2683 propraetore
1222 2593 1428 2659 autconsule
1437 2602 1566 2673 essent,

330 2702 402 2766 iura
424 2703 588 2768 adversus
601 2702 800 2791 publicanos
820 2712 916 2768 extra
942 2703 1096 2767 ordinem
1111 2701 1332 2769 redderent...
1350 2741 1393 2751 -
1423 2700 1471 2783 13,
1504 2703 1559 2779 54.

331 2810 501 2897 (Verritus
514 2820 547 2876 et
562 2811 708 2876 Malorix
721 2810 824 2876 duces
841 2811 1040 2898 Frisiorum)
1057 2810 1211 2898 profecti.
1235 2863 1241 2876 .
1266 2810 1420 2875 llomam.
1443 2846 1484 2859 -
1515 2810 1567 2888 a),

335 2943 386 2985 20.
412 2917 670 3007 Quinquennale
711 2918 879 2983 ludicrum
908 2919 1034 2983 llomae
1064 2918 1257 2983 institutum
1290 2916 1408 2982 estad
1436 2939 1570 2981 morem

332 3026 450 3091 Graeci
467 3028 672 3094 certaniinis.
685 3065 728 3074 -
748 3029 865 3104 1421.
885 3054 900 3086 «
932 3025 1001 3090 Nec
1028 3049 1234 3114 quemquam
1266 3026 1393 3089 llomac
1420 3024 1567 3089 honesto

333 3133 407 3198 loco
422 3143 533 3199 ortum
553 3133 595 3198 ad
611 3134 792 3200 theatrales
808 3141 897 3199 artes
919 3132 1191 3220 degeneravisse,
1209 3132 1363 3197 ducentis
1384 3131 1450 3196 iam
1465 3130 1569 3194 annis

333 3241 401 3306 aL.
419 3241 573 3306 lllummii
586 3241 797 3328 triumpho...
816 3270 831 3302 ι)
847 3280 886 3291 -
899 3245 950 3324 el,
963 3242 1017 3317 rto.
1031 3240 1160 3305 Eodem
1176 3263 1265 3305 anno
1283 3240 1410 3304 llomae
1421 3238 1571 3324 insignia

334 3348 487 3415 scelera..
519 3350 667 3413 admissa
684 3357 774 3414 sunt.
789 3386 831 3398 —
857 3349 908 3425 15,
932 3348 980 3414 ι8.
996 3351 1042 3413 ht
1059 3349 1185 3411 llomae
1204 3356 1341 3434 tropaea
1357 3347 1398 3410 de
1432 3345 1571 3410 Parthis

333 3481 497 3544 arcusque
518 3457 627 3520 medio
644 3456 827 3544 Capitolini
840 3455 1248 3520 nrontissistebantur.—
1267 3452 1571 3538 15,e8.(Tiridates

331 3565 501 3651 pollicitus
517 3571 568 3628 est
592 3565 642 3650 sc)
667 3564 834 3627 iturum...
859 3565 1001 3627 ltornam
1022 3616 1043 3628 ..
1067 3598 1111 3611 -
1139 3565 1187 3638 15,
1211 3564 1262 3627 31.
1288 3562 1522 3649 (l'ologaeses)
1550 3584 1571 3624 a

332 3671 523 3735 Corbulone
531 3673 682 3758 petierat.
700 3674 793 3757 ...(ut
809 3671 963 3752 Tiridati)
987 3679 1144 3745 tantus..¹
1165 3671 1304 3747 ltomae,
1322 3676 1468 3756 quantus
1488 3691 1571 3732 con-

331 3779 474 3846 sulibus.
500 3781 780 3842 honorasset-
798 3779 849 3855 15,
864 3779 917 3844 33.
936 3780 1075 3842 Acriore
1093 3779 1126 3841 in
1145 3778 1216 3841 dies
1232 3778 1388 3864 cupidine
1408 3775 1571 3860 adigeba-

333 3895 386 3950 tur
406 3886 493 3949 Nero
515 3886 723 3972 promiscuas
743 3909 883 3949 scaenas
910 3886 1187 3973 frequentandi...
1209 3885 1281 3948 Non
1304 3894 1416 3947 tamen
1441 3882 1570 3946 llomae

333 3994 478 4080 incipero
494 4017 636 4058 ausus...
656 4033 697 4041 ——
720 3993 768 4071 15,
788 3994 841 4057 38.
866 3994 961 4057 Artis
980 3992 1156 4057 itineribus
1167 3992 1297 4078 hucque
1314 3999 1347 4055 et
1367 3990 1446 4054 illuc
1471 3990 1570 4054 {lexis

333 4108 433 4188 atque
462 4099 656 4163 enormibus
682 4101 776 4178 vicis,
801 4099 911 4188 qualis
945 4109 1042 4164 vetus
1072 4101 1180 4164 lloma
1205 4100 1279 4164 luit.
1308 4136 1349 4146 -
1372 4097 1419 4172 15,
1447 4099 1500 4173 lo.
1531 4096 1569 4161 ln

1370 4213 1374 4221 ι

332 4210 486 4293 regiones
507 4208 775 4294 quattuordecim
808 4207 913 4271 lloma
939 4206 1114 4272 dividitur.
1142 4246 1184 4255 -
1223 4206 1273 4278 iti,
1311 4231 1335 4268 ι.
1367 4203 1569 4292 (Caesellius

334 4317 515 4400 Bassus)...
532 4315 661 4401 origine
688 4315 878 4387 l'oenus...,
896 4324 1056 4380 vectus..
1077 4315 1261 4378 ltomanr...
1280 4351 1322 4362 -
1339 4311 1365 4388 l,
1388 4316 1419 4388 ά.
1456 4311 1569 4375 Evul-

333 4432 411 4508 gato
423 4423 553 4509 imperii
569 4446 703 4489 arcano.
723 4447 821 4510 posse
849 4423 1035 4510 principem
1060 4422 1140 4486 alibi
1154 4446 1255 4510 quarn
1272 4423 1399 4485 Itomae
1424 4420 1508 4484 lieri.
1526 4458 1571 4468 -

333 4532 359 4605 l,
392 4533 424 4596 8.
467 4532 509 4594 llt
534 4530 587 4593 hic
612 4530 750 4617 quidem
776 4532 914 4610 llonrae,
955 4539 1126 4618 tamquam
1158 4531 1190 4593 in
1217 4537 1311 4593 tanta
1338 4526 1569 4607 multitudine,

333 4639 468 4704 habitus
492 4639 681 4702 animorum
703 4639 777 4705 luit.
800 4679 839 4687 —
858 4639 884 4718 l,
915 4664 970 4728 79.
989 4639 1175 4726 Postquain
1196 4638 1229 4700 id
1255 4639 1383 4701 llornae
1414 4659 1569 4722 comper-

332 4755 444 4811 turn...
475 4783 518 4793 -
545 4744 586 4816 ll.
617 4772 648 4832 9.
677 4745 785 4832 Caput
812 4744 902 4832 (salsi
923 4746 1125 4830 Neronis)...
1158 4746 1191 4808 in
1210 4744 1327 4808 Asiam
1361 4751 1461 4830 atque
1491 4742 1571 4807 inde

332 4855 475 4918 llornanr
508 4861 703 4939 pervectum
727 4860 786 4918 est.
803 4891 845 4900 —
863 4851 905 4924 ll,
925 4852 979 4916 55.
1003 4854 1050 4916 at
1072 4853 1199 4916 llomae
1229 4851 1314 4914 nihil
1332 4849 1570 4936 trepidationis

330 4961 460 5046 (audita
480 4960 623 5024 Othonis
644 4959 778 5044 morte).
800 4999 842 5009 —
859 4957 919 5036 lll,
946 4959 998 5023 56.
1029 4958 1202 5045 (Vitellius
1228 4958 1397 5042 Mevania)
1424 4957 1568 5022 llomam
