3709 6234
715 853 896 915 QVllf'l'lLlVS
927 854 1031 905 VARVS
1461 852 1514 906 565

234 991 590 1071 QVINTILIANVS¹.
607 1033 650 1043 —
670 994 761 1065 (Lis.
782 994 938 1060 Relatum
955 993 1032 1059 inde
1048 993 1091 1059 ad
1108 1002 1222 1083 patres
1242 1019 1260 1060 a
1281 994 1512 1074 Quintilian0‘2

278 1099 413 1165 tribuno
434 1099 544 1189 plebei
566 1101 607 1166 de
631 1101 717 1166 libro
747 1102 910 1180 Sibullae,
935 1124 1036 1190 quem
1052 1101 1214 1167 Caninius
1229 1101 1390 1169 Gallus...
1408 1104 1511 1192 recipi

277 1208 365 1272 inter
384 1217 513 1274 eeteros
528 1208 676 1274 eiusdem
693 1210 781 1275 vatis
798 1217 884 1276 etea
899 1209 995 1275 dere
1016 1218 1155 1275 senatus
1178 1210 1371 1276 consultum
1393 1220 1511 1299 postu-

277 1313 416 1380 laverat.

232 1418 490 1499 QVlNTlLlVS
506 1424 673 1502 VAllVS,
689 1424 853 1499 VARVS,
883 1425 1035 1491 VARVS
1067 1424 1510 1511 Qt'1NT1L1VS³(A)-

280 1553 308 1606 1,
324 1529 355 1594 3.
379 1529 511 1595 Bellum
528 1531 702 1620 (extremis
718 1533 865 1619 Augusti
881 1533 1106 1621 temporibus)
1117 1532 1249 1598 nullum
1265 1533 1331 1599 nisi
1347 1532 1510 1598 adversus

276 1636 464 1702 Germanos
483 1648 667 1726 supererat,
686 1638 871 1706 abolendae
887 1641 995 1728 magis
1011 1640 1167 1706 infamiae
1191 1639 1234 1705 ob
1250 1641 1411 1706 amissum
1431 1663 1508 1705 cum

275 1742 439 1823 Quintilio
454 1745 542 1810 Varo
559 1746 756 1823 exereitum,
774 1771 919 1836 quam...
940 1787 980 1798 -
1002 1773 1028 1829 1,
1049 1747 1104 1825 43.
1123 1775 1139 1808 a
1163 1748 1346 1833 Legissetis
1372 1747 1505 1828 ducem,

275 1852 333 1938 qui
344 1875 453 1918 meam
467 1852 602 1941 quidem
618 1863 760 1920 mortem
771 1856 973 1943 impunitam
995 1855 1132 1930 sineret,
1149 1854 1230 1919 Vari
1239 1855 1508 1920 tamenettrium

275 1958 446 2046 legionum
462 1960 706 2027 ulcisceretur»
724 1963 904 2052 (Loquitur
923 1963 1171 2051 Germanicus).
1185 2000 1229 2013 -
1246 1962 1337 2043 1‚55.
1348 1961 1508 2050 Segestes

274 2068 384 2154 parari
399 2068 617 2135 rebellionem
634 2093 733 2156 saepe
755 2069 839 2136 alias
858 2077 892 2136 et
907 2093 1065 2158 supremo
1086 2070 1254 2150 convivio,
1271 2078 1348 2158 post
1367 2071 1457 2159 quod
1474 2071 1506 2135 in

274 2198 366 2238 arma
387 2177 482 2252 itum,
501 2178 632 2265 aperuit
653 2178 827 2266 suasitque
842 2176 943 2259 Varo,
961 2184 1000 2243 ut
1013 2200 1048 2243 se
1063 2186 1098 2244 et
1118 2178 1310 2242 Arminium
1325 2184 1359 2242 et
1378 2185 1507 2243 ceteros

272 2305 427 2369 proceres
441 2285 624 2351 vinciret...
642 2285 709 2350 Sed
723 2285 832 2349 Varus
846 2287 915 2351 fato
931 2293 964 2350 et
978 2286 1011 2350 vi
1024 2285 1171 2349 Arminii
1184 2283 1317 2350 oceidit.
1335 2322 1379 2335 -
1403 2309 1429 2364 1,
1449 2285 1504 2353 58.

275 2419 288 2446 o
302 2391 492 2456 Arminium
500 2391 589 2479 apud
598 2393 802 2481 Varum‚qui
813 2401 883 2458 tum
897 2392 1059 2458 exercitui
1070 2390 1396 2481 praesidebat,reum
1406 2391 1504 2458 feci.»

274 2498 452 2586 (Loquitur
467 2498 637 2588 Segestes)
679 2539 709 2550 -
736 2498 829 2577 1‚60.
848 2500 886 2566 L.
908 2500 1132 2565 Stertinius..
1163 2500 1293 2566 inter...
1322 2498 1459 2564 caedem
1473 2507 1506 2565 et

272 2605 431 2692 praedam
448 2593 716 2694 (Bructerorum)
727 2608 874 2695 repperit
893 2607 1187 2672 undevicensimae
1200 2605 1345 2693 legionis
1357 2606 1504 2694 aquilam

272 2736 348 2777 eum
363 2713 452 2778 Varo
470 2714 671 2781 amissam...
695 2714 977 2801 Teutoburgiensi
1004 2714 1105 2793 saltu,
1120 2714 1152 2778 in
1163 2736 1229 2801 quo
1247 2713 1407 2801 reliquiae
1426 2713 1504 2778 Vari

271 2819 510 2910 legionumque
525 2822 713 2909 insepultae
725 2821 935 2888 dicebantur.
963 2858 1005 2870 -ν-
1039 2845 1067 2903 1,
1081 2821 1135 2886 61.
1156 2821 1267 2887 Prima
1287 2820 1367 2885 Vari
1395 2828 1503 2887 castra

272 2927 340 2992 lato
356 2927 485 2993 ambitu
500 2937 533 2993 et
546 2928 708 2993 dimensis
723 2929 897 3017 principiis
914 2931 1014 2994 trium
1035 2929 1208 3016 legionum
1224 2952 1344 2994 manus
1355 2935 1504 2994 ostenta-

269 3033 391 3103 bant...
412 3036 455 3100 Et
471 3035 577 3100 cladis
601 3036 673 3101 eius
690 3036 932 3124 superstites...
955 3035 1184 3103 referebant...
1200 3036 1345 3125 primum
1361 3034 1504 3100 ubivul·

270 3165 333 3206 nus
347 3143 435 3207 Varo
454 3143 622 3208 adactum.
639 3181 683 3193 -
702 3142 800 3217 1,65.
819 3143 1030 3232 (Caecinam)
1048 3144 1168 3210 terruit
1186 3143 1258 3208 dira
1282 3143 1400 3232 quies:
1424 3166 1502 3208 nam

269 3249 471 3327 Quintilium
485 3252 611 3315 Varum
631 3273 808 3316 ...eernere
823 3259 856 3317 et
867 3251 982 3316 audire
997 3252 1090 3316 visus
1102 3258 1154 3316 est
1163 3250 1257 3316 velut
1279 3258 1499 3317 vocantem...

269 3357 488 3423 Arminius...
506 3358 698 3446 inrumpere
714 3359 903 3424 Germanos
923 3358 1027 3437 iubet,
1052 3358 1231 3424 clamitans
1252 3379 1259 3424 :
1279 3381 1295 3420 o
1314 3358 1365 3422 En
1392 3358 1502 3423 Varus

269 3463 454 3553 eodemque
486 3465 607 3530 iterum
628 3465 697 3531 fato
726 3467 860 3531 vinctae
887 3465 1052 3550 legiones.
1078 3489 1271 3554 ›r-1,7i.
1302 3465 1387 3529 Data
1419 3465 1501 3530 utri-

268 3594 332 3659 que
370 3573 479 3653 venia,
515 3570 611 3637 facile
651 3572 837 3659 Segimero,
871 3573 1086 3638 cunctantius
1120 3572 1201 3652 illio,
1237 3572 1315 3660 quia
1346 3571 1500 3650 Quintilii

268 3678 347 3743 Vari
375 3702 497 3767 corpus
525 3679 682 3744 inlusisse
704 3678 889 3744 dicebatur.
926 3717 969 3727 —
1012 3704 1043 3758 2,
1076 3680 1229 3756 filine
1258 3679 1337 3744 anni
1358 3702 1497 3765 arcus..

267 3786 309 3850 ob
338 3796 471 3874 recepta
488 3787 584 3873 signa
599 3810 676 3851 eum
696 3787 785 3851 Varo
814 3788 937 3851 amissa
967 3786 1138 3874 (dicatur).
1171 3824 1211 3834 -
1243 3810 1273 3864 a,
1301 3788 1354 3862 45.
1372 3786 1500 3872 (Armi-

266 3895 356 3982 nius)
394 3894 681 3961 Maroboduum...
727 3894 945 3984 appellans...
986 3894 1166 3961 satellitem
1205 3894 1370 3975 Caesaris,
1409 3894 1499 3960 haud

266 4003 379 4066 minus
412 4003 553 4067 infensis
577 4004 698 4067 animis
725 4002 989 4083 exturbandum,
1011 4025 1111 4091 quam
1140 4003 1267 4066 Varum
1295 4001 1498 4080 Quintilium

265 4109 504 4175 interfecerint.
528 4150 566 4159 -
587 4110 645 4188 lV,
673 4135 721 4198 ¹7·
755 4110 936 4199 (Loquitur
958 4109 1064 4175 lulius
1089 4108 1224 4195 Civilis)
1240 4135 1256 4173 o
1278 4108 1394 4198 Nuper
1408 4118 1498 4175 certe

263 4240 360 4282 caeso
376 4217 539 4296 Quintilio
555 4216 643 4282 Varo
661 4217 792 4305 pulsam
808 4218 1020 4284 cGermania
1034 4217 1496 4294 servitutem,nccVitellium

263 4324 459 4413 principem,
478 4325 536 4390 sed
553 4325 732 4391 Caesarem
746 4327 942 4412 Augustum
966 4325 1055 4391 bello
1072 4331 1291 4414 provocatum
1309 4347 1325 4387 »
1339 4363 1383 4374 -
1402 4325 1444 4404 V,
1461 4352 1494 4415 9.

265 4432 345 4497 l’ost
361 4441 502 4497 mortem
519 4432 662 4497 llcrodis
680 4433 900 4521 (ludaeorum
914 4434 1060 4521 regis)...
1085 4434 1178 4498 Simo
1198 4431 1336 4520 quidam
1365 4434 1496 4521 regium

262 4563 384 4604 nomen
405 4542 585 4606 invaserat.
606 4541 672 4604 lsa
693 4540 858 4619 Quintilio
874 4540 964 4605 Varo
984 4541 1158 4607 obtinente
1182 4539 1315 4626 Syriam
1342 4541 1493 4629 punitus.

249 4817 257 4851 ¹
275 4818 397 4875 l'uosor..
416 4836 451 4866 1·.

246 4899 372 4947 ’liitter2'
391 4915 397 4947 :
415 4853 550 4957 darnulio
573 4901 651 4949 Varo.
668 4900 818 4961 -Lipsius
834 4915 841 4948 ι
859 4900 1055 4959 Quinctitiano.

245 4979 301 5028 ³1‘.
319 4981 465 5034 Quintilius
483 4981 579 5029 Varus.
597 4981 726 5041 Pansam,
737 4995 775 5044 ²7·
793 4982 941 5044 -Lipsius
954 4981 1074 5033 malebat
1096 4981 1271 5044 Quinctilius.

100 5261 418 5529 ἱ
