3709 6234
806 855 965 912 DOMITIVS
984 854 1075 912 sitts
1533 854 1586 914 253

342 998 478 1088 regibus
492 1000 735 1088 praefectisque
747 1007 780 1065 et
794 999 1070 1088 procuratoribus
1080 1007 1124 1079 et,
1142 1000 1199 1088 qui
1215 1008 1408 1088 praetorum
1423 1000 1585 1067 finitimas

343 1107 535 1196 provincias
555 1106 730 1195 regebant,
747 1107 848 1173 iussis
864 1107 1069 1173 Corbulonis
1095 1106 1249 1196 obsequi,
1276 1107 1458 1174 intantum
1479 1109 1584 1175 ferme

341 1213 479 1280 modum
495 1223 593 1281 aucta
613 1223 792 1304 potestate,
822 1239 922 1304 quem
952 1214 1099 1305 populus
1130 1216 1304 1280 Romanus
1325 1215 1386 1282 Cn.
1421 1216 1583 1305 Pompeio

341 1320 468 1389 bellum
484 1323 661 1412 piraticum
678 1331 816 1412 gesturo
830 1324 980 1390 dederat.
1004 1362 1046 1375 -
1066 1322 1116 1402 15,
1136 1322 1189 1388 26.
1208 1324 1255 1389 At
1268 1322 1458 1391 Corbulo...
1498 1325 1583 1391 into·

340 1452 439 1518 grum
456 1430 598 1497 militem
609 1439 644 1497 et
654 1431 779 1497 crebris
793 1456 830 1497 ac
844 1431 1015 1520 prosperis
1028 1429 1201 1497 laboribus
1216 1432 1402 1498 exercitum
1418 1432 1451 1496 in
1463 1433 1583 1497 Arme·

339 1538 430 1603 niam
446 1539 581 1607 ducit...
598 1578 641 1588 -
663 1542 711 1621 15,
731 1543 784 1607 28.
803 1540 878 1605 Non
894 1540 1064 1606 infensum
1077 1563 1226 1606 neccum
1246 1539 1362 1605 hostili
1387 1540 1463 1604 odio
1499 1541 1583 1606 Cor-

342 1642 480 1713 bulonis
495 1670 618 1713 nomen
634 1647 736 1713 etiam
753 1647 905 1714 barbaris
925 1646 1122 1730 habebatur,
1159 1669 1265 1736 eoque
1298 1647 1476 1713 consilium
1511 1648 1583 1715 eius

341 1754 446 1820 lidum
475 1754 697 1823 credebant...
728 1757 850 1836 Locus,
891 1757 925 1821 iu
955 1780 1022 1846 quo
1053 1779 1159 1847 nuper
1182 1755 1340 1822 obsessae
1367 1780 1444 1821 curn
1479 1755 1582 1823 Paeto

340 1863 492 1952 legiones
501 1872 609 1942 erant,
628 1867 661 1951 (a
677 1863 824 1931 Tiridate
853 1863 1048 1954 conloquio)
1081 1863 1232 1930 delectus
1252 1870 1303 1929 est
1326 1860 1369 1927 ob
1385 1864 1581 1929 memoriam

340 1970 489 2038 laetioris
509 1970 574 2036 sibi
594 1971 652 2052 rei,
672 1969 856 2036 Corbuloni
872 1994 941 2036 non
956 1972 1095 2053 vitatus,
1118 1978 1156 2036 ut
1170 1970 1412 2037 dissimilitudo
1424 1970 1580 2038 [ortunae

338 2077 483 2165 gloriam
497 2086 637 2167 augeret
657 2129 678 2145 ..
696 2079 757 2143 Die
772 2085 871 2167 pacta
893 2077 1047 2143 Tiberius
1063 2077 1300 2146 Alexander...
1329 2086 1362 2144 et
1383 2078 1581 2145 Vinicianus

339 2186 487 2268 Annius,
504 2209 608 2274 gener
630 2184 894 2268 Corbulonis...,
909 2187 941 2252 in
971 2194 1080 2252 castra
1114 2186 1276 2252 Tiridatis
1297 2209 1430 2268 venere,
1462 2187 1582 2254 honori

340 2295 412 2361 eius
426 2318 465 2360 ac
484 2318 526 2360 ne
548 2301 714 2360 metueret
728 2295 868 2359 insidias
891 2294 950 2359 tali
978 2294 1159 2383 pignore...
1185 2293 1267 2358 Viso
1296 2292 1488 2360 Corbulone
1521 2319 1580 2362 rex

337 2403 428 2491 prior
447 2426 534 2492 equo
550 2402 688 2469 desiluit
704 2423 711 2484 ;
728 2410 981 2469 neccunotatus
1016 2400 1177 2485 Corbulo,
1219 2402 1278 2468 sed
1310 2402 1413 2490 pedes
1438 2409 1579 2493 uterque

339 2512 497 2578 dexteras
512 2512 676 2578 miscuere
691 2549 774 2577 ...-
796 2510 846 2594 15,
865 2509 918 2574 30.
934 2508 1078 2575 Addidit
1100 2508 1228 2596 gloriae
1257 2507 1405 2574 Corbulo
1438 2510 1579 2576 comita-

338 2628 407 2686 tem
420 2619 646 2709 epulasque...
669 2656 712 2668 —-
732 2621 782 2698 15,
806 2617 859 2682 31.
879 2616 1117 2705 (Vologaesus)
1130 2616 1276 2705 propriis
1297 2615 1425 2682 nuntiis
1445 2640 1463 2681 a
1494 2618 1577 2683 Cor·

338 2726 462 2794 buloue
477 2728 630 2816 petierat.
649 2750 690 2793 ne
705 2749 807 2814 quum
827 2725 1009 2812 imaginem
1048 2725 1175 2790 servitii
1210 2723 1375 2790 Tiridates
1400 2724 1576 2812 perferret.

337 2835 441 2917 -ΙΙ,
464 2835 517 2924 76.
534 2833 654 2924 (Verba
676 2834 755 2899 lacit
773 2834 862 2921 apud
890 2833 1135 2920 Vespasianum
1160 2833 1362 2919 Mucianus)
1399 2861 1415 2894 a
1451 2832 1578 2898 Contu.

337 2943 497 3032 giendum
516 2951 567 3009 est
582 2943 624 3008 ad
638 2943 826 3030 imperium.
847 2943 903 3006 Au
924 2941 1049 3007 excidit
1068 2940 1256 3007 trucidatus
1271 2939 1436 3008 Corbulo?
1456 2940 1577 3029 Splen-

337 3052 449 3117 didior
481 3051 611 3139 origine
631 3073 732 3139 quam
763 3072 827 3114 nos
853 3071 984 3132 sumus,
1011 3049 1160 3114 Iateor...
1180 3074 1197 3107 n
1217 3085 1260 3096 -
1295 3046 1356 3127 III,
1383 3046 1415 3114 6.
1456 3049 1577 3114 Arrius

338 3157 447 3225 Varus
466 3158 624 3226 strenuus
645 3156 746 3236 bello,
769 3180 870 3246 quam
884 3155 1027 3243 gloriam
1042 3154 1071 3220 ei
1092 3154 1161 3220 dux
1182 3152 1330 3220 Corbulo
1348 3162 1382 3219 ct
1396 3178 1577 3243 prosperae

335 3267 369 3332 in
389 3268 550 3334 Armenia
563 3289 616 3331 res
631 3265 842 3331 addiderunt.
866 3263 959 3331 Idem
972 3264 1111 3329 secretis
1135 3262 1225 3352 apud
1245 3260 1414 3328 Neronem
1448 3287 1575 3329 sermo·

336 3375 435 3441 nibus
451 3373 619 3440 terebatur
638 3371 841 3437 Corbulonis
856 3371 1001 3437 virtutes
1014 3369 1233 3452 criminatus3
1255 3369 1344 3435 unde
1364 3369 1481 3436 infami
1497 3394 1575 3457 gra—

335 3483 381 3549 tia
394 3483 540 3571 primum
556 3482 662 3570 pilum
677 3480 841 3567 adepto...
854 3516 897 3527 -
911 3478 972 3560 III,
992 3480 1044 3555 al.
1060 3478 1232 3545 Antonius
1247 3477 1411 3567 (Primus)
1432 3477 1572 3565 ...plura

333 3590 378 3660 ad
392 3592 566 3666 tertianos,
583 3597 735 3655 veterum
757 3589 1010 3675 recentiumque
1026 3585 1224 3667 admonens,
1241 3594 1320 3652 ut...
1345 3584 1408 3650 sub
1443 3583 1575 3651 Corbu*

336 3699 413 3765 lone
428 3698 653 3777 Armenios„
675 3696 887 3785 pepulissent
904 3696 926 3761 ¹.

291 3807 346 3894 (L.
364 3804 597 3892 DOMITIVS)
619 3803 767 3885 PAlllS,
785 3828 818 3869 v.
838 3803 986 3869 PAIIIS.

291 3913 511 3985 DOMITIVS
532 3908 707 3983 POLLIO,
728 3908 902 3975 POLLIO.
924 3948 968 3959 —
989 3933 1019 3988 2,
1043 3907 1096 3974 86.
1121 3908 1266 3975 llettulit
1286 3906 1411 3975 (laesas
1438 3909 1571 4000 sapien*

333 4022 413 4088 dam
432 4020 600 4108 virginem
615 4019 658 4106 (V
661 4017 857 4106 estalem)...
883 4020 1019 4107 egitque
1038 4025 1152 4105 grates
1168 4018 1308 4084 Fonteio
1329 4018 1502 4108 Agrippae
1539 4031 1573 4089 et

335 4127 506 4194 Domitio‘²
536 4126 694 4207 Pollioni,
709 4124 800 4214 quod
813 4125 983 4192 ollerendo
998 4125 1084 4191 lilias
1099 4125 1140 4191 de
1160 4125 1271 4191 cilicio
1305 4126 1339 4191 in
1369 4149 1440 4192 rem
1461 4125 1571 4216 publi·

334 4261 408 4303 cam
422 4243 602 4302 certarent.
626 4233 779 4299 Praelata
795 4241 846 4299 est
864 4233 1026 4297 Pollionis
1039 4232 1149 4300 lilia...

290 4343 509 4412 DOMITIVS
540 4341 745 4409 SABINVS.
773 4340 926 4422 -1,3ι.
959 4340 1181 4429 Praeceptum
1211 4340 1350 4407 Amulio
1377 4337 1504 4408 Sereno
1538 4351 1571 4411 ct

334 4453 482 4519 Domitio
496 4450 623 4516 Sabino
638 4448 912 4538 primipilaribus,
931 4456 969 4514 ut
982 4448 1201 4516 Germanicos
1215 4448 1340 4514 milites
1356 4473 1374 4516 e
1387 4448 1570 4518 Libertatis

336 4561 420 4627 atrio
440 4566 660 4625 accerserent.

290 4667 508 4737 DOMITIVS
525 4667 626 4732 SILV
629 4667 665 4733 S.
687 4702 730 4714 -—
756 4667 804 4746 15,
822 4667 874 4755 59.
893 4664 947 4752 (C.
969 4663 1047 4729 Piso
1066 4665 1223 4754 risorem)
1236 4663 1335 4731 amici
1355 4663 1570 4735 matrimonio
1594 4727 1598 4736 .

320 4913 328 4949 ¹
348 4912 380 4961 V.
398 4914 481 4964 etium
503 4916 539 4974 ιδ,
554 4921 599 4972 to:
621 4924 657 4974 rt,
675 4924 719 4976 243
738 4913 774 4963 ιδ,
796 4928 832 4972 12,
849 4929 888 4977 ²5·

320 4995 331 5029 ²
347 4995 371 5046 Ι
387 5012 392 5045 :
411 4996 531 5046 comitio.
547 4997 623 5046 Corr.
642 4996 757 5059 Lipsius.
