3709 6234
283 841 337 898 424
878 843 973 896 LVPIA

329 996 460 1053 meatus
488 985 683 1075 praebuere.
716 984 815 1063 Quod
839 984 948 1050 aedui
964 984 1156 1065 formidine,
1180 984 1424 1072 Lugdunenses
1439 981 1566 1071 gaudio

328 1096 447 1161 iecere.
486 1134 524 1145 -
564 1092 589 1175 Ι,
607 1095 660 1158 65.
678 1092 835 1157 Veterem
867 1092 956 1157 inter
970 1091 1216 1179 Lugdunenses
1230 1100 1261 1156 et
1283 1092 1483 1157 Viennenses
1498 1090 1567 1157 dis-

328 1202 477 1267 cordiam
497 1201 689 1291 proximum
702 1198 831 1265 bellum
844 1199 1082 1264 accenderat...
1102 1200 1145 1264 Et
1160 1198 1268 1264 Galba
1289 1198 1416 1264 reditus
1432 1197 1569 1285 Lugdu·

328 1310 484 1375 nensium
502 1308 678 1373 occasione
693 1308 761 1373 irae
777 1307 811 1371 in
827 1307 947 1372 liscum
963 1314 1126 1386 verterat;
1144 1305 1274 1370 multus
1285 1314 1403 1371 eontra
1417 1305 1452 1370 iu
1468 1305 1570 1371 Vien-

328 1440 451 1482 nenses
470 1416 618 1482 houor...
637 1415 744 1502 Igitur
759 1414 1003 1502 Lugdunenses
1018 1413 1235 1479 exstimulare
1254 1411 1407 1499 singulos
1421 1411 1569 1477 militum

328 1523 616 1612 (Vitellianorum)
645 1530 680 1587 et
693 1522 728 1587 in
744 1522 955 1587 eversionem
976 1522 1220 1587 Viennensium
1240 1519 1426 1607 impellere.
1451 1558 1496 1569 —
1522 1517 1567 1600 Il,

328 1633 382 1721 59.
406 1632 523 1695 Iunius
538 1629 678 1694 Blaesus
696 1629 959 1716 Lugudunensis
981 1628 1112 1694 Galliae
1132 1636 1254 1694 rector.

286 1738 553 1805 LVGDVNVbI.
572 1776 615 1786 -
631 1737 662 1815 3,
682 1740 735 1813 dr.
756 1735 887 1801 Acilius
906 1735 1029 1801 Aviola
1045 1735 1176 1822 legatus
1192 1736 1301 1801 excita
1317 1733 1466 1814 cohorte,
1484 1759 1570 1824 quae

330 1845 486 1932 Lugduni
520 1843 723 1932 praesidium
762 1842 924 1931 agitabat.
957 1883 1000 1892 —
1030 1843 1055 1924 l,
1074 1845 1128 1931 59.
1149 1842 1235 1909 Cum
1257 1840 1372 1908 Italica
1388 1842 1522 1928 legione
1537 1850 1571 1909 et

329 1952 382 2016 ala
395 1952 561 2016 'lauriana
589 1950 746 2038 Lugduni
762 1950 994 2017 tendentibus.
1011 1989 1056 2001 -
1077 1951 1103 2030 Ι,
1125 1950 1178 2027 64.
1203 1950 1306 2038 Legio
1336 1947 1452 2014 Italica
1468 1957 1503 2015 et
1517 1949 1571 2016 ala

328 2059 493 2124 Tauriana
509 2058 673 2123 abductae
693 2061 726 2142 (a
741 2059 844 2124 Fabio
856 2057 1012 2146 Valente)
1025 2080 1032 2139 ;
1051 2058 1224 2125 eohortem
1240 2057 1571 2125 duodevicensimam

328 2167 497 2253 Lugduni,
525 2165 634 2230 solitis
659 2166 724 2230 sibi
745 2166 907 2243 hibernis,
937 2165 1082 2254 relinqui
1098 2166 1235 2254 placuit.
1256 2166 1344 2248 -Ι,
1366 2168 1418 2255 74.
1437 2163 1569 2232 Otho...

329 2273 479 2361 (legatis)
514 2273 556 2337 ad
585 2273 753 2359 legionem
785 2272 939 2337 Italicam
969 2296 1105 2361 easque,
1132 2297 1217 2362 quae
1236 2273 1395 2360 Lugduni
1409 2271 1570 2360 agebant,

329 2381 455 2470 copias,
479 2381 588 2468 speeie
613 2388 752 2445 senatus
777 2380 881 2449 misit.
913 2419 957 2429 -
983 2380 1026 2462 ΙΙ,
1049 2381 1105 2468 59.
1147 2380 1314 2469 (Vitellio)
1328 2387 1462 2469 praesto
1480 2380 1573 2445 luere

331 2489 512 2574 Luguduni
532 2488 721 2552 victricium
748 2488 982 2575 victarumque
1012 2489 1158 2576 partium
1172 2488 1285 2553 duces.
1310 2528 1353 2538 -
1382 2487 1426 2564 ΙΙ,
1441 2486 1496 2553 65.
1515 2486 1573 2552 Di-

333 2620 488 2683 gressum
512 2620 530 2659 a
551 2594 740 2681 Luguduno
766 2594 942 2659 Vitellium
971 2595 1112 2660 Cluvius
1140 2595 1249 2660 Rufus
1268 2595 1507 2683 adsequitur...
1530 2632 1574 2642 -

333 2704 391 2782 IV,
415 2702 455 2768 85
503 2702 628 2789 (Verba
644 2702 724 2766 lacit
744 2702 833 2789 apud
853 2703 1086 2768 Domitianum
1104 2703 1297 2790 Mucianus)
1322 2728 1338 2766 a
1360 2703 1436 2791 Ipse
1458 2701 1575 2789 Lugu-

330 2810 413 2874 duni
437 2810 506 2872 vim
523 2809 758 2897 fortunamque
792 2809 1001 2897 principatus
1017 2834 1035 2875 e
1050 2811 1204 2899 proximo
1223 2809 1443 2898 (Germaniis)
1458 2817 1573 2875 osten-

333 2925 419 2982 taret
451 2940 480 2981 ».
513 2956 556 2964 —
584 2916 642 2999 IV,
669 2915 712 2978 86
754 2916 803 2981 Ita
831 2916 1059 3003 Lugudunum
1094 2925 1246 2982 ventum.
1288 2916 1385 2981 Vnde
1424 2916 1576 2982 creditur

336 3024 592 3089 Domitianus...

291 3131 427 3212 LVGII,
459 3130 623 3199 LVGIVS
649 3130 751 3218 (sing.
781 3130 888 3218 coll).
922 3168 962 3180 —
989 3155 1038 3209 ra,
1067 3155 1120 3220 29.
1154 3132 1214 3195 Vis
1242 3134 1431 3210 innumera,
1451 3131 1571 3217 Lugii¹

333 3238 486 3325 aliaeque
505 3245 635 3324 gentes,
665 3237 906 3318 adventabant,
939 3237 1027 3303 lama
1047 3238 1128 3303 ditis
1143 3241 1249 3326 regni,
1270 3239 1361 3326 quod
1376 3239 1573 3304 Vannius...

332 3344 607 3432 praelationibus
623 3352 656 3409 et
668 3343 892 3429 vectigalibus
905 3353 1055 3410 auxerat.
1071 3385 1107 3393 —
1134 3371 1183 3420 12,
1201 3346 1253 3410 30.
1273 3345 1412 3432 Iazuges
1427 3344 1576 3410 obsidio-

333 3453 386 3515 nis
406 3452 663 3539 impatientes..
688 3452 973 3515 necessitudinem
990 3476 1123 3538 pugnae
1141 3453 1302 3539 (Vannio)
1318 3452 1473 3532 attulere,
1496 3455 1576 3542 quia

335 3559 479 3646 Lugius²
509 3559 834 3646 Hermundurusque
868 3558 937 3622 illic
967 3560 1176 3644 ingruerant.
1200 3561 1296 3624 -G.
1321 3560 1376 3637 43.
1399 3560 1572 3625 Scindit..

334 3666 493 3728 Suebiam
508 3666 705 3730 continuum
724 3666 889 3729 montium
919 3666 1049 3751 iugum.
1066 3667 1155 3731 ultra
1172 3667 1261 3753 quod
1277 3666 1440 3753 plurimae
1456 3675 1577 3752 gentes

335 3780 452 3857 agunt,
471 3796 511 3835 ex
537 3772 659 3859 quibus
689 3772 854 3836 latissime
888 3780 981 3859 patet
1011 3772 1217 3858 Lugioru1n³
1243 3797 1364 3838 nornen
1399 3774 1434 3837 in
1462 3774 1579 3860 plures

335 3879 489 3942 civitates
505 3878 707 3944 dilIusuin...
725 3882 832 3956 -άΙ,
847 3880 872 3943 T
876 3904 953 3943 rans
971 3880 1114 3966 Lugios'¹
1130 3881 1280 3946 Gotones
1301 3889 1527 3968 regnantur...

296 3985 428 4049 LVNA.
449 4023 492 4032 —
513 3987 634 4061 15.rl¹.
661 3985 870 4071 (Templum)
891 3987 1123 4051 vetustissima
1147 3989 1321 4074 religione,
1337 3988 1427 4076 quod
1438 3989 1580 4054 Servius

337 4090 467 4154 'I'ullius
486 4092 495 4154 Ι
503 4115 639 4156 unae...
656 4102 847 4156 sacraverat
865 4094 1036 4174 (incendio
1059 4092 1218 4179 Neronis)
1243 4096 1404 4159 amissum
1421 4102 1484 4160 est.

296 4198 443 4262 LI'PIA.
462 4237 503 4245 —
522 4223 549 4275 1,
569 4198 622 4264 60.
653 4197 867 4277 Quantum...
900 4201 1066 4264 Amisiam
1089 4208 1122 4265 et
1145 4202 1284 4287 Lupiam
1305 4224 1421 4266 amnes
1437 4203 1525 4267 inter
1546 4203 1581 4289 (a

338 4306 552 4386 Germanico)
592 4314 772 4370 vastatum.
806 4345 848 4355 -
887 4331 916 4381 a,
938 4332 968 4393 7.
996 4307 1249 4393 (Germanicus)
1264 4308 1380 4372 audito
1400 4308 1580 4374 castellum

342 4411 465 4497 Lupiae
494 4412 623 4475 flumini
657 4413 848 4500 adpositum
875 4413 1034 4486 obsideri,
1067 4437 1126 4479 sex
1157 4414 1308 4500 legiones
1335 4438 1373 4480 eo
1407 4414 1511 4482 ducit.
1537 4457 1581 4469 -

329 4655 335 4686 ¹
355 4654 381 4704 Μ
397 4670 401 4701 ;
416 4654 486 4717 ligii.
500 4655 572 4704 Corn.
587 4654 773 4703 lluclleulroff.
786 4680 816 4691 -
832 4654 944 4702 Oberlin
959 4671 963 4701 :
985 4656 1077 4718 Lygii.

329 4733 375 4782 2Μ
390 4751 395 4782 :
413 4734 503 4794 ligius.
523 4737 599 4785 (Iorr.
620 4736 700 4783 idem.

327 4815 336 4844 ³¹
356 4814 548 4876 klegioram
568 4816 608 4876 (lg
634 4815 792 4876 stuprasse),
812 4814 829 4861 Β
848 4815 1002 4877 :topiorum
1034 4817 1055 4873 (i
1075 4818 1156 4878 sapt
1178 4819 1338 4879 acrIptuml3
1354 4817 1393 4867 0:
1414 4817 1582 4880 templorum.

297 4895 371 4941 Cor-r.
386 4894 571 4942 ¹Ilacllcnlrotl
586 4897 625 4942 (ll.
642 4895 1047 4945 taosir-S«·nw1··.1z1-:a-Swmrr.

330 4974 340 5007 ⁴
355 4975 412 5025 AC:
430 4975 535 5038 lugius:
555 4977 574 5026 Β
592 4994 596 5024 :
613 4976 702 5038 ligios.
720 4977 796 5023 (lore.
814 4975 1001 5022 Muellenboll.
