3709 6234
790 845 917 899 vallona
1442 844 1495 900 711

259 1010 465 1077 quamquam
486 986 615 1052 excitae
644 1009 662 1051 a
682 984 816 1052 Nerone
830 986 996 1075 legiones,
1019 988 1100 1054 dum
1115 989 1149 1055 in
1167 989 1264 1056 ltalia
1278 998 1492 1071 cunctantur,

259 1094 457 1181 Verginium
486 1092 712 1181 legationibus
749 1093 912 1160 adissent.
944 1132 987 1145 -
1026 1096 1052 1169 l,
1083 1098 1136 1162 52.
1166 1096 1291 1163 Fabius
1324 1096 1491 1163 Valens...

260 1203 412 1268 infensus
428 1200 568 1282 Galbae,
585 1208 758 1289 tamquam
775 1199 943 1267 delectam
959 1227 978 1267 a
993 1226 1028 1269 se
1040 1203 1191 1291 Verginii
1202 1204 1461 1270 cunctationem.
1471 1256 1493 1272 ..

260 1310 391 1397 ingrate
422 1308 569 1386 tulisset,
603 1307 765 1395 instigare
793 1307 980 1390 Vitellium,
1012 1309 1166 1375 ardorem
1199 1310 1346 1376 militum
1383 1319 1495 1376 osten·

259 1417 397 1498 dere...;
429 1416 549 1481 merito
574 1414 748 1480 dubitasse
787 1416 984 1504 Verginium
1018 1418 1166 1505 equestri
1198 1417 1337 1497 familia,
1378 1419 1495 1504 ignoto

258 1531 365 1612 patre,
388 1524 564 1611 imparem,
587 1523 615 1586 si
635 1522 817 1609 recepisset
844 1523 1036 1611 imperium,
1055 1526 1219 1605 tutum,si
1235 1533 1435 1592 recusasset.
1455 1562 1494 1573 -

260 1633 286 1713 l,
309 1632 363 1698 53.
383 1630 420 1695 ln
438 1630 636 1717 Verginium
651 1629 746 1695 favor
765 1630 965 1719 cuicumque
985 1629 1041 1695 alii
1067 1631 1276 1718 profuturus.
1308 1672 1352 1684 -
1380 1632 1406 1712 Ι,
1438 1657 1493 1721 77.

260 1738 389 1804 Consul
416 1761 492 1803 eum
522 1737 654 1802 Titiano
685 1736 788 1802 fratre
822 1736 942 1826 (Otho)
968 1738 1003 1802 in
1043 1737 1205 1804 kalendas
1233 1738 1374 1805 Martias
1410 1740 1494 1827 ipse,

259 1847 431 1935 proximos
455 1868 589 1910 menses
612 1844 771 1931 Verginio
792 1845 953 1919 destinat,
976 1853 1013 1911 ut
1027 1845 1163 1935 aliquod
1179 1846 1341 1912 exercitui
1357 1847 1494 1912 Germa-

260 1955 335 2020 nico
368 1953 647 2019 delenimentum.
687 1953 840 2039 lungitur
873 1951 1034 2041 Verginio
1066 1954 1246 2041 Pompeius
1283 1953 1493 2043 Vopiscus...

259 2102 301 2111 —
330 2061 372 2139 ll,
407 2065 461 2149 49.
493 2059 693 2146 (Othonem)
721 2082 898 2147 supremas
930 2061 997 2125 iam
1021 2084 1118 2126 curas
1143 2061 1255 2127 animo
1284 2061 1494 2128 volutantem

260 2193 379 2258 repens
393 2167 560 2233 tumultus
574 2166 747 2254 (militum)
763 2168 885 2233 avertit
903 2187 910 2232 :
932 2191 1119 2257 ...namque
1135 2167 1338 2235 abeuntibus
1354 2169 1494 2235 exitium

259 2274 513 2350 minitabantur,
544 2275 754 2340 atrocissima
784 2275 817 2338 in
853 2274 1050 2362 Verginium
1075 2276 1120 2357 vi,
1147 2276 1494 2363 quemclausadomo

259 2384 471 2450 obsidebant.
497 2421 539 2430 —
564 2381 606 2461 ll,
633 2381 686 2446 51.
718 2380 756 2446 ln
790 2381 905 2447 sunere
943 2382 1117 2471 (Othonis)
1155 2392 1277 2449 novata
1322 2383 1415 2449 luctu
1457 2406 1494 2449 ac

259 2491 374 2556 dolore
412 2490 559 2554 militum
584 2488 719 2563 seditio,
746 2496 897 2554 necerat
931 2490 988 2579 qui
1015 2498 1195 2557 coerceret.
1226 2490 1283 2555 Ad
1296 2490 1494 2578 Verginium

258 2600 359 2676 versi,
390 2597 490 2662 modo
518 2604 557 2661 ut
582 2596 745 2683 reciperet
768 2596 959 2683 imperium,
995 2619 1083 2662 nune
1119 2606 1157 2663 ut
1195 2597 1364 2683 legatione
1405 2598 1495 2686 apud

259 2706 438 2772 Caecinam
463 2727 500 2769 ac
521 2703 699 2769 Valentem
725 2703 934 2791 fungeretur,
965 2703 1164 2769 minitantes
1190 2703 1344 2770 orabant.
1375 2706 1494 2793 Vergi-

259 2816 334 2879 nius
354 2836 414 2901 per
429 2834 582 2877 aversam
607 2809 729 2875 domus
753 2818 886 2898 partem
918 2811 1036 2876 furtim
1060 2811 1233 2897 digressus
1261 2812 1494 2900 inrumpentes

258 2923 440 2988 frustratus
469 2927 531 2985 est.
557 2958 599 2967 -
628 2918 670 2995 ll,
704 2916 759 2983 68.
787 2917 1012 2984 Discubuerat
1035 2918 1194 2984 Vitellius
1219 2920 1325 2985 Ticini
1343 2919 1493 2985 adhibito

257 3028 301 3095 ad
329 3026 446 3115 epulas
470 3025 674 3112 Verginio...
706 3024 846 3090 Interim
874 3026 1024 3113 Verginii
1054 3049 1174 3092 servus
1201 3027 1287 3093 forte
1311 3026 1432 3091 obvius
1453 3035 1492 3093 ut

258 3157 435 3224 percussor
468 3132 597 3197 Vitellii
634 3132 862 3199 insimulatur.
885 3132 928 3197 Et
950 3132 1069 3199 ruebat
1095 3133 1138 3198 ad
1164 3134 1358 3199 convivium
1381 3134 1493 3216 miles,

258 3250 401 3308 mortem
419 3240 569 3326 Verginii
584 3263 781 3327 exposcens.
798 3239 848 3305 Ne
865 3239 1024 3305 Vitellius
1039 3241 1219 3330 quidem...
1241 3240 1283 3306 de
1303 3241 1493 3309 innocentia

257 3352 329 3416 eius
348 3347 528 3414 dubitavit.
552 3348 664 3433 Aegre
686 3354 799 3412 tamen
826 3346 978 3418 cohibiti.
1005 3349 1063 3435 qui
1087 3348 1227 3413 exitium
1251 3347 1438 3413 consularis
1460 3358 1494 3415 et

258 3456 430 3547 quondam
457 3453 554 3518 ducis
583 3453 635 3517 sui
660 3452 870 3538 llagitabant.
899 3453 968 3519 Nee
1003 3477 1206 3543 quemquam
1232 3455 1367 3542 saepius
1392 3478 1493 3544 quam

258 3564 454 3649 Verginium
484 3560 594 3624 omnis
616 3560 736 3625 seditio
757 3559 963 3626 infestavit:
995 3562 1153 3627 manebat
1177 3562 1355 3627 admiratio
1381 3563 1494 3629 viriet

259 3673 358 3748 lama,
376 3669 436 3734 sed
446 3668 587 3733 oderant
601 3675 638 3732 ut
654 3667 807 3733 fastiditi.
819 3706 864 3718 -
875 3666 919 3748 ll,
938 3692 991 3757 7¹·
1012 3667 1183 3732 Pedanius
1204 3667 1307 3734 Costa
1323 3668 1493 3757 (designa-

258 3788 312 3845 tus
340 3775 475 3862 consul)
503 3775 682 3853 omittitur,
712 3776 864 3861 ingratus
894 3774 1037 3863 principi
1064 3773 1233 3859 (Vitellio)
1257 3783 1295 3840 ut
1331 3775 1494 3842 adversus

256 3887 425 3952 Neronem
455 3906 557 3947 ausus
581 3890 615 3948 et
642 3881 792 3967 Verginii
816 3881 1063 3946 exstimulator.
1095 3918 1140 3932 -
1171 3881 1231 3962 ΙΙΙ,
1267 3883 1320 3948 62.
1352 3881 1507 3971 (Fabius¹

259 3992 396 4079 Valens)
430 3991 563 4076 legatus
599 3988 744 4075 legionis
769 3995 804 4053 et
831 3988 915 4053 levit
940 3986 1137 4075 Verginium
1166 3997 1200 4053 et
1231 3989 1419 4057 infamavit,
1450 4029 1492 4041 -

259 4101 316 4180 lV,
344 4124 393 4187 ¹7·
414 4096 540 4184 (Verba
577 4094 654 4159 lacit
677 4094 767 4182 apud
784 4094 901 4159 Gallos
923 4093 1028 4159 lulius
1049 4094 1183 4182 Civilis)
1218 4120 1234 4159 a
1263 4096 1313 4161 Ne
1340 4096 1492 4163 Vindicis

257 4209 363 4273 aciem
378 4205 567 4293 cogitarent
583 4224 590 4269 :
611 4203 737 4266 Batavo
753 4205 866 4290 equite
885 4202 1045 4289 protritos
1061 4201 1199 4267 Aeduos
1226 4204 1489 4292 Arvernosque;

257 4315 359 4381 luisse
375 4314 463 4377 inter
478 4310 628 4396 Verginii
650 4308 775 4374 auxilia
791 4308 924 4396 Belgas,
941 4331 1086 4397 vereque
1098 4309 1333 4397 reputantibus
1344 4310 1489 4376 Galliam

257 4424 397 4487 suismet
426 4417 556 4482 viribus
588 4416 789 4483 concidisse.
823 4441 839 4478 a
872 4455 916 4465 -
943 4415 1002 4497 IV,
1033 4416 1086 4503 69.
1125 4416 1268 4483 Constat
1316 4415 1489 4484 obstitisse

255 4529 409 4594 Treveris
430 4524 706 4613 Lingonibusque
735 4523 824 4611 apud
845 4522 987 4601 Gallias,
1011 4523 1102 4612 quod
1118 4523 1270 4588 Vindicis
1293 4533 1387 4590 motu
1411 4549 1488 4591 eum

257 4636 417 4723 Verginio
432 4641 608 4698 steterant.

214 4744 413 4810 VEBONA.
445 4779 487 4791 -
518 4740 561 4820 ll,
594 4742 647 4804 23.
673 4739 821 4827 (Annius
841 4738 975 4823 Gallus)
996 4737 1163 4824 legionem
1185 4738 1401 4825 (primaml...
1426 4743 1489 4806 Be-

255 4851 358 4916 driaci
394 4849 495 4913 sistit.
522 4848 613 4912 lnter
634 4846 804 4911 Veronam
835 4845 1104 4932 Cremonamque
1127 4845 1212 4910 situs
1234 4860 1286 4911 est
1311 4846 1418 4912 vicus.
1446 4888 1489 4899 -

257 4960 317 5035 ΙΙΙ.
339 4957 371 5022 8.
403 4956 603 5036 Quaesitum
626 4954 703 5019 inde
728 4954 760 5041 (a
783 4951 927 5019 ducibus
949 4951 1134 5036 Flavianis)
1173 4976 1258 5050 quae
1280 4954 1377 5019 sedes
1400 4955 1488 5032 bello
