3709 6234
746 878 851 931 ΒΑΤΙΙΨ
856 878 866 929 Ι
1399 872 1449 927 125

209 1016 415 1104 Mogontiaci
444 1024 597 1105 agentes.
638 1058 682 1068 —
727 1019 784 1096 ΙΨ,
826 1019 875 1083 ι6.
899 1017 1035 1104 (ldem),
1064 1015 1120 1081 ubi
1154 1015 1297 1082 insidiae
1329 1040 1447 1104 parum

210 1148 353 1207 cessere,
373 1125 415 1190 ad
431 1126 499 1189 vim
517 1132 750 1212 transgressus
769 1124 1022 1202 Canninefates,
1041 1123 1179 1205 Frisios,
1203 1125 1349 1189 Batavos
1364 1147 1446 1214 pro-

209 1233 290 1321 priis
310 1234 427 1297 cuneis
436 1234 650 1322 conponit...
670 1234 752 1298 Pars
779 1233 978 1320 remigume
997 1231 1134 1296 Batavis
1154 1240 1326 1319 tamquam
1343 1233 1449 1320 impc-

211 1341 286 1406 ritia
311 1340 422 1406 officia
450 1348 630 1406 nautarum
656 1348 1014 1429 propugnatorumque
1041 1337 1363 1427 impediebant...-
1389 1341 1445 1420 ΙΨ,

215 1472 263 1535 ¹7·
287 1448 468 1538 (Loquitur
491 1447 597 1513 lulius
616 1447 751 1535 Civilis)
787 1478 802 1508 (ι
828 1449 986 1522 Batavos,
1018 1469 1224 1536 quamquam
1245 1445 1448 1513 tributorum

210 1564 377 1644 expertes,
395 1579 487 1622 orma
503 1562 620 1621 contra
635 1578 834 1621 communes
849 1555 1006 1620 dominos
1021 1555 1192 1642 cepisse...
1214 1583 1243 1620 n.
1260 1553 1373 1634 -ΙΨ,
1397 1555 1445 1620 18.

210 1665 411 1751 Expugnata
431 1671 554 1738 castra,
580 1662 710 1728 deletas
738 1663 907 1744 cohortes,
934 1661 1070 1750 pulsum
1105 1663 1310 1727 Batavorum
1339 1662 1449 1728 insula

211 1767 402 1833 llomanum
422 1792 544 1835 nomen
563 1769 683 1857 trepidi
707 1770 815 1835 nuntii
842 1768 1049 1835 adferebant.
1072 1818 1078 1833 .
1097 1768 1264 1857 (Munius)
1279 1770 1451 1858 Lupercus
1482 1821 1486 1829 .

212 1875 449 1960 legionariose
474 1876 749 1965 praesentibus...
773 1877 897 1964 raptim
924 1876 1124 1956 transmisit,
1157 1876 1270 1942 addita
1300 1879 1450 1943 Batavo-

212 2006 285 2048 rum
314 1983 380 2065 ala,
402 2008 488 2073 quae
517 1985 584 2050 iam
612 1983 741 2072 pridem
767 1992 926 2072 corrupta
956 1984 1056 2048 fidem
1078 1982 1270 2050 simulabat.
1294 2036 1301 2050 .
1328 1983 1449 2048 Nuda-

212 2098 307 2156 verat
343 2091 518 2157 sinistrum
545 2116 650 2158 cornu
689 2092 892 2157 Batavorum
925 2090 978 2156 ala
1007 2090 1238 2177 transfugiens
1267 2092 1450 2181 statimque

212 2198 244 2262 in
277 2222 340 2265 nos
369 2223 467 2264 versa
487 2250 507 2266 ..
546 2200 741 2265 Praefectus
776 2198 849 2265 alae
880 2201 1085 2264 Batavorum
1126 2198 1289 2263 Claudius
1324 2198 1448 2277 Labc0,

213 2306 382 2395 oppidano
414 2308 598 2373 certamine
629 2306 784 2372 aemulus
808 2305 1014 2373 Civili...-
1035 2305 1091 2378 ΙΨ,
1124 2331 1174 2395 19.
1199 2306 1308 2372 Isdem
1331 2307 1450 2371 diebus

216 2414 418 2479 Batavorum
429 2423 463 2481 et
474 2413 747 2480 Canninefatium
761 2414 928 2493 cohortes,
942 2437 1018 2479 cum
1035 2413 1127 2478 iussu
1140 2412 1268 2478 Vitellii
1283 2413 1317 2478 in
1332 2414 1450 2479 urbem

215 2530 403 2609 pergerent,
421 2523 547 2586 missus
561 2521 695 2587 aCivile
711 2522 851 2587 nuntius
861 2521 1100 2609 adsequitur...
1114 2520 1344 2608 (Hordeonius
1358 2520 1451 2587 Flac·

214 2628 863 2717 cus)scripsitHerennioGallolegionis
871 2629 1000 2717 primae
1011 2628 1197 2716 legato,qui
1207 2628 1450 2693 Bonnamobti·

215 2734 327 2814 nebat,
345 2742 382 2799 ut
397 2744 526 2801 arceret
541 2736 686 2801 transitu
705 2736 861 2800 Batavos.
880 2733 996 2814 -ΙΨ,
1016 2758 1069 2810 20,
1090 2735 1220 2810 Batavi,
1238 2759 1316 2799 cum
1331 2736 1451 2801 castris

216 2840 738 2931 Bonnensibuspropinquarent,
756 2843 971 2932 praemisere,
990 2842 1048 2930 qui
1061 2842 1230 2906 Herennio
1242 2841 1340 2906 Gallo
1357 2866 1451 2907 man-

216 2947 294 3014 data
314 2948 503 3014 cohortium
515 2949 829 3037 exponeret...'l'ria
840 2949 932 3014 milia
947 2949 1209 3035 legionariorum
1227 2950 1452 3015 ettnmultna·

214 3057 280 3121 riae
288 3055 469 3143 Belgarum
477 3057 644 3123 cohortes.
652 3107 659 3122 .
667 3058 974 3123 .Batavosnumero
986 3056 1449 3145 impares(circumfundunt).

214 3201 258 3212 -
279 3162 336 3235 ΙΨ,
355 3188 408 3230 21.
426 3165 520 3243 Quae
541 3163 597 3229 ubi
614 3164 718 3229 relata
741 3163 854 3245 Civili,
876 3164 1037 3228 incensus
1065 3163 1113 3227 ira
1131 3164 1324 3229 universam
1353 3165 1451 3229 llata-

216 3294 335 3335 vorum
351 3279 488 3357 gentem
505 3271 539 3335 in
554 3293 647 3335 arma
662 3271 791 3359 rapit...
814 3308 854 3321 -
876 3270 933 3347 ΙΨ,
954 3294 1008 3335 22.
1026 3268 1144 3334 Civilis
1165 3270 1313 3335 medium
1328 3293 1450 3358 agmen

213 3401 289 3443 cum
306 3377 425 3443 robore
446 3378 651 3443 Batavorum
667 3378 866 3444 obtinens...
885 3415 927 3426 —
945 3378 1003 3458 ΙΨ,
1018 3378 1071 3443 23.
1090 3377 1208 3442 Batavi
1220 3377 1451 3442 Transrhena-

214 3486 327 3574 nique,
345 3509 412 3574 quo
428 3485 572 3551 discreta
587 3486 696 3551 virtus
721 3485 933 3550 manifestius
962 3491 1182 3571 spectaretur,
1206 3483 1270 3549 sibi
1299 3506 1450 3573 quaeque

212 3615 296 3678 gens
312 3592 516 3658 consistunt.
534 3630 578 3643 -
599 3591 657 3670 ΙΨ,
676 3595 729 3669 24.
750 3591 892 3681 (Milites
912 3591 1071 3678 llomani)
1100 3589 1285 3656 fremebant
1309 3592 1451 3657 emissas

214 3723 232 3762 a
252 3699 470 3786 Mogontiaco
483 3700 688 3766 Batavorum
703 3699 871 3781 cohortes,
886 3697 1119 3763 dissimulatos
1134 3697 1252 3762 Civilis
1265 3706 1448 3766 conatus...

214 3844 257 3855 -—
282 3807 340 3882 ΙΨ,
373 3807 413 3870 25
454 3806 553 3872 Miles
579 3806 714 3895 culpam
738 3806 845 3873 cladis
864 3807 899 3871 in
921 3805 1152 3870 Hordeonium
1178 3805 1356 3872 vertebat:
1379 3808 1451 3873 eius

212 3914 307 3980 iussu
322 3915 493 3980 derectam
513 3915 677 3979 adversus
699 3915 846 3981 Batavos
871 3914 989 3993 aciem,
1008 3922 1182 4002 tamquam
1199 3938 1217 3979 a
1234 3913 1450 4002 Mogontiaco

213 4020 365 4110 legiones
392 4030 625 4111 sequerentur.
653 4060 694 4071 —
720 4022 778 4101 ΙΨ,
805 4022 858 4089 28.
884 4021 1062 4087 Machinas
1093 4020 1283 4110 molemque
1309 4046 1449 4112 operum

214 4130 351 4196 Batavis
371 4129 506 4217 delegat
519 4128 668 4217 (Civilis)
684 4151 691 4210 ς
713 4129 1034 4194 Transrhenanos...
1047 4165 1090 4175 -
1107 4127 1163 4208 ΙΨ,
1184 4129 1235 4194 ἱΙο,
1254 4128 1450 4196 Eduxerant

215 4238 335 4304 Batavi
350 4237 468 4302 turrim
483 4235 610 4324 duplici
626 4235 792 4302 tabulato,
809 4274 855 4285 -
877 4235 934 4316 ΙΨ,
949 4237 1002 4301 32.
1021 4234 1198 4323 (Loquitur
1220 4235 1354 4323 Civilis)
1371 4266 1386 4297 ι(
1399 4238 1448 4302 En

214 4370 278 4434 ego
294 4342 484 4433 praefectus
506 4343 607 4408 unius
626 4343 775 4408 cohortis
790 4350 824 4408 et
843 4342 1085 4407 Canninefates
1106 4341 1303 4431 Batavique,
1325 4344 1449 4430 exigna

213 4452 402 4544 Galliarum
424 4451 575 4539 portio...
598 4481 613 4510 »
636 4448 751 4531 -ΙΨ,
775 4450 829 4516 33,
855 4450 1076 4514 Fortissimus
1099 4450 1275 4537 quisquee
1299 4450 1449 4536 Batavis,

213 4569 378 4649 quantum
402 4557 554 4646 peditum
579 4565 661 4636 erat,
695 4556 909 4638 funduntur3
933 4579 1036 4645 eques
1066 4557 1175 4621 evasit
1195 4607 1218 4622 ..
1239 4596 1283 4607 -
1304 4557 1362 4638 ΙΨ,
1395 4558 1449 4626 56.

215 4665 378 4732 Claudius
387 4664 524 4731 Labeo..
557 4663 729 4753 pollicitus
743 4663 862 4751 (Dillio
874 4663 1094 4751 Voculae)...,
1113 4664 1240 4729 iturum
1256 4664 1290 4729 in
1306 4668 1453 4734 Batavos

213 4785 247 4841 et
263 4773 428 4863 potiorem
441 4772 725 4859 civitatispartem
740 4770 782 4835 ad
797 4772 993 4837 societatem
1006 4770 1194 4835 Romanam
1215 4780 1449 4855 retracturum,

214 4888 352 4969 accepta
380 4878 531 4969 peditum
557 4878 776 4967 equitumque
803 4878 933 4943 modica
965 4901 1065 4942 manu
1088 4877 1174 4942 nihil
1194 4880 1283 4966 apud
1306 4881 1453 4950 Batavos

215 5012 360 5055 ausus...
380 5026 420 5038 -
441 4985 499 5066 ΙΨ,
519 4987 572 5054 58.
588 4985 828 5069 (Contionatur
855 4987 945 5074 apud
960 4985 1085 5052 milites
1107 4986 1249 5074 l'ocula)
1270 5013 1286 5052 c
1308 4990 1452 5077 Signum
