3709 6234
830 875 1024 927 annuntiat.
1514 870 1567 924 315»

329 1041 395 1082 non
423 1017 456 1081 in
490 1017 562 1104 ripa
593 1016 845 1089 commercium,
868 1015 927 1080 sed
955 1016 1089 1103 penitus
1110 1023 1211 1103 atque
1231 1016 1264 1079 in
1293 1014 1566 1103 splendidissima

330 1125 465 1190 llaetiae
481 1124 672 1212 provinciae
687 1122 831 1188 colonia.
853 1160 898 1173 -
917 1121 972 1200 (3.
997 1122 1136 1188 Cotinos
1150 1122 1293 1202 Gallica,
1319 1123 1406 1186 Osos
1434 1122 1567 1185 Panno-

329 1232 403 1296 nica
440 1230 558 1317 lingua
598 1230 750 1317 coarguit
787 1253 853 1294 non
891 1253 966 1294 esse
1005 1233 1204 1306 Germanos,
1242 1237 1276 1294 et
1318 1228 1408 1316 quod
1442 1228 1566 1293 tributa

330 1339 546 1426 patiuntur...
565 1340 715 1402 Gotones
732 1345 916 1423 regnantur
928 1336 1029 1425 paulo
1044 1337 1110 1401 iam
1131 1335 1307 1401 adductius
1320 1358 1420 1423 quam
1436 1343 1567 1400 ceterae

329 1447 575 1510 Germanorum
598 1452 728 1528 gentes.
752 1484 794 1493 —
819 1448 870 1521 (A.
899 1444 969 1509 Nec
989 1466 1083 1508 arma
1104 1443 1206 1532 (apud
1227 1443 1400 1530 Suionas),
1421 1450 1459 1507 ut
1478 1442 1567 1530 apud

329 1560 459 1617 ceteros
492 1554 692 1629 Germanos,
720 1551 753 1615 in
782 1551 986 1639 promiscuo,
1021 1549 1081 1615 sed
1110 1549 1225 1615 clausa
1261 1548 1325 1614 sub
1349 1548 1499 1614 custode..
1524 1588 1567 1596 -

329 1658 383 1736 45.
401 1659 595 1724 Aestiorum
620 1667 780 1742 gentes...
806 1657 974 1723 tramenta
1004 1665 1201 1745 ceterosque
1229 1656 1357 1722 tructus
1384 1656 1567 1744 patientius

329 1789 433 1854 quam
449 1790 509 1855 pro
520 1764 619 1830 solita
634 1767 881 1829 Germanorum
897 1764 1016 1829 inertia
1032 1763 1198 1829 laborant.
1222 1803 1258 1813 -—
1271 1763 1326 1840 (6.
1343 1762 1568 1828 Peucinorum

331 1873 611 1960 b'enedorumque
644 1881 678 1938 ct
707 1872 898 1937 Fennorum
926 1872 1082 1935 nationes
1115 1872 1295 1935 Germanis
1322 1893 1363 1935 an
1403 1871 1568 1936 Sarmatis

329 1979 517 2045 adscribam
540 1979 671 2056 dubito,
700 2002 906 2067 quamquam
938 1978 1087 2059 Peucini,
1109 2002 1195 2067 quos
1223 1979 1360 2067 quidam
1387 1980 1568 2045 Bastarnas

330 2096 465 2163 vocant,
487 2109 655 2164 sermone,
678 2086 783 2168 cultu,
806 2085 885 2151 sede
905 2109 943 2151 ac
963 2084 1145 2150 domiciliis
1175 2094 1214 2151 ut
1234 2088 1393 2152 Germani
1420 2094 1566 2172 agunt...

332 2194 500 2260 Venedi...
519 2195 606 2259 inter
623 2196 810 2258 Germanos
826 2193 940 2280 potius
960 2193 1161 2266 referuntur,
1180 2194 1256 2282 quia
1275 2200 1308 2258 et
1323 2195 1441 2258 domos
1461 2195 1570 2279 ligunt

330 2310 364 2367 et
376 2311 471 2367 scuta
492 2309 628 2388 gestant
642 2310 674 2365 et
700 2301 825 2388 pcdum
853 2324 915 2365 usu
937 2323 974 2365 ac
1000 2301 1197 2387 pernicitate
1217 2300 1376 2384 gaudent.
1392 2340 1435 2350 —
1450 2302 1495 2367 Α.
1513 2300 1566 2367 32.

330 2409 510 2497 (Loquitur
550 2408 731 2495 Calgacus)
774 2439 788 2467 a
828 2408 899 2471 Nisi
929 2408 956 2470 si
992 2406 1109 2471 Gallos
1135 2416 1169 2472 et
1199 2409 1387 2472 Germanos
1419 2408 1491 2496 (qui
1535 2410 1569 2473 in

331 2515 480 2580 exercitu
500 2516 653 2579 llomanc
669 2519 804 2598 sunt)...
829 2514 893 2578 tide
909 2523 942 2578 et
962 2514 1095 2580 adlecta
1118 2515 1223 2580 teneri
1248 2516 1417 2603 putatis...
1447 2515 1569 2580 llecnr-

332 2621 504 2688 dabuntur
531 2621 620 2685 Galli
658 2622 803 2709 priorem
840 2620 1054 2697 libertatem;
1076 2621 1232 2685 deserent
1250 2621 1453 2708 (llornanos)
1468 2628 1569 2690 ceteri

332 2729 504 2806 Germani,
521 2737 706 2816 tamquam
722 2751 827 2814 nuper
848 2728 943 2814 l'sipi
958 2727 1193 2814 reliquerunt¹.
1214 2757 1228 2784 u

288 2834 579 2914 GEllMANlAE,
610 2832 869 2899 GllllblANlA.
897 2871 939 2882 -
973 2836 1068 2910 534.
1100 2834 1355 2921 (Germanicus)
1376 2835 1568 2924 praecipuis

331 2941 488 3008 laudibus
507 2941 683 3006 celebrans
694 2940 974 3028 quae('l'iberius)
989 2940 1079 3028 apud
1094 2942 1569 3029 Germanias...pulcherrima

331 3049 480 3115 lecisset.
502 3087 541 3096 -
566 3074 592 3127 r,
612 3051 665 3124 (l.
683 3047 886 3112 Germaniae
903 3046 1059 3134 populos.
1082 3085 1125 3098 -
1147 3072 1174 3128 1,
1194 3047 1248 3125 46.
1267 3074 1283 3112 a
1299 3049 1356 3113 An
1373 3051 1568 3135 Augustum

330 3156 420 3221 tessa
438 3163 548 3222 aetate
569 3157 695 3221 totiens
720 3155 754 3218 in
769 3155 970 3220 Germanias
995 3177 1184 3221 commeare
1217 3156 1378 3243 potuisse,
1397 3155 1568 3220 Tiberium

332 3265 505 3350 rigentem
534 3263 631 3327 annis
657 3262 773 3326 sedere
802 3262 836 3325 in
871 3268 1034 3327 senatu...
1053 3263 1068 3327 ’ἲ
1086 3286 1101 3324 a
1133 3299 1178 3312 -
1201 3286 1228 3339 r,
1252 3264 1305 3349 (7.
1334 3261 1484 3327 l'alidior
1512 3286 1572 3349 per

332 3371 548 3436 Germaniam
559 3369 740 3444 exercitus,
758 3369 895 3457 propior
916 3368 1006 3456 apud
1024 3368 1246 3433 Pannoniam.
1264 3406 1308 3418 --
1331 3393 1357 3447 r,
1375 3367 1430 3432 55.
1458 3369 1571 3432 Armi-

331 3478 408 3543 nius
423 3476 578 3542 turbator
597 3476 810 3541 Germaniae.
832 3512 873 3523 -
895 3500 920 3555 r,
946 3478 999 3563 57.
1028 3476 1129 3539 anno
1157 3498 1224 3563 quo
1244 3475 1446 3539 Germaniae
1465 3474 1572 3538 desci-

331 3606 420 3650 vere.
443 3620 486 3633 -
503 3609 533 3661 a,
565 3583 596 3650 5.
617 3584 767 3669 (tlogitat
787 3582 1023 3662 Germanicus)
1045 3582 1214 3667 integrum
1230 3581 1377 3668 equitem
1399 3603 1571 3669 equosque

331 3691 455 3779 (classe
476 3690 605 3777 vectos)
623 3712 754 3777 perora
788 3697 821 3754 et
842 3689 958 3753 alveos
984 3688 1162 3753 lluminum
1193 3688 1303 3752 media
1337 3688 1371 3751 in
1388 3688 1570 3752 Germania

333 3798 416 3863 lore.
434 3836 477 3846 —
497 3823 527 3879 2,
551 3799 582 3861 a.
611 3797 750 3861 lllrenus
773 3797 969 3885 (postquam
989 3795 1084 3861 velut
1113 3796 1146 3859 in
1183 3794 1268 3859 duos
1295 3817 1413 3859 amnes
1440 3794 1571 3859 divisus

333 3909 439 3991 est)...
471 3912 625 3970 serrat...
656 3926 780 3968 nomen
809 3912 842 3969 et
872 3902 1069 3967 violentiam
1098 3925 1230 3970 cursus.
1260 3924 1327 3989 qua
1354 3902 1572 3968 Germaniam

332 4010 556 4100 praeuehitur.
575 4050 618 4059 -
644 4037 674 4091 2,
696 4035 744 4076 ro.
762 4010 862 4074 Exim
885 4010 1012 4074 diversi
1043 4009 1262 4074 ordiuntur...
1291 4009 1495 4096 (Arminius)
1522 4009 1572 4074 las

334 4120 473 4206 patriae,
496 4118 686 4183 libertatem
702 4119 840 4192 avitam,
856 4117 1040 4206 penetralis
1055 4116 1255 4181 Germaniae
1271 4116 1394 4183 deos...
1411 4154 1454 4165 —
1470 4140 1502 4190 a,
1517 4117 1569 4184 23.

336 4226 490 4310 (Auster)
506 4226 630 4288 umidis
650 4225 850 4290 Germaniae
865 4226 1007 4291 terris...
1025 4223 1171 4290 validus.
1193 4263 1236 4273 —
1254 4248 1285 4302 2,
1316 4227 1369 4300 at.
1392 4227 1569 4302 Quanto...

336 4332 537 4397 truculentia
551 4332 635 4396 caeli
651 4340 800 4419 praestat
827 4332 1050 4398 Germania...
1066 4369 1110 4382 -
1127 4356 1159 4412 2,
1177 4329 1230 4396 26.
1257 4330 1425 4418 (Tiberius
1457 4340 1571 4397 monet

334 4440 588 4525 Germanicum)
599 4462 633 4502 se
651 4440 792 4502 noviens
807 4462 825 4503 a
839 4438 924 4502 Divo
935 4438 1092 4524 Augusto
1109 4438 1142 4501 in
1157 4439 1373 4502 Germaniam
1383 4438 1568 4505 missum...

335 4545 554 4632 llelinqueret
581 4546 756 4611 materiem
781 4545 881 4609 l)rusi
904 4543 1018 4608 fratris
1041 4543 1181 4630 gloriae,
1203 4545 1261 4632 qui
1288 4543 1476 4609 nullatum
1506 4545 1572 4609 alio

335 4652 430 4717 hoste
458 4676 523 4716 non
558 4653 623 4715 nisi
646 4653 735 4740 apud
752 4653 953 4715 Germanias
991 4651 1130 4738 adsequi
1160 4674 1282 4715 nomen
1318 4653 1570 4739 imperatorium

335 4769 461 4846 posset.
492 4798 535 4808 -
559 4782 591 4833 2,
620 4758 670 4833 (ti.
706 4757 979 4824 Maroboduus...
1014 4756 1201 4822 testabatur
1230 4757 1428 4822 vaecordem
1457 4760 1572 4822 Armi-

324 4997 330 5029 ¹
350 4996 474 5044 [Μίδαι
495 5001 525 5046 (1'.
545 4999 610 5048 3-15.
627 4999 707 5059 17-226,
723 4998 761 5044 tlt.
