3709 6234
294 812 348 868 754
825 818 851 870 l..
873 816 1043 872 l'lTELLlVS

341 948 470 1015 rianam
486 948 641 1015 militiam
654 949 879 1037 repetebanta
893 950 1031 1017 Vitellio
1045 950 1188 1029 dimissi,
1200 974 1261 1039 pro
1278 952 1492 1041 Vespasiano
1503 977 1586 1019 con·

340 1058 483 1144 gregati.
502 1094 543 1108 -
561 1056 619 1139 lV‚
639 1059 691 1146 4:¹-
710 1056 875 1145 Abrogati
891 1058 971 1123 inde
992 1058 1101 1144 legem
1123 1058 1251 1124 ferente
1272 1059 1469 1125 Domitiano
1499 1084 1585 1127 con-

340 1162 484 1242 sulatuS,
500 1187 585 1253 quos
600 1163 759 1229 Vitellius
781 1166 931 1232 dederat.
962 1205 1005 1214 -
1034 1165 1092 1243 lV,
1110 1168 1164 1255 49.
1190 1165 1373 1253 Legionem
1395 1167 1431 1232 in
1460 1168 1582 1233 Africa

339 1271 477 1358 regebat
492 1272 647 1336 Valerius
664 1272 826 1340 Festus...
850 1273 1023 1339 adfinitate
1038 1273 1165 1338 Vitellii
1178 1275 1312 1341 anxius.
1334 1313 1378 1325 -
1391 1275 1450 1353 lV,
1465 1276 1583 1343 snat

296 1424 298 1427 -
339 1378 547 1467 Vespasiano
578 1387 654 1468 post
681 1378 944 1446 Cremonensem
974 1404 1123 1469 pugnam
1156 1388 1189 1446 ct
1214 1404 1395 1470 prosperos
1424 1382 1580 1472 undique

339 1487 477 1552 nuntios
488 1486 649 1552 cecidisse
665 1487 839 1553 Vitellium
852 1488 952 1553 multi
967 1489 1226 1553 nuntiavere-
1237 1489 1294 1570 IV,
1310 1489 1364 1567 54.
1377 1489 1508 1556 Audita
1525 1492 1580 1556 in-

337 1594 436 1659 terim
456 1618 515 1682 per
528 1593 656 1660 Gallias
675 1595 943 1684 Germaniasque
968 1619 1059 1660 mors
1080 1595 1210 1661 Vitellii
1234 1595 1468 1684 duplicaverat
1504 1597 1579 1663 bel-

337 1702 451 1769 lum...
471 1702 724 1792 Incesseratque
742 1703 829 1768 lama
845 1703 1011 1791 primores
1024 1702 1212 1767 Galliarum
1226 1702 1267 1768 ab
1293 1703 1425 1770 Othone
1448 1705 1577 1771 adver·

337 1833 395 1874 sus
430 1809 605 1876 Vitellium
634 1811 768 1887 missos,
805 1818 986 1899 antequam
1017 1809 1286 1898 digrederentur,
1315 1812 1499 1900 pepigisse,
1531 1837 1578 1879 ne

334 1917 491 1984 deessent
506 1917 667 1999 libertati,
685 1918 754 1983 si...
769 1958 806 1970 -
826 1918 883 1999 lV,
902 1917 956 1984 55.
974 1917 1109 2004 (lulius)
1122 1918 1227 1983 Tutor
1243 1919 1334 2006 ripae
1355 1920 1464 1985 llheni
1480 1922 1575 1985 aVi·

337 2022 428 2088 tellio
442 2022 643 2110 praelectus.
668 2062 709 2072 —
727 2024 784 2099 IV,
812 2022 866 2088 58.
897 2023 1137 2111 (Contionatur
1165 2023 1289 2088 Dillius
1318 2025 1445 2091 Vocula
1480 2027 1575 2115 apud

334 2130 473 2217 milites)
505 2155 521 2195 a
544 2129 692 2196 Pecunia
714 2154 820 2219 nuper
844 2130 946 2196 etiam
973 2130 1134 2196 donativo
1165 2131 1311 2203 sullecit.
1334 2132 1424 2221 quod
1450 2134 1523 2199 sive
1553 2158 1573 2199 a

335 2237 542 2326 Vespasiano
558 2238 629 2302 sive
650 2261 668 2303 a
685 2237 823 2303 Vitellio
840 2237 958 2303 datum
977 2238 1191 2325 interpretari
1211 2239 1384 2317 mavultis,
1402 2240 1443 2305 ab
1468 2241 1575 2331 impe·

336 2353 446 2410 ratore
465 2353 554 2410 certe
570 2346 723 2410 Romano
740 2344 929 2433 accepistis,
951 2373 966 2406 u
999 2383 1043 2393 -
1068 2346 1125 2425 lV,
1151 2371 1204 2435 7⁰·
1232 2347 1298 2411 Ala
1318 2345 1569 2435 Singularium,

332 2454 440 2519 excita
461 2452 541 2517 olim
557 2476 575 2517 a
594 2452 742 2533 Vitellio,
761 2452 882 2518 deinde
903 2453 938 2517 in
959 2460 1073 2543 partes
1098 2453 1298 2541 Vespasiani
1336 2463 1568 2542 transgressa.

331 2598 374 2609 -—
392 2560 448 2641 IV,
470 2561 524 2628 80.
545 2559 656 2625 lsdem
675 2559 794 2626 diebus
809 2560 987 2626 Mucianus
1007 2559 1136 2625 Vitellii
1157 2561 1264 2625 lilium
1285 2561 1430 2627 interlici
1460 2562 1571 2641 iubet,

332 2690 527 2732 mansuram
547 2666 750 2733 discordiam
767 2666 970 2749 obtendens,
988 2667 1023 2732 ni
1038 2667 1168 2732 semina
1181 2666 1262 2733 belli
1279 2669 1507 2736 restinxisset.
1525 2709 1573 2721 —

332 2775 373 2850 V,
393 2774 446 2840 26.
466 2774 646 2863 (Loquitur
667 2775 772 2839 lulius
786 2774 921 2861 Civilis)
956 2803 971 2836 a
988 2775 1025 2841 Si
1045 2774 1135 2863 apud
1151 2775 1299 2840 Vitellii¹
1328 2775 1479 2862 legatum
1506 2777 1571 2845 de-

329 2882 525 2949 fenderer...
546 2919 591 2933 -
609 2883 648 2964 0,
671 2907 720 2971 ¹7·
744 2908 760 2947 u
785 2882 885 2948 lllum
909 2882 1038 2948 Galbae
1060 2890 1094 2948 et
1118 2882 1262 2950 Othonis
1281 2891 1315 2950 et
1337 2884 1465 2949 Vitellii
1493 2885 1570 2951 lon·

329 3013 409 3076 gum
426 2997 460 3055 et
478 3013 585 3055 unum
604 3014 731 3056 annum
749 2989 799 3057 »‘².

285 3097 323 3163 L.
343 3097 589 3177 VITELLlVS,
613 3096 884 3165 VITELLIV83.
902 3136 944 3146 -
960 3098 993 3177 6,
1008 3101 1061 3164 28.
1092 3100 1198 3165 Paulo
1219 3098 1323 3165 Fabio
1347 3099 1385 3165 L.
1424 3099 1569 3166 Vitellio

328 3204 538 3270 consulibus.
562 3243 606 3253 —
625 3205 658 3282 6,
673 3206 726 3271 32.
758 3204 953 3272 Tiberius..
985 3206 1128 3288 cunctis,
1158 3230 1244 3295 quae
1274 3207 1362 3295 apud
1387 3207 1566 3273 Orientem

326 3311 544 3401 parabantur,
578 3312 615 3377 L.
645 3312 819 3377 Vitellium
847 3312 1020 3399 praefecit.
1054 3312 1101 3378 Eo
1133 3314 1174 3379 de
1202 3315 1337 3379 homine
1360 3314 1451 3379 haud
1486 3339 1566 3380 sum

327 3421 464 3506 ignarus
479 3421 652 3484 sinistram
671 3421 705 3484 in
721 3420 801 3485 urbe
818 3420 955 3502 lamam,
976 3420 1137 3509 pleraque
1149 3422 1247 3487 foeda
1258 3423 1449 3486 memorari.
1466 3422 1566 3488 Cete-

326 3551 400 3591 rum
416 3527 573 3613 regendis
598 3528 783 3614 provinciis
813 3529 923 3614 prisca
945 3529 1071 3594 virtute
1094 3529 1173 3616 egit.
1201 3530 1296 3594 Vnde
1326 3553 1502 3617 regressus
1531 3539 1566 3596 et

325 3634 504 3699 formidine
531 3635 568 3700 C.
597 3636 764 3712 Caesarie,
780 3635 1007 3701 familiaritate
1025 3634 1157 3700 Claudii
1188 3644 1286 3723 turpe
1315 3638 1348 3700 in
1383 3637 1563 3702 servitium

326 3750 518 3807 mutatus..
543 3783 581 3794 -
610 3742 708 3822 6,36.
727 3742 795 3806 Nec
812 3742 887 3806 ideo
912 3741 1118 3807 abscedebat
1144 3741 1382 3828 (Artabanus),
1409 3744 1443 3806 ni
1472 3767 1564 3809 con-

323 3850 440 3916 tractis
451 3848 642 3936 legionibus
655 3848 812 3937 Vitellius
829 3858 862 3914 et
884 3848 1019 3914 subdito
1038 3872 1185 3931 rumore,
1205 3857 1377 3937 tamquam
1394 3850 1560 3938 Mesopo-

324 3958 461 4023 tamiam
486 3957 679 4033 invasurus,
707 3965 835 4021 rnctunr
872 3956 1016 4022 llornani
1037 3956 1118 4021 belli
1148 3957 1296 4024 lecisset.
1319 3958 1403 4021 Tum
1432 3960 1563 4025 omissa

324 4065 485 4130 Armenia
514 4088 699 4151 versaeque
729 4063 895 4129 Artabani
921 4088 986 4143 reS,
1015 4064 1186 4129 inliciente
1204 4064 1341 4129 Vitellio
1361 4065 1563 4133 desererent

323 4197 435 4259 regem
447 4196 583 4236 saevum
601 4173 634 4235 in
647 4195 727 4259 pace
743 4181 776 4236 ct
792 4172 944 4236 adversis
960 4171 1166 4259 proeliorum
1188 4172 1380 4249 exitiosum,
1394 4211 1436 4219 -
1453 4173 1485 4252 6,
1501 4173 1560 4264 37.

322 4282 369 4345 At
386 4279 542 4345 Vitellius
558 4279 701 4366 profugo
720 4279 895 4344 Artabano
912 4288 945 4344 et
968 4281 1065 4344 llexis
1086 4279 1128 4344 ad
1158 4302 1284 4344 novum
1309 4303 1421 4366 regern
1448 4303 1563 4368 popu-

322 4388 443 4452 larium
460 4387 593 4468 animis,
612 4386 949 4451 liortatus'l‘iridaten
973 4396 1090 4474 parata
1102 4409 1290 4474 capessere,
1314 4386 1416 4450 robur
1444 4387 1562 4474 legio-

321 4519 401 4559 num
417 4495 652 4581 sociorumque
682 4494 789 4581 ripam
819 4493 861 4558 ad
883 4495 1066 4582 Euphratis
1095 4493 1228 4559 ducit...
1258 4493 1417 4559 Vitellius
1443 4505 1565 4564 osten-

305 4776 312 4810 ¹
330 4776 375 4828 M:
393 4777 511 4826 uilellir'e.
530 4777 709 4827 Doederlein:
725 4777 913 4827 Vitellianum.

304 4859 316 4892 ²
334 4857 365 4906 V.
384 4859 464 4906 etiarn
480 4858 499 4910 l.
518 4860 564 4915 88;
584 4858 617 4914 ll,
635 4858 674 4919 37,
690 4858 734 4907 62:
755 4859 800 4913 lll,
818 4859 924 4921 77:1V.
943 4875 965 4917 2,
982 4861 1020 4906 25.

303 4941 313 4972 ‘·'
331 4939 453 4996 Pnosor.,
469 4941 524 4987 500.
543 4940 717 5001 Imperatoris
734 4942 819 5001 pater.
