3709 6234
802 867 923 919 PALLAS
1449 864 1503 918 513

265 1011 349 1089 eius,
365 1033 431 1099 qua
448 1010 615 1075 Palatium
632 1018 664 1074 et
677 1009 883 1074 Maecenatis
898 1008 1016 1074 hortos
1030 1009 1298 1082 continuaverat,
1315 1008 1404 1095 ignis
1419 1032 1502 1097 pro-

266 1119 455 1206 pinquaret.
475 1116 591 1206 Neque
616 1123 729 1182 tamen
761 1116 834 1181 sisti
854 1117 977 1203 potuit,
1000 1118 1082 1204 quin
1100 1125 1134 1182 et
1149 1115 1318 1182 Palatium
1333 1123 1367 1181 et
1382 1115 1503 1181 domus

266 1232 300 1289 et
314 1231 436 1289 cuncta
462 1225 588 1289 circum
617 1222 840 1287 haurirentur.
874 1259 912 1270 -
945 1223 994 1304 15,
1013 1248 1068 1312 72.
1091 1223 1221 1289 Nero...
1244 1221 1433 1311 (Olenium)
1447 1223 1503 1286 Ti-

265 1331 430 1415 gellinum
450 1339 484 1396 et
498 1331 709 1418 (Cocceium)
725 1329 871 1395 Nervam
889 1330 935 1395 ita
952 1330 1132 1400 extollens.
1150 1338 1188 1395 ut
1204 1330 1503 1418 supertriumpha·

267 1438 315 1503 les
331 1439 365 1502 in
381 1438 453 1503 loro
463 1438 629 1525 imagines
646 1436 736 1524 apud
750 1436 918 1502 Palatium
933 1461 1066 1526 quoque
1082 1436 1211 1525 efligies
1223 1459 1339 1504 eorum
1355 1438 1501 1503 sisteret.

265 1584 309 1595 -
330 1545 355 1622 l,
379 1571 429 1633 ¹7·
447 1545 727 1611 Circumsteterat
742 1544 876 1609 interim
894 1544 1062 1610 Palatium
1072 1544 1206 1633 publica
1223 1544 1442 1633 exspectatio.
1461 1583 1504 1595 -

269 1653 292 1731 l,
316 1677 370 1742 29.
389 1652 521 1717 Placuit
536 1651 755 1740 pertemptari
783 1652 934 1716 animum
950 1651 1110 1729 cohortis,
1128 1675 1212 1741 quae
1233 1652 1268 1717 in
1284 1651 1415 1717 Palatio
1435 1659 1503 1716 sta·

266 1761 390 1825 tionem
412 1760 545 1847 agebat.
569 1799 611 1809 —
630 1759 654 1836 l,
669 1760 722 1824 32.
741 1758 907 1824 Vniversa
923 1759 990 1824 iam
1009 1758 1106 1847 plebs
1137 1759 1306 1825 Palatium
1326 1758 1500 1847 implebat.

265 1869 341 1946 —l,
360 1868 413 1932 35.
428 1868 587 1956 Equitum
601 1865 752 1955 plerique
765 1890 802 1931 ac
823 1874 1058 1933 senatorum...
1075 1866 1226 1932 refractis
1242 1866 1363 1932 Palatii
1376 1866 1504 1932 loribus

265 1999 360 2039 ruere
376 1976 509 2040 intus..
532 1973 661 2039 Obvius
676 1974 709 2038 in
726 1973 855 2039 Palatio
872 1972 1027 2062 (Galbae)
1040 1973 1145 2038 lulius
1161 1974 1297 2039 Atticus
1316 2024 1336 2040 ..
1354 2013 1396 2023 -
1408 1974 1436 2052 Ι,
1448 1975 1501 2064 39.

266 2082 337 2145 Alii
353 2083 386 2146 in
403 2080 569 2146 l’alatium
598 2080 705 2146 redire
736 2080 920 2168 (Galbam),
939 2080 997 2145 alii
1019 2079 1225 2169 Capitolium
1244 2089 1357 2170 petere
1374 2081 1503 2170 (cense-

266 2190 374 2274 bant).
391 2229 432 2239 -
449 2188 474 2263 l,
496 2191 551 2275 (7.
570 2187 659 2253 Otho
687 2195 826 2253 cruente
852 2187 962 2252 adhuc
993 2187 1105 2253 loro...
1125 2188 1158 2252 in
1182 2187 1387 2277 Capitolium
1403 2197 1504 2278 atque

271 2296 349 2360 inde
365 2297 398 2360 in
416 2294 584 2359 Palatium
600 2303 759 2362 vectus...
777 2333 819 2343 -
835 2294 860 2372 Ι,
885 2319 938 2381 72.
961 2294 1009 2359 Eo
1039 2295 1201 2360 infensior
1216 2295 1372 2384 populus,
1390 2295 1503 2361 addita

267 2403 421 2467 advetus
446 2401 604 2487 Tigellini
620 2402 733 2466 odium
750 2402 876 2467 recenti
891 2401 958 2467 Titi
980 2401 1068 2467 Vinii
1084 2402 1224 2486 invidia,
1242 2426 1439 2468 concurrere
1462 2427 1503 2468 ex

267 2520 337 2575 tota
368 2510 450 2574 urbe
477 2510 511 2572 in
538 2508 706 2574 Palatium
726 2532 764 2573 ac
793 2508 906 2574 sora...
938 2547 981 2557 -
1014 2508 1110 2586 l,80.
1137 2510 1247 2598 ltapta
1264 2533 1368 2587 arma,
1386 2509 1504 2576 nudati

267 2617 390 2704 gladii;
408 2616 594 2681 insidentes
622 2616 717 2704 equis
736 2615 853 2680 urbem
879 2639 917 2681 ac
934 2616 1101 2682 Palatium
1117 2624 1237 2705 petunt
1259 2618 1501 2706 (praetoriani).

266 2762 305 2774 -
333 2724 357 2804 l,
376 2726 429 2789 82.
449 2723 597 2789 Militum
610 2724 757 2811 impetus
778 2746 819 2788 ne
836 2723 964 2789 loribus
979 2723 1116 2812 quidem
1131 2723 1253 2790 Palatii
1268 2725 1445 2791 coercitus.
1461 2764 1503 2776 -

274 2831 333 2905 lll,
352 2831 405 2919 67.
419 2830 605 2917 (Vitellius)
617 2830 710 2917 pullo
730 2832 856 2896 amictu
873 2830 1004 2896 Palatio
1030 2831 1266 2919 degreditur...
1282 2872 1325 2884 -
1341 2832 1402 2913 ΙΙΙ,
1417 2831 1500 2900 68...

272 2939 484 3028 Domumque
505 2938 617 3004 fratris
641 2938 807 3026 petiturus
822 2937 990 3004 discessit.
1010 2939 1119 3006 Maior
1131 2940 1185 3005 hie
1199 2940 1503 3006 clamorobsisten·

270 3048 352 3110 tium
376 3045 555 3134 penatibus
587 3046 739 3132 privatis,
769 3046 802 3110 in
832 3045 999 3111 Palatium
1026 3048 1233 3113 vocantium.
1279 3046 1502 3113 Interclusum

268 3154 360 3218 aliud
376 3154 449 3232 iter,
473 3152 573 3241 idque
603 3151 725 3228 solum,
759 3176 825 3240 quo
845 3152 879 3217 in
908 3177 1039 3218 sacrani
1064 3155 1154 3219 viam
1168 3162 1333 3242 pergeret,
1351 3154 1499 3242 patebat.

266 3263 350 3326 'l'um
367 3259 498 3324 consilii
514 3260 612 3347 inops
627 3259 661 3324 in
677 3258 843 3324 Palatium
859 3261 1005 3326 redit-
1018 3260 1078 3340 ΙΙΙ,
1089 3285 1141 3350 70.
1162 3291 1177 3322 u
1189 3262 1316 3328 Contra
1327 3263 1355 3326 V
1358 3262 1501 3327 itelliunr

267 3371 300 3433 in
319 3369 498 3445 Palatium,
530 3368 563 3430 in
599 3368 705 3454 ipsam
735 3367 867 3454 imperii
891 3389 1001 3432 arcem
1028 3391 1218 3454 regressum
1251 3394 1279 3434 u.
1306 3407 1346 3421 -
1366 3368 1425 3444 ΙΙΙ,
1446 3374 1499 3457 74.

267 3478 419 3541 Stantem
436 3495 496 3562 pro
515 3472 675 3561 gradibus
689 3473 810 3538 Palatii
827 3472 1003 3539 Vitellium
1019 3483 1052 3540 et
1066 3498 1182 3562 preces
1196 3485 1372 3564 parantem
1388 3478 1499 3564 pervi-

266 3607 339 3648 cere
356 3582 467 3670 (plcbs
483 3590 517 3645 et
534 3580 715 3666 milites)...
734 3619 777 3628 -
793 3580 854 3656 ΙΙΙ,
872 3583 926 3657 84.
949 3581 1106 3646 Vitellius
1122 3590 1219 3670 capta
1236 3582 1317 3647 urbe
1334 3606 1393 3671 per
1405 3606 1501 3647 aver-

267 3714 340 3755 sam
357 3689 477 3753 Palatii
486 3696 615 3775 partem
627 3688 837 3753 Aventinum
849 3688 882 3752 in
892 3687 1031 3752 domurn
1042 3690 1159 3753 uxoris
1174 3688 1294 3754 sellula
1309 3690 1499 3757 defertur...

270 3797 305 3860 ln
328 3796 493 3860 l'alatium
523 3795 712 3881 regreditur
740 3803 872 3860 vastum
902 3794 1183 3885 desertumque...
1207 3836 1246 3845 -
1273 3803 1315 3863 A.
1334 3798 1501 3884 (odgri-

267 3904 340 3968 cola
363 3903 523 3989 (reduxe
550 3902 779 3987 Britannia)...
811 3911 913 3966 noctu
929 3903 963 3966 in
987 3902 1118 3983 urbem,
1150 3902 1498 3977 noctuinl‘alatium,

267 4012 312 4075 ita
329 4020 366 4075 ut
381 4017 597 4097 praeceptum
614 4017 698 4083 erat,
716 4008 821 4073 venit.

223 4118 399 4182 l‘ALLNS
410 4118 429 4181 ¹.
441 4155 485 4166 -
502 4141 510 4179 r
524 4140 614 4203 rag).
632 4117 683 4179 :lc
694 4116 802 4203 primo
816 4115 1018 4182 Callistus...
1032 4124 1106 4182 et...
1121 4116 1299 4182 Narcissus
1309 4119 1501 4205 flagrantis-

268 4226 419 4312 simaque
440 4248 478 4288 eo
497 4225 530 4287 in
546 4232 697 4309 tempore
712 4223 819 4308 gratia
840 4222 952 4288 Pallas
973 4225 1157 4310 agitavere,
1179 4247 1260 4289 num
1283 4224 1499 4291 Messalinam

267 4334 404 4398 secretis
424 4331 525 4394 minis
547 4329 756 4417 depellerent
779 4353 893 4395 amore
914 4330 1029 4397 Silii...
1056 4331 1141 4397 llein
1162 4340 1295 4398 metu...
1319 4332 1498 4412 desistunt,

270 4440 381 4504 l‘allas
408 4462 466 4525 per
493 4438 676 4523 ignaviam,
709 4435 912 4504 Callistus...
939 4476 983 4485 —
1015 4461 1066 4520 ιι,
1097 4439 1150 4503 88.
1178 4439 1319 4504 Decreta
1344 4439 1501 4506 Narcisso

267 4546 455 4634 quaestoria
467 4544 626 4630 insignia,
642 4544 851 4608 levissimum
862 4544 997 4609 fastidio
1011 4546 1095 4626 eiuS,
1111 4569 1187 4610 cum
1199 4569 1300 4635 supra
1313 4546 1501 4613 Pallantem

267 4663 300 4718 et
314 4653 493 4718 Callistum
509 4659 634 4737 ageret.
652 4687 696 4700 -
716 4675 765 4722 ru,
788 4676 814 4717 r.
837 4650 919 4716 tlrto
942 4651 1033 4740 apud
1051 4651 1191 4718 libertos
1207 4653 1390 4719 certamine
1409 4657 1500 4742 (cum

266 4785 352 4826 uxor
365 4759 506 4823 Claudio
519 4756 697 4843 deligenda
711 4759 826 4842 esset).
835 4810 856 4824 ..
874 4758 986 4823 Pallas
998 4760 1220 4848 (Agrippinae.
1236 4760 1346 4828 fautor
1358 4762 1500 4850 aderat).

254 4983 259 5013 ¹
277 4981 458 5041 (Antonius.)
477 4980 575 5029 Pullus.
593 4979 716 5039 Pansam,
732 4988 770 5041 tq.

319 5088 396 5135 t'srr.
416 5103 448 5135 na
467 5087 547 5134 Lrux.
567 5112 596 5122 -
615 5086 698 5134 Fanni
1394 5089 1426 5139 aa
