3709 6234
667 867 869 921 mathomus
890 868 1021 919 PlShNVS
1438 861 1486 917 tot

255 1008 335 1073 tium
369 1029 546 1072 emensum
579 1030 653 1072 esse
688 1008 842 1089 Paetum,
879 1007 1023 1073 desertis
1050 1006 1176 1095 passim
1214 1006 1488 1095 sauciis,·neque

254 1115 362 1179 minus
389 1114 574 1179 deformem
604 1114 698 1179 illam
722 1115 925 1201 fugientium
942 1114 1214 1202 trepidationem,
1232 1135 1333 1201 quam
1353 1114 1381 1177 si
1395 1121 1490 1200 terga

253 1222 286 1286 in
307 1222 414 1286 aciem
442 1222 637 1288 vertissent.
672 1262 712 1275 -
749 1224 798 1297 15,
840 1247 891 1311 ¹7·
907 1222 1005 1286 Exim
1023 1221 1147 1286 Paetus
1163 1243 1222 1309 per
1242 1218 1490 1308 Cappadociam

252 1328 453 1395 hibernavit.
470 1368 514 1378 —
534 1329 584 1412 15,
604 1332 656 1407 ait.
677 1329 794 1415 Legati
825 1329 1027 1395 Parthorum
1043 1327 1202 1393 mandata
1219 1328 1309 1414 regis
1326 1327 1491 1414 Vologae-

253 1436 338 1502 sis...
369 1437 544 1524 (Romam)
588 1436 732 1502 attulere
755 1457 762 1503 :
782 1466 797 1498 a
819 1489 826 1503 .
849 1436 992 1524 ..Nuper
1025 1435 1178 1500 clausum
1207 1435 1393 1522 Tigranem
1414 1442 1493 1523 post

254 1541 394 1609 Paetum
405 1543 636 1633 legionesque,
650 1567 725 1609 cum
740 1544 931 1632 opprimere
940 1551 1067 1631 posset,
1081 1542 1268 1608 incolumes
1280 1542 1461 1608 dimisisse.
1475 1565 1491 1604 o

253 1688 294 1700 —
315 1653 364 1726 15,
384 1650 436 1715 25.
455 1651 592 1716 Talibus
612 1650 811 1738 Vologaesis
837 1650 973 1729 litteris,
1004 1651 1083 1737 quia
1104 1650 1229 1716 Paetus
1242 1648 1387 1728 diversa,
1406 1656 1493 1714 tam-

253 1781 353 1846 quam
366 1760 465 1825 rehus
482 1758 624 1845 integris
644 1758 824 1825 scrihebat.
847 1809 868 1837 .,
883 1758 1032 1823 Corbulo
1048 1757 1210 1843 (gerendo
1227 1757 1316 1822 hello
1330 1757 1493 1823 adversus

254 1864 408 1953 Parthos)
430 1866 633 1954 praeficitur,
650 1889 690 1932 ne
705 1867 800 1931 cuius
820 1866 960 1931 alterius
983 1866 1116 1931 inscitia
1130 1889 1263 1930 rursum
1279 1874 1490 1953 peccaretur,

254 1976 331 2063 quia
343 1975 437 2041 Paeti
449 1976 645 2063 piguerat...
665 1975 870 2062 Regressum
886 1976 1040 2050 Paetum,
1054 1998 1130 2040 cum
1143 1975 1298 2062 graviora
1314 1983 1490 2058 metueret,

254 2081 383 2148 facetiis
411 2083 570 2148 insectari
598 2083 681 2148 satis
709 2083 825 2149 hahuit
859 2081 997 2149 Caesar.
1015 2120 1058 2131 -
1079 2082 1129 2163 15,
1149 2083 1203 2150 ali.
1226 2082 1388 2171 (Corbulo
1403 2083 1493 2171 apud

254 2189 392 2278 milites)
411 2190 581 2256 orditur...
611 2191 790 2279 magnilica
820 2190 861 2255 de
887 2191 1047 2278 auspiciis
1064 2191 1278 2278 imperatoris
1291 2190 1459 2280 rebusque
1475 2215 1492 2255 a

254 2321 288 2362 se
306 2298 425 2385 gestis,
443 2297 584 2363 adversa
601 2298 635 2362 in
651 2298 821 2363 inscitiam
838 2298 932 2363 Paeti
947 2297 1134 2363 declinans.
1157 2335 1202 2348 -
1227 2298 1276 2378 15,
1299 2298 1352 2361 28.
1371 2299 1491 2375 Locus,

254 2404 286 2470 in
306 2427 373 2494 quo
411 2428 516 2494 nuper
537 2405 695 2470 obsessae
707 2428 783 2470 cum
801 2405 906 2471 Paeto
920 2405 1071 2492 legiones
1086 2412 1193 2481 erant,
1211 2427 1288 2469 cum
1303 2407 1335 2491 (a
1346 2404 1493 2470 Tiridate

253 2511 431 2601 conloquio
450 2512 601 2578 delectus
616 2514 747 2601 esset).
771 2562 777 2576 .
795 2511 980 2578 Corbuloni
1002 2535 1069 2577 non
1084 2513 1253 2579 vitatus...
1273 2512 1390 2600 Neque
1409 2512 1494 2577 infa-

256 2619 319 2683 mia
335 2618 430 2685 Paeti
443 2619 640 2708 augebatur,
664 2619 753 2709 quod
770 2643 809 2685 eo
829 2620 977 2684 maxime
1004 2620 1125 2707 patuit,
1147 2620 1225 2708 quia
1256 2619 1324 2683 lilio
1345 2618 1418 2684 eius
1433 2620 1494 2684 tri-

254 2724 344 2790 buno
371 2725 493 2792 ducere
524 2727 714 2815 manipulos
741 2733 841 2815 atque
871 2727 1001 2814 operire
1035 2726 1194 2814 reliquias
1228 2726 1336 2791 malae
1360 2749 1493 2814 pugnae

255 2834 464 2922 imperavit¹.

213 2941 375 3008 CAESIA
404 2941 552 3007 SILVA.
584 2981 622 2994 -
658 2972 684 3007 r.
718 2945 771 3006 50.
804 2944 850 3007 At
874 2944 1049 3006 llomauus
1063 2942 1198 3028 agmine
1213 2965 1357 3030 propero
1371 2941 1491 3007 silvam

254 3048 409 3115 Caesiam
425 3048 670 3137 limitemquea
691 3047 825 3113 Tiberio
844 3057 1002 3136 coeptum
1024 3048 1159 3115 scindit.

213 3154 550 3233 'CAESILIANVQ
573 3179 607 3220 v.
633 3155 952 3222 caucllnaa'vs.

213 3262 424 3328 'catlslt's
441 3261 685 3341 AE1.1nNVS‚
704 3287 736 3327 v.
756 3261 1074 3327 ulltCnlANt's.

212 3367 400 3434 CAESIVS
415 3369 605 3437 CORDVS.
623 3408 667 3418 —
682 3370 713 3447 3,
732 3370 784 3435 38.
806 3369 997 3434 Ancharius
1015 3369 1150 3433 Priscus
1167 3370 1324 3434 Caesium
1341 3370 1490 3436 Cordum

253 3500 312 3564 pro
340 3476 481 3543 consule
511 3476 630 3543 Cretae
661 3476 893 3564 postulaverat
916 3475 1125 3564 repetundis,
1155 3476 1269 3542 addito
1305 3478 1491 3543 maiestatis

255 3585 405 3650 erimine.
423 3624 466 3634 -
483 3584 515 3660 3.
535 3609 588 3673 7⁰·
607 3584 690 3649 Post
718 3584 824 3649 auditi
844 3584 1056 3671 Cyrenenses
1072 3591 1106 3648 et
1121 3592 1303 3649 accusante
1319 3584 1489 3650 Anchario

255 3692 370 3757 Prisco
388 3690 528 3757 Caesius
544 3692 677 3757 Cordus
690 3691 954 3780 repetundarum
969 3692 1161 3761 damnatur.

213 3798 401 3865 CAESll'S
415 3797 597 3866 NASICA.
616 3839 659 3849 —
686 3824 737 3870 ra.
761 3802 814 3875 to.
843 3800 961 3887 Neque
981 3801 1108 3890 dispari
1123 3805 1247 3866 eventu
1267 3808 1454 3887 pugnatum
1471 3824 1490 3865 a

254 3906 398 3994 legione,
413 3907 466 3972 cui
482 3906 621 3973 Caesius
641 3906 764 3971 Nasica
779 3915 933 3993 praeerat
947 3908 996 3994 (in
1019 3906 1221 3994 Britannia).

213 4012 421 4080 'CAESlVS
445 4013 694 4086 PllOCl'LVS.
712 4037 746 4079 v.
770 4013 954 4080 CESTIVS
971 4014 1221 4080 PROCVLVS.

215 4120 491 4188 ’casssoh'lvs
511 4120 736 4198 MAXIMVS,
764 4145 796 4185 v.
820 4120 1102 4187 CAESENNIVS
1125 4119 1352 4191 MAXIMVS.

214 4227 492 4294 'CAESONIVS
514 4226 664 4293 PAETl'
665 4227 701 4308 S,
719 4252 752 4292 v.
772 4226 1054 4293 CAESENNIVS
1072 4228 1260 4294 PAETVS.

214 4334 250 4402 C.
279 4334 597 4402 CAETRONIt's2.
631 4374 669 4383 -
713 4359 740 4411 r,
776 4336 830 4411 dh.
849 4333 1156 4401 Seditiosissimum
1176 4358 1344 4424 quemque
1361 4336 1493 4402 vinctos

255 4443 395 4509 trahunt
411 4442 453 4507 ad
471 4441 620 4530 legatum
635 4442 779 4528 legionis
799 4440 927 4529 primae
949 4443 987 4506 C.
1006 4443 1236 4510 Caetronium.

215 4547 499 4615 CAETRONIVS
527 4548 730 4624 PISANVS,
765 4585 808 4597 -
824 4547 881 4622 lv,
901 4549 953 4614 50.
973 4549 1143 4635 (Valerius
1161 4550 1280 4615 l'estus
1302 4549 1444 4638 legionis
1460 4551 1492 4616 in

246 4890 253 4924 ¹
271 4889 293 4935 V
322 4890 404 4939 elium
425 4892 461 4943 15.
479 4891 516 4946 13,
532 4891 568 4939 15.

246 4968 373 5032 *tulga
395 4972 425 5021 C.
442 4969 598 5021 Cetronius.

276 5078 356 5130 Uarr.
375 5093 409 5129 οι
428 5078 511 5131 tuor.
527 5105 557 5115 -
576 5075 668 5126 Runa.
