3709 6234
786 869 814 921 Ι).
839 866 983 923 SVlLthS
1468 868 1522 925 639

285 1007 394 1095 magis
412 990 671 1074 defensionibus
686 1031 788 1097 quam
804 1009 958 1076 honestis
975 1017 1152 1076 uterentur
1162 1008 1180 1091 ;¹
1193 1009 1417 1098 proditionem
1432 1011 1523 1078 ultro

285 1114 540 1203 imputabant...
555 1156 598 1166 -
612 1115 658 1183 A.
686 1116 718 1182 5.
733 1116 924 1206 (Agricola)
942 1116 1051 1206 prima
1076 1125 1263 1183 castrorum
1279 1118 1470 1186 rudimenta
1486 1119 1520 1185 in

284 1221 457 1289 Britannia
474 1224 637 1291 Suetonio
651 1223 807 1305 Paulino,
830 1223 985 1312 diligenti
1001 1248 1039 1291 ae
1052 1225 1226 1291 moderato
1241 1224 1331 1305 duci,
1356 1226 1521 1315 adproba-

283 1328 373 1396 vit...
399 1369 442 1379 -
462 1334 512 1408 rt.
536 1331 720 1397 Suetonius
742 1331 819 1396 hino
840 1333 932 1419 (post
961 1332 1159 1419 Veranium)
1185 1331 1347 1398 Paulinus
1383 1332 1520 1400 biennio

283 1459 461 1526 prosperas
477 1461 530 1504 res
547 1438 678 1517 habuit,
705 1438 856 1505 subactis
876 1439 1073 1505 nationibus
1091 1440 1304 1529 firmatisque
1318 1442 1517 1528 praesidiis;

282 1567 425 1633 quorum
442 1546 563 1612 fiducia
578 1545 717 1612 Monam
737 1546 884 1612 insulam
899 1555 937 1613 ut
952 1548 1040 1614 vires
1060 1547 1245 1614 rebellibus
1269 1548 1519 1616 ministrantem

283 1651 464 1740 adgressus
486 1661 580 1742 terga
601 1653 770 1720 occasioni
793 1652 962 1742 patefecit.
983 1694 1027 1707 —
1058 1655 1108 1723 16.
1126 1654 1225 1734 Quod
1258 1656 1322 1720 nisi
1355 1656 1519 1724 Paulinus

284 1760 419 1846 cognito
438 1761 632 1849 provinciae
648 1769 743 1828 motu
771 1784 914 1851 propere
935 1762 1163 1843 subvenisset,
1189 1762 1313 1828 amissa
1344 1764 1522 1830 Britannia

283 1866 381 1944 foret,
396 1891 497 1957 quam
514 1869 614 1934 unius
638 1869 756 1957 proelii
778 1869 911 1936 lortuna
932 1870 1037 1935 veteri
1061 1870 1245 1958 patientiae
1270 1871 1459 1941 restituit...
1476 1878 1520 1922 ’-

289 1974 338 2042 ι8.
356 1976 544 2065 (Agricola)
567 1976 705 2043 Monam
723 1976 882 2058 insulam,
909 2001 927 2042 a
954 1978 1048 2044 cuius
1070 1978 1287 2066 possessione
1324 1986 1519 2046 revocatum

284 2082 465 2148 Paulinum
485 2083 669 2150 rebellione
684 2085 788 2151 totius
805 2085 999 2150 Britanniae
1023 2108 1125 2174 supra
1154 2088 1350 2169 memoravi,
1368 2086 1520 2176 redigere

282 2189 317 2254 in
331 2197 534 2278 potestatem
554 2192 666 2257 animo
686 2191 866 2258 intendit¹.

239 2298 254 2333 *
273 2297 418 2379 SVEVI,
436 2321 469 2366 v.
488 2299 630 2367 SVEBI.

240 2404 489 2473 SVGAMBRI.
506 2406 770 2474 SVGAMBER.
790 2445 833 2457 —
850 2432 881 2489 2,
900 2408 953 2475 26.
966 2407 1136 2495 (Tiberius
1151 2416 1265 2476 monet
1279 2410 1519 2478 Germanicum

283 2513 441 2600 consilio)
461 2513 670 2601 Sugambros
697 2514 731 2580 in
761 2514 969 2581 deditionem
996 2523 1164 2605 acceptos.
1179 2554 1223 2566 -
1237 2518 1271 2598 ά,
1289 2520 1342 2606 47.
1361 2516 1519 2584 Subsidio

285 2618 494 2708 Sugambrae
509 2621 670 2699 cohortis,
701 2645 801 2711 quam
832 2622 1006 2688 Romanus
1035 2631 1227 2712 promptam
1255 2624 1297 2689 ad
1326 2624 1517 2713 pericula...

284 2727 373 2794 haud
389 2728 505 2816 procul
521 2730 741 2796 instruxerat.
763 2766 803 2779 —
825 2753 876 2811 aa,
899 2729 954 2819 39.
975 2729 1134 2820 (Silures)
1154 2731 1361 2798 accendebat
1380 2733 1520 2822 vulgata

281 2835 494 2924 imperatoris
524 2837 668 2904 Romani
685 2860 764 2918 vox,
792 2844 829 2902 ut
853 2836 1026 2926 quondam
1051 2837 1257 2927 Sugambri'²
1278 2839 1382 2905 excisi
1408 2841 1517 2907 autin

283 2943 413 3017 Gallias
451 2944 581 3010 traiecti
623 2944 744 3024 forent,
784 2946 830 3010 ita
868 2944 1018 3011 Silurum
1059 2968 1182 3012 nomen
1215 2947 1351 3035 penitus
1392 2948 1520 3014 exstin-
1604 2984 1607 2988 .
1733 2962 1737 2970 '

178 3092 183 3103 ·
282 3052 467 3139 guendum.

239 3160 250 3183 ·
270 3159 458 3238 svnrvs,
477 3184 510 3227 v.
529 3142 746 3226 svrmrvs.

240 3268 277 3334 Ρ.
296 3266 511 3346 SVlLLlVS,
539 3266 776 3334 SVlLLlVS⁴.
811 3307 854 3317 -
887 3270 919 3348 Δ,
951 3269 1004 3334 31.
1034 3268 1070 3333 P.
1098 3268 1277 3334 Suillium⁵
1304 3277 1518 3357 quaestorem

282 3374 453 3462 quondam
473 3375 676 3458 Germanici,
695 3397 771 3440 oum
787 3373 883 3440 ltalia
898 3382 1068 3440 arceretur
1083 3376 1259 3441 convictus
1281 3376 1458 3463 pecuniam
1474 3375 1517 3442 ob

281 3504 352 3547 rem
377 3481 590 3548 iudicandam
621 3483 763 3570 cepisse,
786 3481 1011 3547 amovendum
1036 3482 1069 3547 in
1090 3481 1234 3547 insulam
1250 3483 1384 3549 censuit
1397 3483 1518 3570 (Tibe-

282 3589 365 3677 rius)
399 3597 494 3655 tanta
522 3590 737 3654 contentione
769 3589 883 3669 animi,
930 3596 967 3654 ut
995 3589 1065 3654 iure
1095 3588 1235 3655 iurando
1250 3588 1519 3676 obstringerete

283 3696 454 3786 republica
487 3697 521 3762 id
554 3719 640 3762 esse.
669 3695 767 3774 Quod
795 3719 912 3784 aspere
943 3703 1118 3784 acceptum
1144 3695 1361 3784 adpraesens
1385 3719 1465 3761 mox
1485 3697 1517 3762 in

283 3803 419 3870 laudem
434 3805 537 3870 vertit
549 3827 702 3891 regresso
717 3803 849 3882 Suillio,
865 3827 966 3892 quem
983 3802 1069 3869 vidit
1093 3826 1238 3892 sequens
1263 3811 1356 3869 aetas
1371 3826 1518 3892 praepo-

282 3920 422 3994 tentem,
440 3910 593 3978 venalem
606 3920 640 3977 et
660 3911 793 3977 Claudii
808 3912 970 3999 principis
994 3911 1142 3977 amicitia
1156 3910 1214 3977 diu
1229 3933 1402 4000 prospere,
1418 3934 1518 3978 num-

281 4043 383 4109 quam
410 4019 495 4085 bene
521 4043 631 4085 usum.
661 4056 704 4068 -—
737 4042 787 4097 ιι,
828 4044 854 4085 ι.
886 4018 1102 4107 (Messalina)
1124 4018 1282 4085 Suillium
1319 4019 1518 4085 accusandis

280 4126 431 4216 (Valerio
449 4127 601 4193 Asiatico
619 4135 654 4193 et
666 4126 840 4216 Poppaeae
859 4125 1019 4214 Sabinae)
1036 4126 1200 4193 immittit.
1218 4165 1261 4176 -
1281 4150 1331 4207 rr,
1351 4151 1381 4192 α.
1397 4126 1518 4193 Suillio

282 4235 531 4323 corruptionem
547 4233 719 4301 militum..
729 4287 750 4311 .‚
765 4234 854 4301 exim
879 4233 1082 4300 adulterium
1095 4234 1284 4322 Poppaeae,
1307 4241 1517 4323 postremum

282 4342 462 4408 mollitiam
482 4343 631 4431 corporis
655 4341 858 4409 oblectante.
886 4342 941 4407 Ad
965 4341 1057 4431 quod
1083 4342 1172 4408 victo
1202 4341 1336 4408 silentio
1365 4342 1519 4432 prorupit

269 4598 277 4634 ¹
295 4596 328 4648 V.
342 4599 423 4647 ctiam
443 4596 476 4656 11,
495 4603 534 4654 tr,
549 4596 644 4660 43,59;
662 4598 694 4645 Α.
716 4597 751 4648 ι5.

267 4679 372 4741 ²Vulg.
387 4681 449 4728 ante
468 4677 589 4740 Lipsium
605 4693 611 4726 :
626 4674 772 4726 Sicambri.

267 4759 279 4795 ³
293 4758 337 4812 U:
352 4758 503 4825 sygambri.

268 4841 321 4889 ⁴1¹.
336 4841 447 4890 Suillius
465 4839 560 4889 Bolus.
579 4838 700 4897 raason,
718 4854 771 4901 7⁰⁰·

265 4921 277 4959 ⁵
294 4919 459 4982 «Suillium,
474 4918 512 4979 Ι,
528 4923 559 4968 ut
578 4921 619 4968 cst
640 4919 714 4982 apud
731 4919 866 4978 Ovidium,
879 4932 911 4966 er
927 4919 1025 4970 Ponto.
1043 4923 1067 4976 t,
1085 4914 1107 4974 8,
1125 4931 1132 4963 r
1147 4927 1152 4972 ;
1170 4914 1196 4962 in
1210 4914 1297 4963 Fastis
1309 4912 1470 4976 Capitolinis
1482 4924 1516 4976 ..ς
