3709 6234
285 850 336 903 152
782 853 923 906 CAECINA
943 852 1061 906 TVSCVS

329 974 561 1041 C.tl⁴]ClNA¹.
583 1013 627 1027 -
645 1000 671 1057 r,
686 976 740 1042 31.
766 977 839 1041 Duo
859 976 949 1064 apud
965 977 1072 1065 ripam
1088 975 1199 1041 Rheni
1214 976 1381 1041 exercitus
1401 982 1497 1041 erant
1509 996 1559 1055 ;...

328 1083 520 1148 inferiorem
551 1084 594 1150 Α.
611 1082 756 1149 Caecina
770 1084 922 1150 curabat.
943 1123 983 1132 -
1016 1108 1043 1165 r,
1061 1084 1114 1149 32.
1132 1083 1317 1173 Septimius
1345 1106 1422 1148 cum
1442 1083 1562 1171 perfu-

325 1191 430 1276 gisset
454 1190 497 1255 ad
511 1190 658 1255 tribuual
678 1190 888 1279 pedibusque
912 1191 1077 1256 Caecinae
1093 1191 1370 1258 advolveretur...
1393 1228 1437 1240 -
1458 1191 1558 1279 1‚37.

328 1298 477 1362 Primam
506 1321 543 1363 ac
569 1298 789 1363 uicensimam
817 1298 969 1385 legiones
997 1297 1142 1364 Caecina
1175 1297 1308 1386 legatus
1336 1297 1371 1362 in
1391 1298 1563 1363 civitatem

328 1406 491 1470 l'biorum
525 1404 671 1470 reduxit.
703 1444 747 1456 -
781 1430 807 1486 r,
843 1405 895 1483 48.
923 1406 1188 1472 Germanicus...
1220 1405 1407 1494 praemittit
1435 1405 1566 1470 litteras

326 1512 368 1577 ad
384 1512 564 1577 Caecinam
595 1512 709 1578 venire
738 1536 773 1577 se
794 1511 907 1577 valida
925 1536 1092 1590 manuae,
1116 1512 1370 1601 ni'supplicium
1400 1512 1434 1577 in
1456 1511 1565 1577 malos

328 1628 558 1707 praesumant.
605 1643 746 1685 usurum
781 1620 973 1707 promiscua
1020 1620 1133 1687 caede.
1178 1619 1246 1685 Eas
1289 1616 1434 1685 Caecina
1471 1619 1566 1708 aqui·

327 1727 432 1792 liferis
462 1727 741 1816 signiferisque...
777 1727 909 1792 occulte
939 1728 1070 1793 recitat.
1101 1765 1145 1777 -
1177 1752 1204 1804 ι,
1233 1727 1286 1791 50.
1322 1725 1465 1792 Caecina
1488 1750 1566 1792 curu

328 1834 494 1922 expeditis
527 1833 722 1899 cohortibus
751 1835 921 1922 praeire...
964 1834 1109 1902 iubetur.
1138 1874 1181 1884 —
1213 1858 1240 1915 r,
1268 1833 1321 1898 56.
1344 1834 1568 1899 Germanicus

328 1949 488 2030 quattuor
519 1942 696 2029 legiones..
730 1942 893 2007 Caecinae
923 1941 1067 2007 tradit...
1092 1941 1215 2007 Fuerat
1230 1942 1363 2006 animus
1384 1943 1567 2006 Cheruscis

328 2050 442 2114 iuvare
463 2049 618 2127 Chattos,
650 2049 707 2114 sed
737 2050 900 2114 exterruit
928 2049 1085 2114 Caecina.
1113 2086 1156 2097 —
1189 2074 1215 2125 ι,
1241 2047 1295 2114 60.
1315 2048 1566 2136 (Germanicus)

330 2157 554 2222 Caecinam...
591 2156 633 2221 ad
665 2158 790 2221 flumen
820 2156 987 2221 Amisiam
1018 2156 1122 2221 misit.
1163 2195 1200 2205 ——
1240 2180 1267 2233 r,
1296 2154 1350 2223 61.
1372 2155 1568 2221 Praemisso

330 2265 486 2342 Caecina,
509 2272 545 2329 ut
560 2263 691 2328 occulta
710 2264 859 2329 saltuum
875 2271 1123 2330 scrutaretur...
1147 2302 1190 2312 —
1216 2288 1243 2344 r,
1260 2262 1315 2331 63.
1337 2263 1495 2342 Caecina,
1513 2264 1570 2353 qui

329 2372 601 2442 suummilitem
631 2370 788 2442 ducebat.
825 2372 973 2436 monitus
1009 2373 1041 2458 (a
1072 2371 1330 2460 Germanico)...
1361 2369 1571 2459 ponteslon·

330 2504 392 2565 gos
407 2503 509 2566 quam
530 2479 726 2543 maturrime
746 2501 946 2566 superare...
965 2477 1128 2543 Caecinae
1148 2529 1169 2544 ..
1188 2486 1297 2544 castra
1316 2479 1435 2544 metari
1451 2478 1484 2544 in
1496 2478 1571 2544 loeo

330 2587 469 2673 placuit.
496 2626 529 2636 —
564 2610 591 2658 ι,
613 2584 667 2662 64.
701 2586 1030 2673 Quadragensimum
1062 2587 1095 2651 id
1124 2586 1332 2674 stipendium
1353 2586 1571 2674 Caecinapa-

332 2694 427 2758 rendi
445 2701 502 2758 aut
515 2693 731 2781 imperitandi
761 2693 907 2759 habebat
926 2746 948 2760 ..
965 2731 1010 2744 -
1034 2718 1061 2774 ι,
1077 2691 1131 2760 65.
1155 2694 1313 2777 Caecina,
1335 2692 1416 2758 dum
1437 2701 1572 2758 susten·

333 2808 382 2864 tat
398 2800 515 2878 aciem,
541 2800 686 2864 suffosso
715 2824 800 2889 equo
831 2800 991 2889 delapsus
1016 2800 1382 2867 circumveniebatur...
1401 2839 1444 2848 -
1464 2826 1491 2880 r,
1514 2799 1568 2867 66.

335 2907 491 2978 Caecina.
504 2915 677 2994 comperto
693 2930 816 2972 vanam
828 2931 901 2972 esse
917 2907 1160 2972 formidinem..
1184 2961 1190 2980 .
1209 2907 1380 2996 proiectus
1405 2908 1439 2971 in
1455 2906 1571 2972 limine

334 3020 492 3101 portae...
528 3014 651 3079 clausit
686 3015 787 3080 riam.
821 3054 864 3062 —
904 3040 930 3090 ι,
955 3040 1009 3103 72.
1035 3016 1178 3080 Decreta
1193 3037 1232 3079 eo
1247 3038 1336 3080 anno
1354 3014 1573 3102 triumphalia

335 3121 481 3206 insignia
510 3123 552 3185 Α.
572 3121 777 3188 Caecinae...
809 3121 852 3186 ob
883 3145 936 3187 res
970 3145 1045 3186 cum
1064 3122 1513 3210 Germanieogestas.-a‚
1537 3122 1569 3189 6.

334 3228 438 3292 Silius
467 3235 500 3293 et
530 3229 674 3293 Anteius
702 3236 736 3293 et
761 3228 906 3294 Caecina
934 3227 1147 3294 fabricandae
1178 3228 1279 3294 classi
1307 3229 1338 3317 (a
1354 3229 1571 3317 Germanico)

335 3343 598 3423 praeponuntur.
630 3375 674 3384 -
707 3336 739 3416 ΖΙ,
780 3339 828 3401 18.
852 3335 1046 3423 (Tiberius),
1072 3359 1149 3401 cum
1179 3336 1335 3401 Valerius
1367 3335 1573 3401 Messalinus

335 3445 472 3529 siguum
503 3466 640 3507 aureum
667 3444 700 3506 iu
729 3443 810 3507 aede
839 3443 960 3508 Martis
990 3443 1129 3526 Vltoris
1153 3443 1296 3510 Caecina
1312 3444 1458 3509 Severus
1480 3468 1572 3509 aram

335 3550 456 3616 ultioni
473 3551 687 3615 statuendam
712 3551 935 3618 censuissent.
962 3550 1175 3639 probibuit...
1196 3587 1237 3599 -
1252 3551 1283 3622 3.
1308 3551 1361 3618 33.
1382 3550 1473 3616 luter
1488 3574 1573 3640 quac

337 3659 483 3722 Severus
513 3658 655 3722 Caecina
685 3658 827 3734 censuit,
858 3681 899 3722 ne
928 3682 1028 3746 quem
1062 3659 1309 3744 magistratum,
1327 3659 1379 3723 eui
1400 3659 1573 3747 provincia

338 3765 542 3836 obvenisset.
568 3788 652 3828 uxor
673 3766 901 3829 comitaretur.
926 3802 969 3814 -
986 3766 1017 3843 a,
1041 3765 1094 3841 34.
1114 3766 1301 3830 Paucorum
1324 3767 1405 3830 baec
1425 3765 1575 3832 adsensu

339 3872 473 3946 audita;
505 3872 619 3959 plures
646 3871 886 3944 obturbabant.
925 3896 1033 3960 neque
1062 3871 1205 3937 relatum
1234 3873 1434 3960 denegatio
1466 3877 1599 3962 neque¹

340 3979 519 4042 Caecinam
551 3979 691 4065 dignum
718 3988 831 4043 tautae
860 3980 906 4044 rei
922 4002 1138 4045 censorem...
1157 3980 1212 4046 Sic
1229 3982 1391 4045 Caecinae
1407 3982 1575 4046 sententia

340 4085 432 4150 elusa
448 4093 498 4149 est
509 4087 532 4150 '·'.

296 4192 499 4259 (lancisa
518 4192 944 4262 'l'l'SCl'S.'l'l'SCl'S'·.-
959 4194 1007 4275 13,
1019 4220 1071 4259 20.
1085 4194 1109 4257 ΙΙ
1112 4195 1377 4261 abiusllusticus
1393 4205 1510 4261 auctor
1525 4203 1576 4261 est

340 4302 484 4387 scriptos
497 4323 570 4364 esse
591 4300 633 4363 ad
654 4298 834 4365 Caecinam
848 4302 993 4367 'luscum
1016 4302 1202 4374 codicillos.
1226 4302 1384 4369 mandata
1397 4304 1426 4367 ei
1442 4312 1576 4391 praeto-

341 4410 463 4472 riarum
481 4407 668 4472 eolrortium
684 4431 775 4482 cura!
789 4409 848 4472 sed
863 4432 925 4496 ope
941 4410 1088 4474 Senecae
1103 4410 1334 4496 dignationem
1349 4412 1454 4475 Burro
1468 4419 1576 4477 reten-

343 4525 421 4580 tum.
448 4553 491 4561 —
522 4514 582 4589 ΙΙΙ,
620 4515 673 4579 38.
703 4517 815 4600 Aeger
835 4516 993 4582 l'itellius
1024 4517 1222 4583 Servilianis
1261 4518 1367 4583 hortis
1398 4520 1519 4584 turrim
1543 4520 1575 4585 in

330 4789 337 4821 ι
357 4789 479 4846 Priusne,
497 4790 537 4836 80.

328 4868 339 4902 ²
357 4869 389 4916 V.
408 4871 490 4917 etiam
506 4887 526 4928 1,
543 4877 581 4930 la·
606 4872 645 4933 67·

326 4948 336 4981 ³
355 4949 477 5009 Pausian,
493 4951 535 4998 ⁸2·
