3709 6234
797 867 943 921 lelffltlt'S
1463 861 1513 915 ou

273 1011 313 1075 ad
334 1011 605 1100 disquisitionem
636 1018 767 1097 patrum
798 1009 976 1075 mittendo.
1006 1045 1050 1059 -
1071 1008 1102 1082 :t
1132 1006 1188 1084 64.
1212 1006 1341 1072 Cum...
1366 1006 1515 1093 elligiem

275 1118 360 1182 llivo
382 1119 538 1204 Augusto
561 1118 645 1183 lulia
663 1117 791 1204 (livia)
804 1117 943 1199 dicaret,
959 1114 1083 1180 Tiberii
1107 1138 1230 1180 nomen
1252 1139 1313 1179 suo
1330 1114 1514 1203 postscrip·

271 1232 373 1296 serat.
392 1226 492 1314 idque
509 1225 565 1291 ille
581 1223 781 1291 credebatur
796 1232 833 1289 ut
857 1224 998 1289 interius
1027 1222 1204 1288 maiestate
1235 1222 1397 1311 principis
1418 1222 1514 1310 gravi

271 1342 305 1398 et
320 1332 533 1398 dissimulata
550 1333 734 1398 offensione
760 1331 974 1397 abdidisse...
1005 1331 1192 1396 tlensuerat
1213 1330 1249 1395 l..
1268 1329 1453 1419 ⁴lpronius,
1477 1337 1514 1394 ut

273 1440 402 1505 fetiales
418 1464 552 1530 quoque
573 1441 613 1505 iis
642 1440 732 1504 ludis
757 1442 832 1527 (pro
863 1438 1095 1504 incolumitate
1121 1438 1250 1526 Liviae)
1267 1437 1509 1525 praesiderent.

273 1549 399 1632 Contra
427 1548 513 1613 dixit
539 1549 664 1613 Caesar
692 1547 853 1612 distincto
886 1546 1152 1612 sacerdotiorum
1187 1546 1258 1611 iure
1292 1554 1325 1611 et
1360 1545 1513 1633 repetitis

271 1656 478 1743 exemplis...
501 1694 545 1706 —
560 1655 592 1726 3,
610 1654 664 1721 65.
682 1654 865 1720 Memoriae
881 1654 1035 1741 proditur
1046 1653 1229 1730 Tiberium,
1243 1654 1405 1741 quotiens
1420 1654 1514 1718 curia

271 1763 499 1850 egrederetur,
533 1763 672 1827 tiraecis
709 1762 821 1828 verbis
848 1762 881 1826 in
908 1761 997 1826 hunc
1039 1758 1177 1825 meadum
1206 1760 1318 1849 eloqui
1348 1761 1509 1827 solitum:

274 1895 290 1934 ι(
309 1873 337 1931 o
352 1870 506 1935 homines
531 1870 572 1935 ad
597 1870 795 1935 servitutem
818 1876 955 1957 paratos
977 1892 1006 1933 u.
1024 1908 1067 1917 -
1088 1867 1119 1949 3,
1139 1867 1192 1933 ou.
1210 1870 1456 1954 (Accusatores
1472 1868 1510 1934 C.

272 1977 628 2065 Silanotobieetant...
667 1977 831 2042 violatum
865 1976 1015 2062 Augusti
1043 1957 1195 2048 numen,
1217 1984 1365 2065 sprctam
1388 1975 1512 2040 Tiberii
1588 2013 1590 2018 ·

272 2085 495 2149 maiestatem.
513 2123 554 2132 —
582 2085 613 2162 3,
636 2082 690 2172 67.
708 2082 784 2147 Non
814 2090 1024 2170 temperante
1055 2082 1201 2161 Tiberio,
1226 2084 1307 2172 quin
1342 2081 1396 2171 (C.
1418 2082 1513 2147 Sila-

273 2199 365 2274 num)
396 2199 562 2279 premeret
591 2214 685 2263 voce,
726 2189 835 2268 vultu,
864 2189 1512 2279 eoquodipsecreberrinreinterroga-

272 2297 371 2364 bat...
406 2297 573 2385 (Silanus)
606 2297 837 2362 defensionem
867 2298 918 2361 sui
948 2297 1109 2372 deseruit,
1136 2296 1227 2361 ausis
1256 2296 1298 2361 ad
1330 2297 1509 2362 Caesarem

273 2404 450 2485 codicillis,
468 2405 591 2493 quibus
607 2404 769 2468 invidiam
787 2412 820 2469 et
831 2427 947 2491 preces
963 2405 1154 2469 miscuerat.
1169 2441 1211 2455 -
1226 2404 1257 2483 3,
1271 2402 1325 2468 68.
1343 2403 1509 2481 Tiberius,

272 2514 412 2601 quaein
447 2512 600 2577 Silanum
620 2511 772 2601 parabat,
801 2536 868 2601 quo
896 2512 1091 2577 excusatius
1112 2511 1174 2576 sub
1192 2512 1348 2598 exemplo
1373 2511 1509 2599 accipe-

275 2630 402 2698 rentur,
421 2620 556 2685 libellos
572 2620 649 2684 Diri
669 2621 817 2708 Augusti
834 2620 874 2684 de
886 2620 1011 2685 Voleso
1022 2619 1211 2686 Messala...
1229 2620 1361 2685 recitari
1378 2620 1511 2687 iubet...

273 2729 336 2793 Cn.
369 2728 535 2794 Lentulus
569 2727 756 2815 separanda
794 2726 902 2792 Silani
937 2736 1089 2793 materna
1118 2727 1250 2793 bona...
1275 2727 1514 2816 reddendaque

274 2837 342 2901 lilio
358 2837 456 2914 dixit,
482 2835 650 2901 adnuente
684 2835 830 2902 Tiberio.
866 2874 908 2884 -
938 2834 969 2916 3,
1001 2835 1055 2924 69.
1078 2834 1271 2936 Advprsum
1291 2836 1512 2922 (sententiam

274 2944 422 3010 Cornelii
440 2943 649 3032 Dolabellae)
676 2943 835 3008 disseruit
860 2943 1024 3008 Caesar...
1041 2944 1175 3021 Quanto
1196 2944 1301 3009 rarior
1314 2944 1403 3032 apud
1416 2942 1513 3010 Tibe·

275 3052 362 3116 rium
390 3051 611 3139 popularitas,
630 3060 724 3117 tanto
738 3050 934 3116 laetioribus
960 3050 1082 3114 animis
1112 3059 1261 3139 accepta.
1280 3092 1323 3101 —
1340 3052 1372 3127 3,
1397 3075 1451 3140 70.
1472 3052 1509 3117 L.

275 3157 460 3224 linnium...
496 3159 683 3224 maiestatis
717 3157 938 3246 postulatum,
968 3157 1058 3246 quod
1089 3158 1236 3245 effigiem
1258 3159 1420 3246 principis
1435 3182 1511 3247 pro-

274 3266 439 3331 miscuum
474 3266 515 3330 ad
549 3289 647 3330 usum
678 3266 807 3351 argenti
837 3266 1015 3351 vertisset,
1034 3266 1136 3352 recipi
1171 3265 1295 3330 Caesar
1325 3266 1411 3330 inter
1436 3289 1511 3332 reos

274 3375 418 3439 vetuit...
435 3370 606 3438 lntellexit
622 3372 913 3458 liare-(adulatoria
926 3372 1015 3437 Ateii
1036 3372 1212 3460 Capitonis
1223 3371 1342 3457 verba)
1358 3373 1511 3438 Tiberius

275 3490 310 3547 ut
330 3490 424 3546 erant
455 3481 563 3565 magis
585 3504 685 3567 quam
710 3480 969 3557 utdicebantur,
992 3479 1206 3566 perstititque
1228 3480 1446 3547 intercedere.
1466 3520 1508 3529 -

276 3589 306 3657 3,
325 3615 359 3677 7¹
372 3639 378 3653 .
393 3589 561 3666 Quoniam
573 3588 614 3651 de
626 3586 845 3672 religionibus
856 3586 1078 3655 tractabatur.
1097 3586 1240 3651 dilatum
1252 3609 1359 3676 nuper
1375 3611 1511 3676 respon·

275 3720 348 3761 sum
365 3696 527 3760 adversus
544 3696 699 3760 Serrium
722 3694 992 3782 Maluginensem
1013 3694 1182 3758 llaminem
1201 3694 1331 3759 Dialem
1347 3696 1512 3783 prompsit

275 3806 439 3869 tlaesar...
457 3841 500 3850 -
514 3802 545 3881 3,
560 3827 613 3891 7²·
626 3802 777 3890 Pompeii
789 3803 956 3867 theatrum
972 3802 1049 3889 igne
1067 3802 1204 3866 lortuito
1220 3801 1378 3868 baustum
1388 3803 1513 3869 Caesar

274 3919 525 3976 exstructurum
554 3908 725 3997 pollicitus
749 3918 842 3975 est...
866 3909 1002 3991 Caesar,
1026 3932 1103 3974 cum
1124 3907 1258 3973 lunium
1275 3910 1431 3975 Blaesum
1451 3934 1510 3999 pro

273 4018 411 4083 consule
442 4018 574 4082 Africae
605 4017 765 4105 triumphi
801 4016 991 4105 insignibus
1020 4015 1202 4093 attolleret,
1223 4016 1302 4082 dare
1318 4017 1352 4081 id
1378 4041 1413 4083 se
1427 4018 1512 4084 dixit

274 4125 392 4190 honori
408 4125 532 4194 Seiani.
559 4125 654 4189 cuius
689 4123 746 4188 ille
770 4123 959 4189 avunculus
980 4131 1062 4189 erat.
1079 4163 1115 4171 -
1151 4122 1182 4194 3.
1200 4122 1254 4211 73.
1272 4124 1508 4193 Tacfarinas...

273 4235 336 4298 huc
357 4232 574 4318 adrogantiae
590 4239 740 4311 venerat,
763 4240 798 4296 ut
819 4231 949 4318 legatos
964 4231 1006 4295 ad
1022 4230 1192 4296 Tiberium
1209 4231 1357 4298 mitteret
1373 4233 1510 4300 sedern-

274 4364 338 4429 que
358 4340 447 4405 ultro
464 4340 527 4403 sibi
550 4347 651 4427 atque
669 4340 831 4404 exercitui
851 4362 912 4403 suo
931 4337 1131 4426 postularet,
1148 4346 1207 4403 aut
1227 4337 1354 4405 bellum
1370 4341 1512 4430 inexpli·
1609 4409 1612 4416 ,

274 4447 380 4513 cabile
410 4448 634 4512 minitaretur.
673 4447 745 4511 Non
770 4446 855 4528 alias
869 4446 977 4531 magis
991 4469 1051 4510 sua
1072 4444 1256 4534 populique
1272 4446 1416 4513 llomani
1431 4473 1512 4514 con-

276 4554 412 4620 tumelia
429 4554 615 4619 indoluisse
632 4555 811 4619 Caesarem
834 4554 988 4622 lerunt...
1008 4592 1051 4601 -
1072 4554 1103 4624 3,
1124 4555 1177 4641 74.
1190 4552 1343 4619 Tiberius
1356 4555 1512 4642 (bellum)

275 4687 334 4750 pro
351 4661 503 4726 coniecto
519 4662 759 4749 interpretatus
775 4661 807 4725 id
823 4684 957 4749 quoque
981 4659 1102 4725 Blaeso
1130 4660 1259 4741 tribuit,
1282 4669 1319 4727 ut
1332 4662 1514 4751 imperator

274 4769 497 4855 alegionibus
528 4769 742 4847 salutaretur,
768 4770 879 4856 priseo
904 4791 982 4855 erga
1012 4767 1114 4831 duces
1143 4768 1311 4834 honore...
1337 4771 1513 4837 Concessit

274 4876 476 4965 qmbusdam
508 4886 540 4942 et
573 4877 750 4964 Augustus
779 4877 812 4940 id
833 4875 1048 4956 vocabulum,
1071 4899 1109 4940 ac
1125 4881 1204 4940 tunc
1218 4874 1371 4942 Tiberius
1392 4875 1511 4945 lllneso

273 4992 495 5072 postremum.
511 5023 554 5034 -
575 4984 607 5060 3,
623 4986 677 5073 75.
700 4984 821 5050 Obiere
837 5008 876 5050 eo
892 5008 980 5050 anno
992 4984 1055 5048 viri
1071 4983 1244 5064 inlustreS,
1258 4985 1399 5051 Asinius
1414 4987 1510 5054 Salo·

1034 5347 1378 5485 m
1460 5409 1466 5417 ,
