<?xml version="1.0" encoding="UTF-8"?>
<!DOCTYPE html PUBLIC "-//W3C//DTD XHTML 1.0 Transitional//EN"
    "http://www.w3.org/TR/xhtml1/DTD/xhtml1-transitional.dtd">
<html xmlns="http://www.w3.org/1999/xhtml" xml:lang="en" lang="en">
 <head>
  <title>
</title>
<meta http-equiv="Content-Type" content="text/html;charset=utf-8" />
  <meta name='ocr-system' content='tesseract 3.04.00' />
  <meta name='ocr-capabilities' content='ocr_page ocr_carea ocr_par ocr_line ocrx_word'/>
</head>
<body>
  <div class='ocr_page' id='page_1' title='image "./onomasticontaci00fabigoog_0080.png"; bbox 0 0 3709 6234; ppageno 0'>
   <div class='ocr_carea' id='block_1_1' title="bbox 854 852 982 904">
    <p class='ocr_par' dir='ltr' id='par_1_1' title="bbox 854 852 982 904">
     <span class='ocr_line' id='line_1_1' title="bbox 854 852 982 904; baseline 0.008 -1"><span class='ocrx_word' id='word_1_1' title='bbox 854 852 982 904; x_wconf 74' lang='lat' dir='ltr'>trictvs</span> 
     </span>
    </p>
   </div>
   <div class='ocr_carea' id='block_1_2' title="bbox 285 973 1564 4172">
    <p class='ocr_par' dir='ltr' id='par_1_2' title="bbox 326 973 1564 2863">
     <span class='ocr_line' id='line_1_2' title="bbox 326 973 1563 1062; baseline 0.002 -26"><span class='ocrx_word' id='word_1_2' title='bbox 326 973 437 1059; x_wconf 93' lang='lat' dir='ltr'>inquit</span> <span class='ocrx_word' id='word_1_3' title='bbox 451 974 556 1060; x_wconf 91' lang='lat' dir='ltr'>Aper,</span> <span class='ocrx_word' id='word_1_4' title='bbox 573 973 762 1039; x_wconf 92' lang='lat' dir='ltr'>inauditum</span> <span class='ocrx_word' id='word_1_5' title='bbox 778 981 812 1039; x_wconf 94' lang='lat' dir='ltr'>ct</span> <span class='ocrx_word' id='word_1_6' title='bbox 835 974 1048 1039; x_wconf 83' lang='lat' dir='ltr'>indefensum</span> <span class='ocrx_word' id='word_1_7' title='bbox 1073 973 1246 1039; x_wconf 89' lang='lat' dir='ltr'>sacculum</span> <span class='ocrx_word' id='word_1_8' title='bbox 1271 981 1428 1039; x_wconf 90' lang='lat' dir='ltr'>nostrum</span> <span class='ocrx_word' id='word_1_9' title='bbox 1453 973 1563 1062; x_wconf 90' lang='lat' dir='ltr'>patiar</span> 
     </span>
     <span class='ocr_line' id='line_1_3' title="bbox 327 1079 1559 1168; baseline 0.002 -25"><span class='ocrx_word' id='word_1_10' title='bbox 327 1079 388 1144; x_wconf 93' lang='lat' dir='ltr'>hac</span> <span class='ocrx_word' id='word_1_11' title='bbox 405 1088 516 1145; x_wconf 83' lang='lat' dir='ltr'>vestra</span> <span class='ocrx_word' id='word_1_12' title='bbox 537 1081 786 1168; x_wconf 76' lang='lat' dir='ltr'>conspiratione</span> <span class='ocrx_word' id='word_1_13' title='bbox 802 1081 966 1146; x_wconf 89' lang='lat' dir='ltr'>damnari.</span> <span class='ocrx_word' id='word_1_14' title='bbox 989 1111 1002 1140; x_wconf 71' lang='lat' dir='ltr'>a</span> <span class='ocrx_word' id='word_1_15' title='bbox 1016 1120 1057 1131; x_wconf 91' lang='lat'>-</span> <span class='ocrx_word' id='word_1_16' title='bbox 1074 1084 1126 1159; x_wconf 73' lang='lat' dir='ltr'>a).</span> <span class='ocrx_word' id='word_1_17' title='bbox 1149 1079 1242 1160; x_wconf 85' lang='lat' dir='ltr'>Quae</span> <span class='ocrx_word' id='word_1_18' title='bbox 1258 1103 1334 1146; x_wconf 90' lang='lat' dir='ltr'>cum</span> <span class='ocrx_word' id='word_1_19' title='bbox 1347 1081 1440 1168; x_wconf 85' lang='lat' dir='ltr'>Aper</span> <span class='ocrx_word' id='word_1_20' title='bbox 1454 1080 1559 1146; x_wconf 82' lang='lat' dir='ltr'>dixis-</span> 
     </span>
     <span class='ocr_line' id='line_1_4' title="bbox 326 1187 1560 1277; baseline 0.001 -26"><span class='ocrx_word' id='word_1_21' title='bbox 326 1194 402 1252; x_wconf 90' lang='lat' dir='ltr'>set:</span> <span class='ocrx_word' id='word_1_22' title='bbox 433 1187 747 1276; x_wconf 83' lang='lat' dir='ltr'>«Adgnoscitisne,</span> <span class='ocrx_word' id='word_1_23' title='bbox 777 1189 888 1277; x_wconf 93' lang='lat' dir='ltr'>inquit</span> <span class='ocrx_word' id='word_1_24' title='bbox 919 1188 1106 1264; x_wconf 82' lang='lat' dir='ltr'>Maternus,</span> <span class='ocrx_word' id='word_1_25' title='bbox 1134 1188 1202 1253; x_wconf 90' lang='lat' dir='ltr'>vim</span> <span class='ocrx_word' id='word_1_26' title='bbox 1231 1196 1265 1254; x_wconf 90' lang='lat' dir='ltr'>et</span> <span class='ocrx_word' id='word_1_27' title='bbox 1297 1187 1452 1253; x_wconf 87' lang='lat' dir='ltr'>ardorem</span> <span class='ocrx_word' id='word_1_28' title='bbox 1476 1188 1560 1275; x_wconf 92' lang='lat' dir='ltr'>Apri</span> 
     </span>
     <span class='ocr_line' id='line_1_5' title="bbox 329 1294 1560 1385; baseline 0.002 -28"><span class='ocrx_word' id='word_1_29' title='bbox 329 1294 496 1361; x_wconf 71' lang='lat' dir='ltr'>nostril...</span> <span class='ocrx_word' id='word_1_30' title='bbox 512 1295 581 1360; x_wconf 88' lang='lat' dir='ltr'>Nec</span> <span class='ocrx_word' id='word_1_31' title='bbox 597 1318 801 1385; x_wconf 85' lang='lat' dir='ltr'>quemquam</span> <span class='ocrx_word' id='word_1_32' title='bbox 819 1303 1013 1362; x_wconf 90' lang='lat' dir='ltr'>nostrum...</span> <span class='ocrx_word' id='word_1_33' title='bbox 1026 1295 1079 1369; x_wconf 86' lang='lat' dir='ltr'>iis,</span> <span class='ocrx_word' id='word_1_34' title='bbox 1092 1319 1177 1384; x_wconf 90' lang='lat' dir='ltr'>quos</span> <span class='ocrx_word' id='word_1_35' title='bbox 1189 1296 1376 1361; x_wconf 90' lang='lat' dir='ltr'>insectatus</span> <span class='ocrx_word' id='word_1_36' title='bbox 1388 1303 1439 1360; x_wconf 89' lang='lat' dir='ltr'>est</span> <span class='ocrx_word' id='word_1_37' title='bbox 1455 1295 1560 1384; x_wconf 83' lang='lat' dir='ltr'><strong>Aper,</strong></span> 
     </span>
     <span class='ocr_line' id='line_1_6' title="bbox 327 1402 1562 1490; baseline 0.001 -24"><span class='ocrx_word' id='word_1_38' title='bbox 327 1425 573 1490; x_wconf 81' lang='lat' dir='ltr'>comparamus,</span> <span class='ocrx_word' id='word_1_39' title='bbox 587 1442 627 1451; x_wconf 91' lang='lat'><em>-</em></span> <span class='ocrx_word' id='word_1_40' title='bbox 644 1406 697 1469; x_wconf 82' lang='lat'>25.</span> <span class='ocrx_word' id='word_1_41' title='bbox 720 1404 746 1467; x_wconf 87' lang='lat' dir='ltr'>T</span> <span class='ocrx_word' id='word_1_42' title='bbox 750 1427 805 1468; x_wconf 97' lang='lat' dir='ltr'>um</span> <span class='ocrx_word' id='word_1_43' title='bbox 819 1403 980 1468; x_wconf 90' lang='lat' dir='ltr'>Messalla</span> <span class='ocrx_word' id='word_1_44' title='bbox 998 1421 1005 1468; x_wconf 74' lang='grc' dir='ltr'><em>τ</em></span> <span class='ocrx_word' id='word_1_45' title='bbox 1029 1432 1044 1458; x_wconf 86' lang='lat'><em>«</em></span> <span class='ocrx_word' id='word_1_46' title='bbox 1065 1426 1216 1490; x_wconf 90' lang='lat' dir='ltr'>...neque</span> <span class='ocrx_word' id='word_1_47' title='bbox 1237 1403 1328 1467; x_wconf 90' lang='lat' dir='ltr'>enim</span> <span class='ocrx_word' id='word_1_48' title='bbox 1357 1402 1415 1467; x_wconf 92' lang='lat' dir='ltr'>diu</span> <span class='ocrx_word' id='word_1_49' title='bbox 1446 1411 1562 1468; x_wconf 89' lang='lat' dir='ltr'>contra</span> 
     </span>
     <span class='ocr_line' id='line_1_7' title="bbox 328 1508 1563 1598; baseline 0.002 -26"><span class='ocrx_word' id='word_1_50' title='bbox 328 1508 509 1574; x_wconf 91' lang='lat' dir='ltr'>dicendum</span> <span class='ocrx_word' id='word_1_51' title='bbox 524 1518 576 1575; x_wconf 88' lang='lat' dir='ltr'>est</span> <span class='ocrx_word' id='word_1_52' title='bbox 596 1512 732 1598; x_wconf 88' lang='lat' dir='ltr'>Apro...</span> <span class='ocrx_word' id='word_1_53' title='bbox 749 1510 847 1589; x_wconf 77' lang='lat' dir='ltr'>Quod</span> <span class='ocrx_word' id='word_1_54' title='bbox 861 1511 902 1574; x_wconf 91' lang='lat' dir='ltr'>ad</span> <span class='ocrx_word' id='word_1_55' title='bbox 917 1512 1073 1576; x_wconf 79' lang='lat' dir='ltr'>Servium</span> <span class='ocrx_word' id='word_1_56' title='bbox 1087 1508 1231 1575; x_wconf 83' lang='lat' dir='ltr'>Galbam</span> <span class='ocrx_word' id='word_1_57' title='bbox 1243 1517 1278 1576; x_wconf 92' lang='lat' dir='ltr'>et</span> <span class='ocrx_word' id='word_1_58' title='bbox 1292 1510 1330 1576; x_wconf 80' lang='lat' dir='ltr'>C.</span> <span class='ocrx_word' id='word_1_59' title='bbox 1349 1509 1502 1575; x_wconf 87' lang='lat' dir='ltr'>Laelium</span> <span class='ocrx_word' id='word_1_60' title='bbox 1514 1518 1563 1575; x_wconf 89' lang='lat' dir='ltr'>at-</span> 
     </span>
     <span class='ocr_line' id='line_1_8' title="bbox 329 1616 1561 1706; baseline -0.003 -26"><span class='ocrx_word' id='word_1_61' title='bbox 329 1617 413 1681; x_wconf 89' lang='lat' dir='ltr'>tinet</span> <span class='ocrx_word' id='word_1_62' title='bbox 435 1624 468 1682; x_wconf 88' lang='lat' dir='ltr'>et</span> <span class='ocrx_word' id='word_1_63' title='bbox 488 1617 517 1680; x_wconf 94' lang='lat' dir='ltr'>si</span> <span class='ocrx_word' id='word_1_64' title='bbox 532 1641 617 1705; x_wconf 90' lang='lat' dir='ltr'>quos</span> <span class='ocrx_word' id='word_1_65' title='bbox 636 1618 721 1682; x_wconf 87' lang='lat' dir='ltr'>alios</span> <span class='ocrx_word' id='word_1_66' title='bbox 740 1618 967 1706; x_wconf 76' lang='lat' dir='ltr'>antiquiorum</span> <span class='ocrx_word' id='word_1_67' title='bbox 985 1616 1099 1703; x_wconf 79' lang='lat' dir='ltr'>Apcr¹</span> <span class='ocrx_word' id='word_1_68' title='bbox 1116 1617 1245 1706; x_wconf 81' lang='lat' dir='ltr'>agitare</span> <span class='ocrx_word' id='word_1_69' title='bbox 1265 1640 1331 1681; x_wconf 94' lang='lat' dir='ltr'>non</span> <span class='ocrx_word' id='word_1_70' title='bbox 1354 1616 1561 1684; x_wconf 78' lang='lat' dir='ltr'>destitit...»</span> 
     </span>
     <span class='ocr_line' id='line_1_9' title="bbox 326 1722 1561 1813; baseline 0.002 -27"><span class='ocrx_word' id='word_1_71' title='bbox 326 1761 369 1773; x_wconf 88' lang='lat'>-</span> <span class='ocrx_word' id='word_1_72' title='bbox 387 1722 439 1789; x_wconf 86' lang='lat'>26.</span> <span class='ocrx_word' id='word_1_73' title='bbox 463 1753 477 1781; x_wconf 75' lang='lat' dir='ltr'>a</span> <span class='ocrx_word' id='word_1_74' title='bbox 503 1724 659 1789; x_wconf 90' lang='lat' dir='ltr'>Cassium</span> <span class='ocrx_word' id='word_1_75' title='bbox 676 1727 851 1800; x_wconf 77' lang='lat' dir='ltr'>Severum,</span> <span class='ocrx_word' id='word_1_76' title='bbox 871 1748 971 1813; x_wconf 90' lang='lat' dir='ltr'>quem</span> <span class='ocrx_word' id='word_1_77' title='bbox 994 1725 1103 1788; x_wconf 88' lang='lat' dir='ltr'>solum</span> <span class='ocrx_word' id='word_1_78' title='bbox 1129 1726 1222 1812; x_wconf 90' lang='lat' dir='ltr'>Aper</span> <span class='ocrx_word' id='word_1_79' title='bbox 1244 1733 1360 1790; x_wconf 91' lang='lat' dir='ltr'>noster</span> <span class='ocrx_word' id='word_1_80' title='bbox 1386 1724 1561 1790; x_wconf 89' lang='lat' dir='ltr'>nominare</span> 
     </span>
     <span class='ocr_line' id='line_1_10' title="bbox 328 1832 1563 1920; baseline 0.001 -26"><span class='ocrx_word' id='word_1_81' title='bbox 328 1854 429 1895; x_wconf 88' lang='lat' dir='ltr'>ausus</span> <span class='ocrx_word' id='word_1_82' title='bbox 451 1840 543 1898; x_wconf 88' lang='lat' dir='ltr'>est...</span> <span class='ocrx_word' id='word_1_83' title='bbox 580 1832 728 1897; x_wconf 92' lang='lat' dir='ltr'>Multum</span> <span class='ocrx_word' id='word_1_84' title='bbox 762 1841 891 1898; x_wconf 91' lang='lat' dir='ltr'>ceteros</span> <span class='ocrx_word' id='word_1_85' title='bbox 922 1838 1069 1919; x_wconf 90' lang='lat' dir='ltr'>superat,</span> <span class='ocrx_word' id='word_1_86' title='bbox 1100 1854 1243 1920; x_wconf 93' lang='lat' dir='ltr'>quorum</span> <span class='ocrx_word' id='word_1_87' title='bbox 1271 1832 1441 1896; x_wconf 87' lang='lat' dir='ltr'>neminem</span> <span class='ocrx_word' id='word_1_88' title='bbox 1470 1832 1563 1919; x_wconf 89' lang='lat' dir='ltr'>Aper</span> 
     </span>
     <span class='ocr_line' id='line_1_11' title="bbox 328 1938 1561 2028; baseline 0 -27"><span class='ocrx_word' id='word_1_89' title='bbox 328 1938 542 2005; x_wconf 85' lang='lat' dir='ltr'>nominare...</span> <span class='ocrx_word' id='word_1_90' title='bbox 565 1940 737 2005; x_wconf 77' lang='lat' dir='ltr'>sustinuit.</span> <span class='ocrx_word' id='word_1_91' title='bbox 752 1968 766 1998; x_wconf 78' lang='lat' dir='ltr'>n</span> <span class='ocrx_word' id='word_1_92' title='bbox 781 1978 825 1989; x_wconf 92' lang='lat'><em>-</em></span> <span class='ocrx_word' id='word_1_93' title='bbox 837 1964 890 2028; x_wconf 84' lang='lat'>²7·</span> <span class='ocrx_word' id='word_1_94' title='bbox 907 1939 1085 2027; x_wconf 72' lang='lat' dir='ltr'>(Loquitur</span> <span class='ocrx_word' id='word_1_95' title='bbox 1100 1938 1288 2022; x_wconf 81' lang='lat' dir='ltr'>Maternus)</span> <span class='ocrx_word' id='word_1_96' title='bbox 1304 1963 1330 2004; x_wconf 84' lang='lat' dir='ltr'>a.</span> <span class='ocrx_word' id='word_1_97' title='bbox 1342 1988 1365 2006; x_wconf 95' lang='lat'>..</span> <span class='ocrx_word' id='word_1_98' title='bbox 1379 1947 1561 2028; x_wconf 91' lang='lat' dir='ltr'>antequam</span> 
     </span>
     <span class='ocr_line' id='line_1_12' title="bbox 328 2045 1561 2134; baseline -0.002 -24"><span class='ocrx_word' id='word_1_99' title='bbox 328 2056 360 2110; x_wconf 88' lang='lat' dir='ltr'>te</span> <span class='ocrx_word' id='word_1_100' title='bbox 382 2048 474 2132; x_wconf 89' lang='lat' dir='ltr'>Aper</span> <span class='ocrx_word' id='word_1_101' title='bbox 493 2046 678 2112; x_wconf 88' lang='lat' dir='ltr'>ollenderet</span> <span class='ocrx_word' id='word_1_102' title='bbox 693 2047 836 2112; x_wconf 85' lang='lat' dir='ltr'>maiores</span> <span class='ocrx_word' id='word_1_103' title='bbox 853 2055 929 2111; x_wconf 90' lang='lat' dir='ltr'>tuos</span> <span class='ocrx_word' id='word_1_104' title='bbox 948 2045 1143 2111; x_wconf 87' lang='lat' dir='ltr'>lacessendo</span> <span class='ocrx_word' id='word_1_105' title='bbox 1163 2075 1191 2111; x_wconf 69' lang='lat' dir='ltr'>i».</span> <span class='ocrx_word' id='word_1_106' title='bbox 1216 2075 1230 2105; x_wconf 80' lang='lat' dir='ltr'>a</span> <span class='ocrx_word' id='word_1_107' title='bbox 1250 2046 1325 2110; x_wconf 76' lang='lat' dir='ltr'>Non</span> <span class='ocrx_word' id='word_1_108' title='bbox 1340 2070 1430 2124; x_wconf 86' lang='lat' dir='ltr'>sum,</span> <span class='ocrx_word' id='word_1_109' title='bbox 1452 2046 1561 2134; x_wconf 89' lang='lat' dir='ltr'>inquit</span> 
     </span>
     <span class='ocr_line' id='line_1_13' title="bbox 330 2152 1561 2241; baseline -0.001 -23"><span class='ocrx_word' id='word_1_110' title='bbox 330 2153 530 2241; x_wconf 81' lang='lat' dir='ltr'>(Messalla),</span> <span class='ocrx_word' id='word_1_111' title='bbox 539 2155 780 2241; x_wconf 85' lang='lat' dir='ltr'>oll&#39;ensusApri</span> <span class='ocrx_word' id='word_1_112' title='bbox 790 2153 866 2218; x_wconf 79' lang='lat' dir='ltr'>illa&#39;·&#39;</span> <span class='ocrx_word' id='word_1_113' title='bbox 876 2154 1169 2241; x_wconf 81' lang='lat' dir='ltr'>disputatione...»</span> <span class='ocrx_word' id='word_1_114' title='bbox 1181 2193 1219 2201; x_wconf 90' lang='lat'>—</span> <span class='ocrx_word' id='word_1_115' title='bbox 1228 2156 1281 2218; x_wconf 78' lang='lat'>28.</span> <span class='ocrx_word' id='word_1_116' title='bbox 1292 2153 1376 2217; x_wconf 92' lang='lat' dir='ltr'>Tum</span> <span class='ocrx_word' id='word_1_117' title='bbox 1388 2152 1561 2219; x_wconf 84' lang='lat' dir='ltr'>Messalla:</span> 
     </span>
     <span class='ocr_line' id='line_1_14' title="bbox 330 2259 1564 2348; baseline 0.003 -24"><span class='ocrx_word' id='word_1_118' title='bbox 330 2287 346 2324; x_wconf 84' lang='lat' dir='ltr'>a</span> <span class='ocrx_word' id='word_1_119' title='bbox 365 2260 440 2324; x_wconf 78' lang='lat' dir='ltr'>Non</span> <span class='ocrx_word' id='word_1_120' title='bbox 463 2262 664 2339; x_wconf 88' lang='lat' dir='ltr'>reconditas,</span> <span class='ocrx_word' id='word_1_121' title='bbox 687 2261 851 2330; x_wconf 85' lang='lat' dir='ltr'>Materne.</span> <span class='ocrx_word' id='word_1_122' title='bbox 869 2284 988 2325; x_wconf 85' lang='lat' dir='ltr'>causas</span> <span class='ocrx_word' id='word_1_123' title='bbox 1012 2260 1155 2348; x_wconf 80' lang='lat' dir='ltr'>requiris</span> <span class='ocrx_word' id='word_1_124' title='bbox 1176 2283 1235 2324; x_wconf 88' lang='lat' dir='ltr'>nee</span> <span class='ocrx_word' id='word_1_125' title='bbox 1255 2267 1312 2325; x_wconf 88' lang='lat' dir='ltr'>aut</span> <span class='ocrx_word' id='word_1_126' title='bbox 1334 2259 1394 2325; x_wconf 92' lang='lat' dir='ltr'>tibi</span> <span class='ocrx_word' id='word_1_127' title='bbox 1420 2261 1485 2347; x_wconf 89' lang='lat' dir='ltr'>ipsi</span> <span class='ocrx_word' id='word_1_128' title='bbox 1506 2267 1564 2329; x_wconf 84' lang='lat' dir='ltr'>aut</span> 
     </span>
     <span class='ocr_line' id='line_1_15' title="bbox 329 2367 1564 2455; baseline -0.001 -24"><span class='ocrx_word' id='word_1_129' title='bbox 329 2368 404 2432; x_wconf 91' lang='lat' dir='ltr'>huie</span> <span class='ocrx_word' id='word_1_130' title='bbox 421 2369 576 2433; x_wconf 86' lang='lat' dir='ltr'>Secundo</span> <span class='ocrx_word' id='word_1_131' title='bbox 597 2367 650 2433; x_wconf 79' lang='lat' dir='ltr'>vel</span> <span class='ocrx_word' id='word_1_132' title='bbox 670 2367 746 2432; x_wconf 92' lang='lat' dir='ltr'>huic</span> <span class='ocrx_word' id='word_1_133' title='bbox 776 2369 870 2455; x_wconf 87' lang='lat' dir='ltr'>Apro</span> <span class='ocrx_word' id='word_1_134' title='bbox 895 2368 1040 2455; x_wconf 82' lang='lat' dir='ltr'>ignotas,</span> <span class='ocrx_word' id='word_1_135' title='bbox 1066 2395 1081 2426; x_wconf 74' lang='lat' dir='ltr'>n</span> <span class='ocrx_word' id='word_1_136' title='bbox 1102 2407 1145 2416; x_wconf 93' lang='lat'>-</span> <span class='ocrx_word' id='word_1_137' title='bbox 1159 2367 1212 2432; x_wconf 88' lang='grc'>33.</span> <span class='ocrx_word' id='word_1_138' title='bbox 1229 2367 1358 2432; x_wconf 85' lang='lat' dir='ltr'>Deinde</span> <span class='ocrx_word' id='word_1_139' title='bbox 1373 2390 1449 2432; x_wconf 88' lang='lat' dir='ltr'>cum</span> <span class='ocrx_word' id='word_1_140' title='bbox 1471 2369 1564 2455; x_wconf 88' lang='lat' dir='ltr'>Aper</span> 
     </span>
     <span class='ocr_line' id='line_1_16' title="bbox 329 2473 1562 2566; baseline -0.002 -26"><span class='ocrx_word' id='word_1_141' title='bbox 329 2500 461 2566; x_wconf 70' lang='lat' dir='ltr'>(piloque</span> <span class='ocrx_word' id='word_1_142' title='bbox 491 2484 524 2541; x_wconf 88' lang='lat' dir='ltr'>et</span> <span class='ocrx_word' id='word_1_143' title='bbox 552 2474 729 2541; x_wconf 77' lang='lat' dir='ltr'>Secundus</span> <span class='ocrx_word' id='word_1_144' title='bbox 757 2475 846 2538; x_wconf 88' lang='lat' dir='ltr'>idom</span> <span class='ocrx_word' id='word_1_145' title='bbox 876 2475 1086 2552; x_wconf 87' lang='lat' dir='ltr'>adnuissent‚</span> <span class='ocrx_word' id='word_1_146' title='bbox 1121 2473 1282 2540; x_wconf 91' lang='lat' dir='ltr'>Messalla</span> <span class='ocrx_word' id='word_1_147' title='bbox 1315 2475 1412 2563; x_wconf 88' lang='lat' dir='ltr'>quasi</span> <span class='ocrx_word' id='word_1_148' title='bbox 1444 2498 1562 2539; x_wconf 89' lang='lat' dir='ltr'>rursus</span> 
     </span>
     <span class='ocr_line' id='line_1_17' title="bbox 328 2582 1562 2670; baseline -0.002 -23"><span class='ocrx_word' id='word_1_149' title='bbox 328 2585 594 2670; x_wconf 82' lang='lat' dir='ltr'>incipiens...-</span> <span class='ocrx_word' id='word_1_150' title='bbox 626 2586 676 2661; x_wconf 70' lang='lat' dir='ltr'>lo.</span> <span class='ocrx_word' id='word_1_151' title='bbox 705 2583 754 2647; x_wconf 86' lang='lat' dir='ltr'>Ac</span> <span class='ocrx_word' id='word_1_152' title='bbox 788 2582 888 2646; x_wconf 91' lang='lat' dir='ltr'>simul</span> <span class='ocrx_word' id='word_1_153' title='bbox 917 2582 1106 2669; x_wconf 77' lang='lat' dir='ltr'>adsurgens</span> <span class='ocrx_word' id='word_1_154' title='bbox 1137 2582 1341 2666; x_wconf 85' lang='lat' dir='ltr'>(Maternus)</span> <span class='ocrx_word' id='word_1_155' title='bbox 1365 2589 1399 2646; x_wconf 92' lang='lat' dir='ltr'>ct</span> <span class='ocrx_word' id='word_1_156' title='bbox 1431 2583 1562 2669; x_wconf 92' lang='lat' dir='ltr'>Aprum</span> 
     </span>
     <span class='ocr_line' id='line_1_18' title="bbox 329 2687 1563 2778; baseline 0 -24"><span class='ocrx_word' id='word_1_157' title='bbox 329 2692 547 2778; x_wconf 83' lang='lat' dir='ltr'>complexus:</span> <span class='ocrx_word' id='word_1_158' title='bbox 567 2716 583 2754; x_wconf 83' lang='lat' dir='ltr'>a</span> <span class='ocrx_word' id='word_1_159' title='bbox 608 2691 690 2776; x_wconf 71' lang='lat' dir='ltr'>ligo,</span> <span class='ocrx_word' id='word_1_160' title='bbox 710 2690 832 2778; x_wconf 85' lang='lat' dir='ltr'>inquit.</span> <span class='ocrx_word' id='word_1_161' title='bbox 850 2697 880 2755; x_wconf 88' lang='lat' dir='ltr'>te</span> <span class='ocrx_word' id='word_1_162' title='bbox 898 2690 1017 2777; x_wconf 70' lang='lat' dir='ltr'>poetis</span> <span class='ocrx_word' id='word_1_163' title='bbox 1039 2687 1200 2753; x_wconf 86' lang='lat' dir='ltr'>Messalla</span> <span class='ocrx_word' id='word_1_164' title='bbox 1225 2697 1336 2754; x_wconf 88' lang='lat' dir='ltr'>autem</span> <span class='ocrx_word' id='word_1_165' title='bbox 1361 2689 1563 2778; x_wconf 89' lang='lat' dir='ltr'>antiquariis</span> 
     </span>
     <span class='ocr_line' id='line_1_19' title="bbox 329 2797 650 2863; baseline -0.009 0"><span class='ocrx_word' id='word_1_166' title='bbox 329 2797 613 2863; x_wconf 69' lang='lat' dir='ltr'>criminabimurt.</span> <span class='ocrx_word' id='word_1_167' title='bbox 635 2828 650 2854; x_wconf 76' lang='lat' dir='ltr'>u</span> 
     </span>
    </p>

    <p class='ocr_par' dir='ltr' id='par_1_3' title="bbox 285 2903 1564 3526">
     <span class='ocr_line' id='line_1_20' title="bbox 285 2903 1563 2991; baseline -0.003 -22"><span class='ocrx_word' id='word_1_168' title='bbox 285 2904 690 2970; x_wconf 75' lang='lat' dir='ltr'>Al&#39;lllltlDISlEA&#39;SES.</span> <span class='ocrx_word' id='word_1_169' title='bbox 709 2941 753 2955; x_wconf 89' lang='lat'><em>-</em></span> <span class='ocrx_word' id='word_1_170' title='bbox 768 2905 798 2981; x_wconf 85' lang='lat'>3,</span> <span class='ocrx_word' id='word_1_171' title='bbox 817 2904 871 2969; x_wconf 83' lang='lat'>62.</span> <span class='ocrx_word' id='word_1_172' title='bbox 887 2903 1228 2991; x_wconf 77' lang='lat' dir='ltr'>Aphrodisienses...</span> <span class='ocrx_word' id='word_1_173' title='bbox 1248 2903 1563 2969; x_wconf 86' lang='lat' dir='ltr'>etStratonicenses</span> 
     </span>
     <span class='ocr_line' id='line_1_21' title="bbox 330 3010 1564 3097; baseline -0.002 -21"><span class='ocrx_word' id='word_1_174' title='bbox 330 3012 504 3076; x_wconf 85' lang='lat' dir='ltr'>dictatoris</span> <span class='ocrx_word' id='word_1_175' title='bbox 533 3012 687 3076; x_wconf 80' lang='lat' dir='ltr'>Caesaris</span> <span class='ocrx_word' id='word_1_176' title='bbox 716 3011 758 3074; x_wconf 76' lang='lat' dir='ltr'>ali</span> <span class='ocrx_word' id='word_1_177' title='bbox 779 3019 912 3076; x_wconf 74' lang='lat' dir='ltr'>vetusta</span> <span class='ocrx_word' id='word_1_178' title='bbox 943 3012 976 3074; x_wconf 91' lang='lat' dir='ltr'>in</span> <span class='ocrx_word' id='word_1_179' title='bbox 1006 3019 1117 3097; x_wconf 86' lang='lat' dir='ltr'>partes</span> <span class='ocrx_word' id='word_1_180' title='bbox 1142 3010 1261 3074; x_wconf 86' lang='lat' dir='ltr'>merila</span> <span class='ocrx_word' id='word_1_181' title='bbox 1285 3018 1320 3074; x_wconf 86' lang='lat' dir='ltr'>et</span> <span class='ocrx_word' id='word_1_182' title='bbox 1342 3033 1460 3074; x_wconf 90' lang='lat' dir='ltr'>recens</span> <span class='ocrx_word' id='word_1_183' title='bbox 1485 3011 1564 3075; x_wconf 81' lang='lat' dir='ltr'>Divi</span> 
     </span>
     <span class='ocr_line' id='line_1_22' title="bbox 331 3116 1563 3205; baseline -0.001 -22"><span class='ocrx_word' id='word_1_184' title='bbox 331 3119 478 3204; x_wconf 75' lang='lat' dir='ltr'>Augusti</span> <span class='ocrx_word' id='word_1_185' title='bbox 499 3119 669 3183; x_wconf 86' lang='lat' dir='ltr'>decretum</span> <span class='ocrx_word' id='word_1_186' title='bbox 697 3119 744 3203; x_wconf 81' lang='lat' dir='ltr'>(in</span> <span class='ocrx_word' id='word_1_187' title='bbox 767 3119 935 3205; x_wconf 86' lang='lat' dir='ltr'>senatum)</span> <span class='ocrx_word' id='word_1_188' title='bbox 951 3117 1115 3185; x_wconf 84' lang='lat' dir='ltr'>adtulere.</span> <span class='ocrx_word' id='word_1_189' title='bbox 1140 3116 1279 3195; x_wconf 91' lang='lat' dir='ltr'>laudati,</span> <span class='ocrx_word' id='word_1_190' title='bbox 1307 3116 1397 3204; x_wconf 94' lang='lat' dir='ltr'>quod</span> <span class='ocrx_word' id='word_1_191' title='bbox 1420 3118 1563 3184; x_wconf 84' lang='lat' dir='ltr'>l&#39;artlro·</span> 
     </span>
     <span class='ocr_line' id='line_1_23' title="bbox 330 3224 1563 3313; baseline -0.001 -22"><span class='ocrx_word' id='word_1_192' title='bbox 330 3251 403 3291; x_wconf 93' lang='lat' dir='ltr'>rum</span> <span class='ocrx_word' id='word_1_193' title='bbox 421 3227 648 3313; x_wconf 78' lang='lat' dir='ltr'>inruptionem</span> <span class='ocrx_word' id='word_1_194' title='bbox 665 3225 749 3289; x_wconf 84' lang='lat' dir='ltr'>nilril</span> <span class='ocrx_word' id='word_1_195' title='bbox 766 3233 894 3290; x_wconf 87' lang='lat' dir='ltr'>mutata</span> <span class='ocrx_word' id='word_1_196' title='bbox 912 3225 944 3288; x_wconf 94' lang='lat' dir='ltr'>in</span> <span class='ocrx_word' id='word_1_197' title='bbox 966 3224 1128 3312; x_wconf 84' lang='lat' dir='ltr'>populum</span> <span class='ocrx_word' id='word_1_198' title='bbox 1150 3224 1339 3287; x_wconf 86' lang='lat' dir='ltr'>llomanum</span> <span class='ocrx_word' id='word_1_199' title='bbox 1372 3226 1563 3290; x_wconf 87' lang='lat' dir='ltr'>constantia</span> 
     </span>
     <span class='ocr_line' id='line_1_24' title="bbox 331 3329 1561 3422; baseline -0.001 -25"><span class='ocrx_word' id='word_1_200' title='bbox 331 3334 560 3422; x_wconf 86' lang='lat' dir='ltr'>pertulissent..</span> <span class='ocrx_word' id='word_1_201' title='bbox 584 3331 651 3396; x_wconf 75' lang='lat' dir='ltr'>Sed</span> <span class='ocrx_word' id='word_1_202' title='bbox 672 3331 988 3419; x_wconf 87' lang='lat' dir='ltr'>Apln·odisiensium</span> <span class='ocrx_word' id='word_1_203' title='bbox 1012 3332 1131 3395; x_wconf 76' lang='lat' dir='ltr'>civitas</span> <span class='ocrx_word' id='word_1_204' title='bbox 1157 3331 1335 3396; x_wconf 82' lang='lat' dir='ltr'>l&#39;cneris...</span> <span class='ocrx_word' id='word_1_205' title='bbox 1363 3329 1561 3418; x_wconf 79' lang='lat' dir='ltr'>religionem</span> 
     </span>
     <span class='ocr_line' id='line_1_25' title="bbox 330 3440 527 3526; baseline -0.005 -21"><span class='ocrx_word' id='word_1_206' title='bbox 330 3440 527 3526; x_wconf 84' lang='lat' dir='ltr'>(tuebatur).</span> 
     </span>
    </p>

    <p class='ocr_par' dir='ltr' id='par_1_4' title="bbox 286 3545 1564 3957">
     <span class='ocr_line' id='line_1_26' title="bbox 286 3545 1564 3632; baseline -0.002 -20"><span class='ocrx_word' id='word_1_207' title='bbox 286 3546 629 3625; x_wconf 51' lang='lat' dir='ltr'>arietillum-a,</span> <span class='ocrx_word' id='word_1_208' title='bbox 658 3546 688 3609; x_wconf 72' lang='lat'>1).</span> <span class='ocrx_word' id='word_1_209' title='bbox 715 3545 815 3609; x_wconf 85' lang='lat' dir='ltr'>l&#39;ellit</span> <span class='ocrx_word' id='word_1_210' title='bbox 844 3545 944 3608; x_wconf 87' lang='lat' dir='ltr'>dmno</span> <span class='ocrx_word' id='word_1_211' title='bbox 974 3545 1116 3609; x_wconf 87' lang='lat' dir='ltr'>Seianus</span> <span class='ocrx_word' id='word_1_212' title='bbox 1133 3568 1272 3609; x_wconf 87' lang='lat' dir='ltr'>uxorem</span> <span class='ocrx_word' id='word_1_213' title='bbox 1297 3545 1490 3632; x_wconf 84' lang='lat' dir='ltr'>Apicatam,</span> <span class='ocrx_word' id='word_1_214' title='bbox 1521 3568 1564 3610; x_wconf 79' lang='lat' dir='ltr'>ex</span> 
     </span>
     <span class='ocr_line' id='line_1_27' title="bbox 330 3651 1564 3744; baseline -0.002 -24"><span class='ocrx_word' id='word_1_215' title='bbox 330 3679 394 3744; x_wconf 90' lang='lat' dir='ltr'>qua</span> <span class='ocrx_word' id='word_1_216' title='bbox 412 3665 478 3720; x_wconf 88' lang='lat' dir='ltr'>tres</span> <span class='ocrx_word' id='word_1_217' title='bbox 496 3653 617 3719; x_wconf 72' lang='lat' dir='ltr'>libonis</span> <span class='ocrx_word' id='word_1_218' title='bbox 638 3662 812 3735; x_wconf 72' lang='lat' dir='ltr'>genuerat,</span> <span class='ocrx_word' id='word_1_219' title='bbox 832 3677 871 3716; x_wconf 91' lang='lat' dir='ltr'>ne</span> <span class='ocrx_word' id='word_1_220' title='bbox 893 3651 1009 3739; x_wconf 90' lang='lat' dir='ltr'>paeliei</span> <span class='ocrx_word' id='word_1_221' title='bbox 1027 3651 1156 3739; x_wconf 76' lang='lat' dir='ltr'>(liviae</span> <span class='ocrx_word' id='word_1_222' title='bbox 1175 3653 1275 3717; x_wconf 83' lang='lat' dir='ltr'>llrusi</span> <span class='ocrx_word' id='word_1_223' title='bbox 1294 3653 1407 3736; x_wconf 84' lang='lat' dir='ltr'>uxori)</span> <span class='ocrx_word' id='word_1_224' title='bbox 1427 3676 1564 3740; x_wconf 87' lang='lat' dir='ltr'>suspec-</span> 
     </span>
     <span class='ocr_line' id='line_1_28' title="bbox 330 3759 1564 3847; baseline -0.002 -20"><span class='ocrx_word' id='word_1_225' title='bbox 330 3770 467 3827; x_wconf 78' lang='lat' dir='ltr'>[aretur.</span> <span class='ocrx_word' id='word_1_226' title='bbox 490 3801 533 3812; x_wconf 95' lang='lat'><em>-</em></span> <span class='ocrx_word' id='word_1_227' title='bbox 549 3764 580 3839; x_wconf 67' lang='grc'>4,</span> <span class='ocrx_word' id='word_1_228' title='bbox 604 3785 651 3824; x_wconf 87' lang='lat' dir='ltr'>rr.</span> <span class='ocrx_word' id='word_1_229' title='bbox 671 3760 760 3823; x_wconf 82' lang='lat' dir='ltr'>Ordo</span> <span class='ocrx_word' id='word_1_230' title='bbox 781 3760 906 3846; x_wconf 89' lang='lat' dir='ltr'>alioqui</span> <span class='ocrx_word' id='word_1_231' title='bbox 932 3759 1068 3824; x_wconf 86' lang='lat' dir='ltr'>sceleris</span> <span class='ocrx_word' id='word_1_232' title='bbox 1091 3760 1140 3845; x_wconf 80' lang='lat' dir='ltr'>(in</span> <span class='ocrx_word' id='word_1_233' title='bbox 1167 3759 1313 3824; x_wconf 91' lang='lat' dir='ltr'>Drusum</span> <span class='ocrx_word' id='word_1_234' title='bbox 1339 3760 1478 3846; x_wconf 88' lang='lat' dir='ltr'>patrati)</span> <span class='ocrx_word' id='word_1_235' title='bbox 1505 3784 1564 3847; x_wconf 89' lang='lat' dir='ltr'>per</span> 
     </span>
     <span class='ocr_line' id='line_1_29' title="bbox 332 3867 855 3957; baseline -0.002 -23"><span class='ocrx_word' id='word_1_236' title='bbox 332 3872 507 3957; x_wconf 82' lang='lat' dir='ltr'>Apicatam</span> <span class='ocrx_word' id='word_1_237' title='bbox 529 3869 639 3932; x_wconf 84' lang='lat' dir='ltr'>Seiani</span> <span class='ocrx_word' id='word_1_238' title='bbox 662 3867 855 3953; x_wconf 79' lang='lat' dir='ltr'>proditus..</span> 
     </span>
    </p>

    <p class='ocr_par' dir='ltr' id='par_1_5' title="bbox 286 3975 1564 4172">
     <span class='ocr_line' id='line_1_30' title="bbox 286 3975 1564 4064; baseline -0.004 -20"><span class='ocrx_word' id='word_1_239' title='bbox 286 3978 500 4044; x_wconf 68' lang='lat' dir='ltr'>Al&#39;ltjlll&#39;Ss&#39;.</span> <span class='ocrx_word' id='word_1_240' title='bbox 519 4017 560 4028; x_wconf 92' lang='lat'>-</span> <span class='ocrx_word' id='word_1_241' title='bbox 580 3980 608 4052; x_wconf 68' lang='lat' dir='ltr'>l,</span> <span class='ocrx_word' id='word_1_242' title='bbox 632 4002 658 4041; x_wconf 88' lang='grc' dir='ltr'>ι,</span> <span class='ocrx_word' id='word_1_243' title='bbox 678 3977 849 4060; x_wconf 69' lang='lat' dir='ltr'>(Seianus)</span> <span class='ocrx_word' id='word_1_244' title='bbox 867 3976 974 4064; x_wconf 89' lang='lat' dir='ltr'>prima</span> <span class='ocrx_word' id='word_1_245' title='bbox 991 3976 1126 4039; x_wconf 78' lang='lat' dir='ltr'>iuventa</span> <span class='ocrx_word' id='word_1_246' title='bbox 1140 3975 1261 4039; x_wconf 90' lang='lat' dir='ltr'>Gaium</span> <span class='ocrx_word' id='word_1_247' title='bbox 1279 3976 1457 4040; x_wconf 83' lang='lat' dir='ltr'>Caesarem</span> <span class='ocrx_word' id='word_1_248' title='bbox 1487 3975 1564 4040; x_wconf 82' lang='lat' dir='ltr'>Divi</span> 
     </span>
     <span class='ocr_line' id='line_1_31' title="bbox 330 4082 1564 4172; baseline -0.006 -21"><span class='ocrx_word' id='word_1_249' title='bbox 330 4086 478 4172; x_wconf 81' lang='lat' dir='ltr'>Augusti</span> <span class='ocrx_word' id='word_1_250' title='bbox 497 4091 652 4170; x_wconf 81' lang='lat' dir='ltr'>nepotem</span> <span class='ocrx_word' id='word_1_251' title='bbox 670 4091 829 4161; x_wconf 80' lang='lat' dir='ltr'>sectatus,</span> <span class='ocrx_word' id='word_1_252' title='bbox 854 4106 920 4146; x_wconf 90' lang='lat' dir='ltr'>non</span> <span class='ocrx_word' id='word_1_253' title='bbox 937 4083 1008 4146; x_wconf 88' lang='lat' dir='ltr'>sine</span> <span class='ocrx_word' id='word_1_254' title='bbox 1030 4105 1163 4148; x_wconf 92' lang='lat' dir='ltr'>rumore</span> <span class='ocrx_word' id='word_1_255' title='bbox 1184 4083 1305 4170; x_wconf 89' lang='lat' dir='ltr'>Apicio</span> <span class='ocrx_word' id='word_1_256' title='bbox 1316 4082 1412 4147; x_wconf 87' lang='lat' dir='ltr'>diviti</span> <span class='ocrx_word' id='word_1_257' title='bbox 1428 4091 1459 4148; x_wconf 91' lang='lat' dir='ltr'>el</span> <span class='ocrx_word' id='word_1_258' title='bbox 1487 4107 1564 4171; x_wconf 86' lang='lat' dir='ltr'>pru-</span> 
     </span>
    </p>
   </div>
   <div class='ocr_carea' id='block_1_3' title="bbox 330 4189 844 4280">
    <p class='ocr_par' dir='ltr' id='par_1_6' title="bbox 330 4189 844 4280">
     <span class='ocr_line' id='line_1_32' title="bbox 330 4189 844 4280; baseline -0.006 -22"><span class='ocrx_word' id='word_1_259' title='bbox 330 4195 409 4280; x_wconf 75' lang='lat' dir='ltr'>digo</span> <span class='ocrx_word' id='word_1_260' title='bbox 427 4200 583 4278; x_wconf 91' lang='lat' dir='ltr'>stuprum</span> <span class='ocrx_word' id='word_1_261' title='bbox 597 4213 682 4254; x_wconf 83' lang='lat' dir='ltr'>veno</span> <span class='ocrx_word' id='word_1_262' title='bbox 698 4189 844 4255; x_wconf 88' lang='lat' dir='ltr'>dedisse.</span> 
     </span>
    </p>
   </div>
   <div class='ocr_carea' id='block_1_4' title="bbox 267 4425 1565 5052">
    <p class='ocr_par' dir='ltr' id='par_1_7' title="bbox 267 4425 1565 4570">
     <span class='ocr_line' id='line_1_33' title="bbox 321 4425 633 4492; baseline -0.013 -13"><span class='ocrx_word' id='word_1_263' title='bbox 321 4432 325 4464; x_wconf 86' lang='lat'>¹</span> <span class='ocrx_word' id='word_1_264' title='bbox 346 4435 421 4492; x_wconf 80' lang='lat' dir='ltr'>Aper</span> <span class='ocrx_word' id='word_1_265' title='bbox 432 4429 494 4476; x_wconf 82' lang='lat' dir='ltr'>mld.</span> <span class='ocrx_word' id='word_1_266' title='bbox 513 4425 540 4475; x_wconf 78' lang='grc' dir='ltr'>Ι).</span> <span class='ocrx_word' id='word_1_267' title='bbox 554 4427 633 4475; x_wconf 80' lang='lat' dir='ltr'>Voss.</span> 
     </span>
     <span class='ocr_line' id='line_1_34' title="bbox 267 4504 1565 4570; baseline -0.007 -8"><span class='ocrx_word' id='word_1_268' title='bbox 267 4559 272 4569; x_wconf 90' lang='grc'><em>,</em></span> <span class='ocrx_word' id='word_1_269' title='bbox 318 4510 451 4561; x_wconf 71' lang='grc' dir='ltr'>2ΑΒ();</span> <span class='ocrx_word' id='word_1_270' title='bbox 475 4524 488 4555; x_wconf 82' lang='lat' dir='ltr'>a</span> <span class='ocrx_word' id='word_1_271' title='bbox 507 4507 607 4570; x_wconf 87' lang='lat' dir='ltr'>prima.</span> <span class='ocrx_word' id='word_1_272' title='bbox 626 4509 700 4554; x_wconf 70' lang='lat' dir='ltr'>(lom.</span> <span class='ocrx_word' id='word_1_273' title='bbox 718 4507 802 4566; x_wconf 65' lang='lat' dir='ltr'>Sillia.</span> <span class='ocrx_word' id='word_1_274' title='bbox 822 4507 949 4568; x_wconf 78' lang='lat' dir='ltr'>lipsius:</span> <span class='ocrx_word' id='word_1_275' title='bbox 969 4505 1090 4567; x_wconf 82' lang='lat' dir='ltr'>Aprina:</span> <span class='ocrx_word' id='word_1_276' title='bbox 1110 4506 1146 4552; x_wconf 89' lang='lat' dir='ltr'>lo.</span> <span class='ocrx_word' id='word_1_277' title='bbox 1163 4506 1205 4552; x_wconf 86' lang='lat' dir='ltr'>Fr.</span> <span class='ocrx_word' id='word_1_278' title='bbox 1223 4505 1334 4553; x_wconf 78' lang='lat' dir='ltr'>Gronov</span> <span class='ocrx_word' id='word_1_279' title='bbox 1350 4522 1356 4555; x_wconf 93' lang='lat'>:</span> <span class='ocrx_word' id='word_1_280' title='bbox 1374 4506 1444 4569; x_wconf 81' lang='lat' dir='ltr'>Apri</span> <span class='ocrx_word' id='word_1_281' title='bbox 1461 4504 1565 4562; x_wconf 67' lang='grc' dir='ltr'>Μείνὶ,1</span> 
     </span>
    </p>

    <p class='ocr_par' dir='ltr' id='par_1_8' title="bbox 286 4587 665 4650">
     <span class='ocr_line' id='line_1_35' title="bbox 286 4587 665 4650; baseline -0.005 -12"><span class='ocrx_word' id='word_1_282' title='bbox 286 4589 498 4638; x_wconf 72' lang='lat' dir='ltr'>Sclmrdlciseli:</span> <span class='ocrx_word' id='word_1_283' title='bbox 518 4587 587 4650; x_wconf 87' lang='lat' dir='ltr'>Apri</span> <span class='ocrx_word' id='word_1_284' title='bbox 605 4587 665 4636; x_wconf 81' lang='lat' dir='ltr'>inei.</span> 
     </span>
    </p>

    <p class='ocr_par' dir='ltr' id='par_1_9' title="bbox 317 4669 832 4728">
     <span class='ocr_line' id='line_1_36' title="bbox 317 4669 832 4728; baseline 0 -13"><span class='ocrx_word' id='word_1_285' title='bbox 317 4671 376 4720; x_wconf 63' lang='grc' dir='ltr'>Μ’.</span> <span class='ocrx_word' id='word_1_286' title='bbox 392 4672 472 4718; x_wconf 88' lang='lat' dir='ltr'>eliam</span> <span class='ocrx_word' id='word_1_287' title='bbox 494 4672 521 4716; x_wconf 68' lang='grc' dir='ltr'>ί).</span> <span class='ocrx_word' id='word_1_288' title='bbox 538 4686 557 4726; x_wconf 86' lang='lat'>1,</span> <span class='ocrx_word' id='word_1_289' title='bbox 573 4678 593 4726; x_wconf 64' lang='lat'>5.</span> <span class='ocrx_word' id='word_1_290' title='bbox 606 4685 628 4728; x_wconf 83' lang='lat'>7.</span> <span class='ocrx_word' id='word_1_291' title='bbox 646 4686 679 4716; x_wconf 89' lang='lat' dir='ltr'>ro.</span> <span class='ocrx_word' id='word_1_292' title='bbox 701 4669 735 4716; x_wconf 80' lang='lat' dir='ltr'>ill.</span> <span class='ocrx_word' id='word_1_293' title='bbox 753 4670 832 4715; x_wconf 67' lang='lat' dir='ltr'>er-ail.</span> 
     </span>
    </p>

    <p class='ocr_par' dir='ltr' id='par_1_10' title="bbox 318 4747 1066 4812">
     <span class='ocr_line' id='line_1_37' title="bbox 318 4747 1066 4812; baseline -0.007 -12"><span class='ocrx_word' id='word_1_294' title='bbox 318 4753 465 4804; x_wconf 50' lang='grc' dir='ltr'>*Ριιομυνη</span> <span class='ocrx_word' id='word_1_295' title='bbox 481 4747 535 4812; x_wconf 71' lang='lat'>532.</span> <span class='ocrx_word' id='word_1_296' title='bbox 550 4749 675 4810; x_wconf 78' lang='lat' dir='ltr'>Apieatia</span> <span class='ocrx_word' id='word_1_297' title='bbox 695 4750 787 4796; x_wconf 90' lang='lat' dir='ltr'>maluit</span> <span class='ocrx_word' id='word_1_298' title='bbox 809 4747 950 4795; x_wconf 67' lang='lat' dir='ltr'>llnmmizsr.</span> <span class='ocrx_word' id='word_1_299' title='bbox 965 4747 997 4796; x_wconf 69' lang='grc' dir='ltr'>Υ,</span> <span class='ocrx_word' id='word_1_300' title='bbox 1012 4748 1066 4810; x_wconf 77' lang='lat'>307.</span> 
     </span>
    </p>

    <p class='ocr_par' dir='ltr' id='par_1_11' title="bbox 289 4827 1565 5052">
     <span class='ocr_line' id='line_1_38' title="bbox 319 4827 1564 4891; baseline -0.002 -12"><span class='ocrx_word' id='word_1_301' title='bbox 319 4831 330 4865; x_wconf 77' lang='lat'>⁵</span> <span class='ocrx_word' id='word_1_302' title='bbox 349 4834 384 4880; x_wconf 87' lang='lat' dir='ltr'>M.</span> <span class='ocrx_word' id='word_1_303' title='bbox 399 4831 501 4879; x_wconf 74' lang='lat' dir='ltr'>(larius</span> <span class='ocrx_word' id='word_1_304' title='bbox 520 4832 642 4891; x_wconf 75' lang='lat' dir='ltr'>Apicius.</span> <span class='ocrx_word' id='word_1_305' title='bbox 655 4830 779 4877; x_wconf 71' lang='lat' dir='ltr'>Priusne..</span> <span class='ocrx_word' id='word_1_306' title='bbox 799 4830 832 4876; x_wconf 77' lang='lat' dir='ltr'>tl.</span> <span class='ocrx_word' id='word_1_307' title='bbox 849 4829 886 4875; x_wconf 72' lang='lat'>53.</span> <span class='ocrx_word' id='word_1_308' title='bbox 902 4829 1230 4876; x_wconf 73' lang='lat' dir='ltr'>Nicer-:nusiAsmissus:</span> <span class='ocrx_word' id='word_1_309' title='bbox 1249 4851 1258 4871; x_wconf 74' lang='lat' dir='ltr'>u</span> <span class='ocrx_word' id='word_1_310' title='bbox 1278 4828 1312 4875; x_wconf 77' lang='lat' dir='ltr'>Er</span> <span class='ocrx_word' id='word_1_311' title='bbox 1329 4829 1401 4876; x_wconf 84' lang='lat' dir='ltr'>liiess</span> <span class='ocrx_word' id='word_1_312' title='bbox 1418 4827 1564 4888; x_wconf 64' lang='lat' dir='ltr'>eigcntlicli</span> 
     </span>
     <span class='ocr_line' id='line_1_39' title="bbox 289 4909 1565 4973; baseline -0.003 -11"><span class='ocrx_word' id='word_1_313' title='bbox 289 4915 326 4962; x_wconf 86' lang='lat' dir='ltr'>M.</span> <span class='ocrx_word' id='word_1_314' title='bbox 350 4914 458 4961; x_wconf 71' lang='lat' dir='ltr'>(ineius.</span> <span class='ocrx_word' id='word_1_315' title='bbox 486 4910 540 4959; x_wconf 80' lang='lat' dir='ltr'>lter</span> <span class='ocrx_word' id='word_1_316' title='bbox 564 4912 688 4958; x_wconf 75' lang='lat' dir='ltr'>llciname</span> <span class='ocrx_word' id='word_1_317' title='bbox 714 4909 829 4973; x_wconf 79' lang='lat' dir='ltr'>Apicius</span> <span class='ocrx_word' id='word_1_318' title='bbox 850 4923 907 4955; x_wconf 77' lang='lat' dir='ltr'>war</span> <span class='ocrx_word' id='word_1_319' title='bbox 932 4910 987 4955; x_wconf 89' lang='lat' dir='ltr'>ilun</span> <span class='ocrx_word' id='word_1_320' title='bbox 1012 4925 1064 4955; x_wconf 79' lang='lat' dir='ltr'>ron</span> <span class='ocrx_word' id='word_1_321' title='bbox 1086 4911 1173 4956; x_wconf 87' lang='lat' dir='ltr'>einem</span> <span class='ocrx_word' id='word_1_322' title='bbox 1192 4910 1277 4956; x_wconf 77' lang='lat' dir='ltr'>tiltern</span> <span class='ocrx_word' id='word_1_323' title='bbox 1300 4909 1457 4970; x_wconf 66' lang='lat' dir='ltr'>Sclrwclacr</span> <span class='ocrx_word' id='word_1_324' title='bbox 1477 4912 1565 4958; x_wconf 74' lang='lat' dir='ltr'>tlicses</span> 
     </span>
     <span class='ocr_line' id='line_1_40' title="bbox 291 4990 1087 5052; baseline -0.011 -9"><span class='ocrx_word' id='word_1_325' title='bbox 291 4997 418 5043; x_wconf 78' lang='lat' dir='ltr'>A&#39;amens.</span> <span class='ocrx_word' id='word_1_326' title='bbox 436 4995 627 5052; x_wconf 69' lang='lat' dir='ltr'>Zeiluenassen</span> <span class='ocrx_word' id='word_1_327' title='bbox 646 4993 693 5038; x_wconf 76' lang='lat' dir='ltr'>ilcs</span> <span class='ocrx_word' id='word_1_328' title='bbox 712 4991 739 5038; x_wconf 80' lang='lat' dir='ltr'>l&#39;.</span> <span class='ocrx_word' id='word_1_329' title='bbox 761 4991 877 5037; x_wconf 73' lang='lat' dir='ltr'>llutilins</span> <span class='ocrx_word' id='word_1_330' title='bbox 892 5026 908 5037; x_wconf 88' lang='lat'>..</span> <span class='ocrx_word' id='word_1_331' title='bbox 927 4990 1056 5048; x_wconf 64' lang='lat' dir='ltr'>arachen.</span> <span class='ocrx_word' id='word_1_332' title='bbox 1077 5010 1087 5034; x_wconf 75' lang='lat' dir='ltr'>n</span> 
     </span>
    </p>
   </div>
   <div class='ocr_carea' id='block_1_5' title="bbox 0 0 1863 6228">
    <p class='ocr_par' dir='ltr' id='par_1_12' title="bbox 0 0 1863 6228">
     <span class='ocr_line' id='line_1_41' title="bbox 0 0 1863 6228; baseline 0 0"><span class='ocrx_word' id='word_1_333' title='bbox 0 0 1863 6228; x_wconf 95' lang='lat' dir='ltr'> </span> 
     </span>
    </p>
   </div>
  </div>
 </body>
</html>
