3709 6234
281 867 336 922 706
848 866 998 920 VELLEDA

282 1009 500 1076 VElANlVS
512 1007 723 1075 NIGER.-
742 1009 792 1086 15,
809 1006 864 1095 67.
883 1008 997 1072 Poena
1013 1006 1156 1095 (Subrii)
1172 1007 1337 1072 Veianio¹
1370 1006 1485 1095 Nigro
1519 1007 1579 1072 tri-

279 1181 281 1183 .
325 1117 417 1183 buno
433 1117 596 1203 (cohortis
609 1114 812 1204 praetoriae)
830 1115 1053 1181 mandatur...
1070 1114 1112 1180 Et
1126 1114 1224 1181 ille...
1258 1114 1439 1180 saevitiam
1481 1113 1579 1203 apud

329 1224 499 1291 Neronem
517 1224 698 1291 iactavit...

284 1330 550 1398 VELABRVM.
577 1330 662 1411 -Ι,
681 1353 734 1419 27.
753 1329 884 1396 Otho...
911 1353 971 1417 per
997 1330 1210 1396 Tiberianam
1239 1329 1376 1395 domum
1401 1329 1437 1394 in
1469 1329 1578 1393 Vela-

328 1439 469 1506 brum...
486 1437 609 1528 pergit.
622 1475 664 1490 -
680 1437 741 1516 ΙΙΙ,
759 1440 810 1526 74.
828 1438 1086 1504 Domitianus...
1105 1437 1194 1525 apud
1204 1435 1400 1502 Cornelium
1414 1436 1577 1502 Primum

327 1555 507 1635 paternum
525 1545 684 1611 clientem
704 1545 798 1610 iuxta
820 1544 1005 1610 Velabrum
1029 1544 1175 1611 delituit.

285 1653 594 1719 VELAEDAA-
616 1652 745 1734 IV,61.
782 1653 919 1718 Munius
957 1653 1128 1740 Lupercus
1151 1651 1285 1741 legatus
1304 1651 1450 1740 legionis
1483 1651 1577 1718 inter

328 1760 416 1826 dona
429 1761 553 1826 missus
566 1759 744 1826 Velaedae.
763 1759 810 1824 Ea
826 1760 922 1847 virgo
939 1760 1085 1825 nationis
1102 1759 1282 1825 Bructerae
1297 1758 1364 1824 late
1391 1759 1577 1848 imperita·

330 1868 428 1936 bat...
443 1868 603 1957 Tuncque
619 1866 785 1933 Velaedae
801 1868 985 1932 auctoritas
1001 1867 1162 1933 adolevit.
1180 1867 1268 1932 Nam
1282 1888 1464 1956 prosperas
1487 1866 1577 1932 Ger-

331 1975 440 2040 manis
452 1998 506 2041 res
526 1983 560 2041 et
573 1973 742 2040 excidium
758 1973 932 2061 legionum
951 1974 1175 2062 praedixerat.
1191 2013 1233 2022 -
1250 1973 1308 2050 IV,
1326 1973 1380 2037 65.
1397 1973 1576 2060 (Respon-

329 2082 411 2148 dent
435 2082 607 2147 Tencteris
636 2081 922 2170 Agrippinenses)
952 2081 1165 2146 «Arbitrum
1196 2079 1396 2146 habebimus
1422 2078 1576 2146 Civilem

330 2197 364 2255 et
379 2189 572 2268 venedam,
591 2189 680 2277 apud
705 2213 789 2278 quos
805 2196 901 2276 pacta
918 2189 1155 2254 saucientur».
1173 2188 1230 2254 Sic
1243 2187 1356 2253 lenitis
1393 2187 1576 2253 Tencteris

330 2295 434 2383 legati
454 2296 496 2362 ad
508 2295 652 2361 Civilem
667 2320 705 2361 ac
715 2296 897 2361 Velaedam
912 2296 1007 2360 missi
1021 2319 1098 2361 cum
1113 2295 1213 2360 donis
1226 2302 1346 2360 cuneta
1374 2318 1418 2360 ex
1447 2294 1577 2359 volun-

332 2411 400 2468 tate
416 2404 717 2492 Agrippinensium
746 2410 994 2492 perpetravere.
1013 2402 1080 2469 Sed
1106 2427 1221 2468 eoram
1244 2403 1334 2468 adire
1363 2402 1578 2491 adloquique

332 2510 516 2576 Velaedam
531 2518 712 2598 negatum:
731 2508 933 2576 arcebantur
955 2510 1131 2598 adspectu,
1162 2533 1229 2599 quo
1247 2509 1479 2576 venerationis
1495 2508 1578 2597 plus

332 2617 469 2682 inesset.
489 2617 564 2705 Ipsa
577 2617 667 2683 edita
683 2618 717 2681 in
733 2616 1014 2697 turre3delectus
1048 2641 1065 2681 e
1094 2618 1294 2706 propinquis
1317 2615 1475 2681 consulta
1505 2639 1579 2681 res·

332 2747 505 2811 ponsaque
529 2732 566 2790 ut
590 2724 819 2790 internuntius
851 2724 999 2788 numinis
1027 2722 1195 2812 portabat.
1217 2724 1317 2804 -V,
1340 2747 1393 2788 aa.
1429 2723 1578 2789 Revecti

332 2830 446 2896 hostes
465 2832 607 2920 captivis
622 2831 766 2896 navibus
776 2832 977 2918 praetoriam
990 2831 1161 2897 triremem
1169 2831 1307 2896 flumine
1317 2830 1426 2917 Lupia
1441 2829 1579 2895 donum

333 2938 499 3004 Velaedae
514 2947 658 3006 traxere.
671 2978 714 2987 --
730 2939 770 3016 V,
789 2942 829 3015 24
841 2938 1012 3026 (Petilius)
1034 2938 1176 3004 Cerialis
1192 2962 1253 3027 per
1262 2936 1414 3003 occultos
1430 2938 1580 3004 nuntios

392 3045 574 3111 Velaedam
594 3047 868 3134 propinquosque
889 3043 1049 3111 monebat
1063 3046 1235 3111 fortunam
1250 3044 1330 3112 belli
1344 3052 1395 3110 tot
1414 3044 1580 3111 cladibus

332 3152 510 3218 adversam
534 3160 723 3242 opportuno
739 3176 817 3240 erga
838 3153 1001 3242 populum
1018 3153 1171 3219 Romano
1187 3154 1307 3220 merito
1332 3160 1510 3220 mutare...
1534 3193 1580 3203 —

335 3261 371 3323 G.
388 3264 419 3327 8.
443 3260 596 3325 Vidimus
612 3260 674 3325 sub
697 3261 783 3324 Divo
800 3260 1009 3348 Vespasiano
1028 3259 1234 3326 Velaedam3
1248 3261 1305 3325 diu
1328 3259 1419 3347 apud
1442 3260 1581 3349 pleros·

334 3392 398 3455 que
414 3369 629 3456 (Germanos)
650 3368 799 3433 numinis
814 3366 887 3432 loeo
903 3368 1052 3432 habitam
1074 3368 1093 3434 ’·.

291 3475 483 3539 VELlNVS
506 3475 662 3540 LACVS.
678 3517 717 3525 —
744 3501 772 3554 1,
791 3501 843 3564 79.
858 3476 925 3539 Nee
944 3476 1077 3539 lleatiui
1093 3475 1250 3551 silebant,
1270 3475 1427 3539 Velinum
1446 3476 1578 3546 lacum.

334 3607 398 3670 qua
421 3584 453 3646 iu
471 3583 590 3647 Narem
607 3583 801 3660 ellunditur,
820 3581 950 3647 obstrui
966 3592 1171 3648 recusantes,

291 3692 302 3711 ·
329 3690 488 3755 Vlllll'S
506 3691 696 3769 GALLVS.
714 3713 746 3754 v.
765 3690 929 3753 AELIVS
943 3690 1134 3755 GALLVS.

294 3798 329 3861 P.
355 3796 622 3862 t'ltlLAlit'sfn
655 3834 696 3844 -
722 3797 820 3884 3‚39.
844 3802 937 3874 Quae
961 3796 1017 3861 ubi
1046 3798 1180 3884 cognita
1211 3798 1249 3862 P.
1284 3796 1420 3861 l'ellaeo
1443 3799 1581 3886 (regem

336 3906 512 3969 Thraeciae
527 3907 559 3968 in
586 3905 667 3968 urbe
683 3902 911 3991 Philippopoli
935 3906 1156 3991 circumsidi),
1173 3906 1200 3969 is
1220 3906 1413 3993 proximum
1444 3911 1583 3973 exerci-

337 4023 405 4079 tum
431 4012 698 4099 praesidebat...
730 4011 832 4075 robur
866 4012 1016 4098 peditum
1051 4011 1092 4076 ad
1120 4011 1366 4077 exsolvendum
1401 4012 1582 4081 obsidium

338 4119 441 4183 ducit.

294 4231 302 4249 '
326 4225 550 4307 VELLEDA,
575 4251 606 4291 v.
626 4226 853 4291 VllLAEllA.

325 4426 330 4457 ¹
351 4424 428 4484 l'ulg.
448 4439 508 4469 curu
524 4423 592 4473 dett.
608 4437 614 4470 t
632 4423 740 4472 l'eianu.

325 4505 472 4556 ΖΡιυιμωικ,
491 4520 545 4551 220.
564 4531 593 4539 -
613 4504 691 4564 l'ulg.
709 4509 770 4551 autc
791 4505 943 4560 llyclcium:
967 4503 1090 4550 Velleda:
1108 4518 1122 4549 a
1141 4503 1262 4562 llyckio:
1284 4502 1388 4550 l'eleda.
1406 4505 1446 4553 Cf.
1463 4506 1583 4556 Ouauni-

295 4586 407 4632 Mmmm

323 4664 389 4715 3Αῑ
412 4665 545 4713 uelalam:
562 4665 582 4716 Β
598 4682 603 4712 :
620 4663 807 4723 catalauno:
827 4664 957 4711 unledam.
979 4665 1085 4711 Codicis
1112 4662 1134 4713 Α
1169 4665 1331 4725 scripturam
1350 4671 1442 4712 servat
1462 4667 1584 4717 Ouania-

293 4746 568 4802 Scaurumu-Sunau,
582 4746 644 4793 roll.
661 4746 755 4793 Statio.
772 4745 849 4804 Sile..
870 4746 887 4793 Ι.
903 4753 924 4800 t.
943 4759 993 4806 90:
1009 4743 1183 4807 captivaeque
1195 4759 1289 4806 preces
1305 4744 1424 4793 l'etalae.
1444 4749 1584 4799 Attamen

294 4829 345 4874 llio
364 4829 482 4880 Cassius,
500 4829 539 4887 67.
557 4827 592 4874 6:
611 4827 727 4888 Ιίελήδαν.

324 4910 335 4943 ⁴
353 4909 384 4958 V.
401 4908 482 4955 etium
502 4907 532 4959 l',
548 4909 585 4953 25.

324 4991 335 5023 ὓ
354 4990 476 5046 Pansam,
497 4989 552 5037 231.
568 5014 598 5024 -
615 4988 692 5048 Vulg.
710 5005 715 5036 :
732 4988 761 5036 l'.
786 4986 909 5035 Velleius.
