3709 6234
814 897 842 948 C.
865 894 1040 947 autentus
1519 892 1565 948 121

328 1037 498 1104 exitiosus
512 1044 547 1102 et
567 1038 655 1102 inter
677 1057 796 1102 causas
820 1036 1000 1115 malorum,
1035 1059 1121 1125 quae
1142 1060 1221 1101 mox
1249 1033 1402 1117 tulimus,
1432 1036 1568 1124 saepius

331 1144 513 1211 rediturus.
540 1182 581 1193 —
602 1144 647 1208 .·l.
665 1143 720 1221 45.
736 1144 850 1209 Massa
863 1143 1048 1210 Baebius...
1065 1151 1137 1210 tum
1158 1166 1236 1209 reus
1250 1150 1333 1209 erat.

292 1251 670 1324 BAETAsut-lv,
695 1250 748 1316 56.
784 1250 948 1317 Claudius
977 1250 1131 1318 Labeo...
1170 1251 1335 1339 quosdam
1367 1250 1568 1317 Nerviorum

333 1359 634 1448 Baetasiorumque
654 1358 688 1423 in
701 1381 794 1423 arma
810 1358 926 1424 traxit.
942 1396 988 1409 -
1004 1357 1060 1436 1V‚
1088 1357 1142 1423 66.
1166 1358 1327 1425 Civilis...
1351 1359 1568 1446 occupatis...

333 1467 537 1538 Sunucis...
554 1489 622 1555 quo
638 1465 749 1531 minus
767 1465 854 1532 ultra
875 1473 1041 1555 pergeret,
1065 1465 1228 1531 Claudius
1258 1465 1369 1531 Labeo
1398 1466 1570 1532 Baetasio-

334 1575 432 1640 rum'2
462 1574 744 1663 Tungrorumque
757 1581 790 1638 et
808 1573 1007 1639 Nerviorum
1031 1573 1251 1640 tumultuaria
1277 1596 1380 1640 manu
1400 1573 1568 1641 restitit...

333 1681 452 1749 Civilis
468 1680 665 1747 Baetasios³
683 1701 819 1770 quoque
838 1704 876 1746 ac
900 1680 1044 1746 Nervios
1081 1681 1115 1745 in
1145 1681 1247 1747 fidem
1276 1689 1433 1769 acceptos
1465 1681 1571 1769 copiis

335 1789 406 1856 suis
425 1788 592 1856 adiunxit.

290 1896 602 1969 Batauum-1.
625 1894 679 1961 53.
703 1895 879 1978 (Alienum
913 1894 1107 1981 Caecinam)
1146 1895 1254 1961 Galba
1286 1904 1502 1985 quaestorem
1536 1896 1571 1961 in
1668 1924 1672 1932 ·

335 2004 468 2070 Baetica
483 2004 627 2091 impigre
647 2003 680 2067 in
697 2011 810 2090 partes
829 2026 908 2068 suas
935 2010 1185 2089 transgressum
1219 2003 1343 2092 legioni
1362 2004 1568 2092 praeposuit.

335 2111 415 2186 -l,
434 2112 488 2194 78.
514 2110 628 2198 (Otho)
644 2110 836 2197 provinciae
870 2107 1047 2175 Baeticae‘
1079 2109 1275 2175 Maurorum
1308 2112 1462 2177 civitates
1484 2111 1572 2175 dono

337 2218 444 2285 dedit.

295 2326 447 2392 ualau.
477 2363 520 2373 -
562 2347 613 2400 ιι,
644 2348 672 2390 ι.
703 2324 876 2408 (l'alerius
902 2325 1091 2414 Asiaticus)
1120 2334 1275 2413 repertus
1296 2333 1348 2391 est
1363 2325 1454 2413 apud
1474 2326 1573 2391 Baias

336 2430 526 2520 vinclisque
547 2429 663 2496 inditis
685 2431 719 2495 in
736 2429 851 2495 urbem
878 2437 1007 2518 raptus.
1032 2469 1075 2478 —
1111 2427 1160 2508 13,
1180 2454 1233 2497 ar.
1256 2430 1436 2520 (Loquitur
1450 2431 1574 2518 Agrip·

339 2539 430 2627 pina)
459 2563 476 2601 ι(
495 2537 654 2603 Baiarum
674 2560 811 2604 suarum
841 2538 990 2626 piscinas
1005 2536 1191 2603 extollebat
1206 2538 1384 2625 (Domitia)
1398 2561 1474 2603 cum
1490 2537 1575 2602 meis

338 2645 489 2712 consiliis
517 2645 695 2732 adoptio..
718 2652 751 2709 et
775 2652 885 2711 cetera
918 2645 1101 2733 apiscendo
1122 2644 1261 2732 imperio
1295 2651 1576 2733 praepararentur

340 2753 503 2842 (Neroni).
527 2780 541 2810 n
555 2791 599 2801 -
636 2754 684 2830 rt,
716 2755 748 2829 ri.
770 2753 1045 2840 Quinquatruum
1065 2752 1169 2817 festos
1189 2750 1261 2817 dies
1285 2752 1373 2841 apud
1395 2752 1493 2817 Baias
1513 2751 1576 2816 ire-

339 2860 525 2950 quentabat
545 2859 673 2947 (Nero).
693 2859 777 2925 Illuc
797 2869 938 2926 matrem
963 2859 1095 2926 elicit...
1124 2858 1214 2924 Satis
1237 2859 1391 2925 constitit
1405 2859 1575 2925 exstitisse

340 2968 547 3058 proditorem
579 2975 614 3032 et
639 2967 864 3056 Agrippinam
889 2967 1015 3033 auditis
1045 2966 1190 3042 insidiis,
1225 2990 1268 3032 an
1292 2967 1442 3044 crederet
1462 2965 1575 3031 ambi-

340 3097 454 3163 guam,
469 3073 657 3161 gestamine
673 3074 775 3140 sellae
792 3073 910 3139 Baias⁵
922 3083 1176 3162 pervectam-
1195 3073 1244 3154 ι5,
1264 3073 1316 3137 52.
1341 3073 1574 3140 Coniuratis...

341 3183 503 3274 placitum
535 3189 702 3248 maturare
736 3183 872 3248 caedem
905 3182 1077 3271 (Neronis)
1111 3183 1201 3272 apud
1225 3183 1323 3247 Baias
1345 3181 1480 3247 invilla
1504 3180 1575 3268 (C)

343 3289 520 3356 Pisonis..

302 3395 502 3463 lrnlarlvs
516 3395 675 3462 LACVS.
697 3435 740 3445 —
768 3399 817 3479 rt,
840 3399 902 3474 ά...
927 3396 1063 3463 Baulos.
1092 3397 1129 3462 ld
1148 3396 1249 3463 villae
1264 3420 1387 3463 nomen
1407 3404 1470 3478 est,
1491 3419 1578 3485 quae

345 3503 617 3594 promunturium
650 3502 819 3568 Misenum
858 3505 946 3569 inter
971 3512 1004 3569 et
1031 3505 1195 3570 Baianum
1221 3504 1331 3570 lacum
1364 3506 1452 3570 flexo
1494 3504 1576 3567 inari

346 3609 506 3677 adluitur.

306 3717 472 3784 BaLBlt
504 3755 549 3768 -
575 3741 626 3799 rr,
655 3721 706 3796 24.
724 3719 905 3808 (Loquitur
933 3719 1096 3785 Claudius
1123 3721 1259 3808 Caesar)
1289 3751 1304 3780 a
1320 3720 1410 3786 Num
1431 3722 1580 3808 paenitet

348 3825 470 3891 Balbos
490 3849 532 3890 ex
548 3825 754 3913 Hispania...
773 3826 946 3914 (Romam)
963 3827 1160 3893 transivisse
1173 3830 1189 3893 'l
1204 3851 1221 3890 n

307 3935 362 3999 'C.
386 3932 649 4013 BALBILLVS,
667 3957 700 4000 v.
719 3932 773 3998 Τ1.
802 3932 1068 3999 BALBlLLl'S.

338 4258 345 4292 Ι
363 4257 461 4320 tulga
480 4257 592 4307 Betaeii.

338 4338 349 4374 ¹
364 4337 390 4389 Μ
405 4355 411 4388 :
427 4337 602 4387 deteriorum.

337 4416 349 4451 ³
364 4417 389 4471 Ι
402 4433 408 4466 :
423 4418 565 4468 belluim.

339 4498 349 4532 ⁴
363 4496 409 4549 Ιε
426 4499 537 4548 beticae.

336 4578 404 4630 ⁸2:
421 4580 525 4629 baulos.
536 4580 609 4630 Corr.
627 4582 800 4631 Puteolanus.
818 4600 831 4629 ι
850 4584 932 4631 Antio
951 4584 1101 4647 Agrippina
1119 4585 1266 4633 Liburnica
1284 4588 1362 4633 vecta
1378 4585 1476 4633 Baulos
1493 4586 1583 4644 reni13

311 4658 345 4707 ibi
359 4675 373 4708 a
385 4660 492 4709 Nerone
508 4662 534 4709 in
552 4662 630 4711 litore
648 4663 730 4711 obvio
752 4667 866 4726 excepta
877 4665 904 4711 in
922 4679 982 4712 eam
1004 4665 1096 4714 villam
1111 4667 1193 4714 ducta
1210 4668 1261 4714 cst.
1278 4666 1400 4727 Cumque
1420 4666 1482 4714 inde
1506 4665 1583 4713 Baias

311 4744 353 4788 aut
376 4744 449 4790 terra
470 4746 518 4790 aut
543 4744 607 4792 inari
630 4745 778 4807 profecturi
801 4748 900 4803 essent,
923 4746 1073 4808 Agrippina
1098 4747 1203 4794 insidiis
1221 4748 1289 4795 torte
1313 4747 1412 4794 auditis
1435 4746 1501 4794 sella
1524 4745 1584 4794 vehi

311 4820 409 4869 maluit.
422 4822 544 4871 Tandem
556 4823 654 4873 Baulos
669 4839 819 4876 reversura.
837 4824 1032 4875 blandimentis
1047 4827 1130 4876 victa.
1145 4842 1241 4876 navem
1258 4827 1380 4877 fallacem
1395 4827 1554 4877 conscendit
1572 4844 1584 4871 ι

311 4900 459 4963 (Picum).

340 4971 482 5024 ‘Cornelii
501 4973 587 5024 Balbi.
