3709 6234
286 811 336 866 ΜΗ
816 817 1027 869 lllll'l'ANNtCVS

326 978 406 1022 num
422 955 697 1046 tribunorumque
710 967 834 1023 sertem
851 958 1033 1023 Britannici
1054 959 1310 1039 miserabuntur,
1334 960 1453 1026 remoti
1475 962 1561 1026 lictis

326 1064 476 1131 causis...
500 1063 598 1129 ttbrii
618 1066 703 1130 iutcr
722 1088 757 1130 se
771 1065 858 1130 Nera
882 1066 1110 1131 llritarmieum
1127 1068 1274 1140 nomine,
1293 1067 1346 1133 illc
1374 1068 1559 1133 Domitium

326 1171 526 1238 salutavere.
561 1210 601 1221 -
639 1197 688 1244 ιη,
724 1172 777 1239 65.
806 1173 1013 1262 (Narcissus)
1038 1175 1244 1263 prompsisse
1273 1174 1360 1240 iuter
1387 1175 1561 1264 proximos

327 1279 495 1345 lercbatur
511 1290 637 1346 certam
658 1281 719 1344 sibi
736 1281 931 1369 perniciem,
949 1305 1008 1346 seu
1029 1283 1245 1348 Britannicus
1269 1305 1380 1347 rerum
1396 1301 1455 1347 scu
1472 1283 1560 1348 Nero

327 1396 519 1475 poteretur;
555 1411 672 1453 verum
698 1389 742 1453 ita
774 1388 815 1453 de
852 1412 887 1453 se
920 1391 1078 1455 meritum
1095 1389 1285 1466 Caesarem,
1304 1398 1339 1455 ul
1358 1391 1464 1456 vitam
1486 1391 1561 1456 usui

326 1496 398 1561 eius
413 1496 633 1583 impenderet.
652 1496 852 1562 Convictam
873 1496 1090 1563 Messalinam
1106 1497 1286 1570 etSilium;
1309 1495 1418 1585 {pares
1438 1499 1559 1563 iterum

326 1604 507 1668 accusandi
538 1627 658 1668 causas
673 1605 774 1695 esset,
793 1606 818 1668 si
849 1599 937 1668 Nera
954 1606 1179 1693 imperitaret:
1200 1605 1408 1671 ‘llritannico
1424 1628 1560 1671 succes·

327 1713 425 1799 sorel*
446 1711 575 1777 nullum
607 1714 747 1800 principi
774 1713 972 1778 meritum...
994 1712 1083 1778 llacc
1099 1721 1200 1801 atque
1217 1712 1295 1777 talia
1313 1713 1474 1778 dictitans
1492 1737 1559 1778 aar

327 1818 425 1906 pleeti
446 1820 687 1892 llritarmicum,
716 1820 816 1884 rabur
849 1821 970 1885 aetatis
1001 1843 1102 1908 quam
1137 1821 1557 1908 maturrimumprecari...

323 1965 367 1979 -
388 1951 436 2004 ια,
459 1929 513 1994 tiu.
531 1928 731 2016 Agrippina.
760 1927 849 1993 velut
884 1928 1000 1992 (latiare
1025 1929 1131 1992 ericta
1149 1937 1182 1994 et
1201 1928 1326 1993 salacia
1341 1930 1556 2017 conquirens,

327 2045 438 2100 tenere
459 2035 616 2123 arnplexu
638 2036 881 2114 Britannicum,
907 2059 1019 2101 reram
1040 2037 1259 2123 patentioris
1281 2035 1426 2123 elligiem
1443 2036 1558 2124 appel-

327 2144 394 2207 lare
425 2166 462 2207 ae
496 2144 597 2208 variis
630 2143 760 2209 artibus
794 2143 974 2219 demorari,
1004 2167 1044 2207 ne
1075 2143 1231 2208 cubiculo
1258 2143 1486 2229 egrederetur.
1515 2183 1558 2193 -

330 2276 379 2323 ra..
396 2250 448 2317 69.
478 2250 619 2316 Furibus
644 2252 763 2316 Palatii
792 2259 928 2339 repente
952 2250 1112 2331 diductis,
1136 2251 1318 2316 eomitante
1339 2251 1445 2315 llurro
1471 2251 1558 2316 Nero

323 2359 534 2446 egreditur...
556 2358 770 2423 ltubitavisse
799 2358 965 2446 quosdam
994 2358 1117 2429 lerunt.
1152 2365 1382 2446 respectantes
1409 2358 1558 2444 rogitan-

324 2475 453 2555 tesque,
478 2466 534 2531 ubi
566 2466 780 2530 llritanuicus
809 2475 940 2533 essct...
973 2505 1016 2516 -
1049 2466 1096 2547 13,
1131 2490 1181 2530 ιο.
1201 2465 1316 2554 Neque
1340 2466 1464 2554 recepti
1479 2475 1558 2530 sunt

324 2577 410 2639 inter
431 2599 545 2639 reas...
577 2571 684 2638 lulius
716 2575 849 2638 ltcusus
868 2582 1035 2662 equester,
1067 2573 1120 2638 cui
1154 2572 1248 2637 lavor
1275 2574 1309 2637 in
1326 2573 1557 2637 Britannicum

323 2682 454 2746 crimini
484 2681 638 2748 (labatur.
671 2720 709 2729 -
735 2682 783 2750 13.
816 2684 864 2758 ¹l·
888 2681 1004 2770 Neque
1032 2680 1195 2769 principis
1225 2679 1361 2745 auribus
1389 2680 1558 2745 abstinere

324 2790 554 2878 (Agrippina).
576 2813 642 2877 qua
659 2791 770 2854 minus
781 2789 1127 2855 testareturadultum
1143 2789 1208 2851 iam
1225 2810 1299 2852 esse
1312 2787 1555 2854 Britannicum.

324 2921 435 2961 reram
453 2897 657 2985 dignamque
677 2898 815 2986 stirpem
832 2896 1047 2984 suscipiendo
1060 2895 1164 2984 patris
1176 2895 1356 2983 imperio...
1371 2934 1412 2944 —
1433 2894 1483 2962 13.
1506 2897 1555 2959 ιδ.

323 3006 490 3070 't'urbatus
512 3005 562 3068 his
589 3004 676 3070 Nera
710 3013 743 3070 et
767 3005 956 3092 propinquo
993 3004 1058 3072 (lie.
1097 3026 1164 3092 quo
1192 3009 1349 3090 quartum
1376 3001 1556 3066 decumum

323 3113 442 3177 aetatis
465 3136 589 3177 annum
615 3112 826 3177 britannicus
850 3111 1019 3199 explebat,
1057 3110 1210 3175 volutare
1248 3132 1420 3180 seeum...
1456 3109 1556 3173 nanda

323 3221 428 3308 ipsius
444 3220 603 3289 indolem.
622 3220 686 3284 leri
698 3219 833 3307 quidem
849 3220 1082 3306 experimento
1098 3240 1204 3306 nuper
1215 3218 1428 3302 cognitam...
1447 3216 1472 3280 F
1475 3218 1557 3282 estis

321 3329 467 3394 Saturne
487 3327 605 3392 <liebus
680 3326 736 3417 ubi
758 3327 876 3414 (Nera)
898 3326 1091 3390 Britannico
1130 3325 1239 3404 iussit,
1260 3333 1456 3410 exsurgeret
1478 3347 1555 3411 pre-

321 3460 524 3524 gressusque
544 3436 576 3499 iu
605 3434 751 3498 medium
774 3442 910 3498 cantum
938 3433 1084 3520 aliquem
1101 3434 1275 3521 inciperet,
1297 3432 1438 3497 inrisum
1454 3457 1496 3497 ex
1516 3455 1555 3494 ea

320 3568 459 3632 sperans
478 3543 569 3631 pueri
586 3541 716 3606 sobrius
731 3564 864 3630 quoque
878 3541 1065 3614 convietus,
1083 3540 1208 3605 nedum
1226 3539 1442 3622 temulentas,
1459 3540 1556 3626 igno-

322 3651 439 3727 rantis,
463 3650 518 3713 ille
541 3657 736 3714 constanter
759 3672 900 3713 exorsus
929 3656 980 3713 est
1009 3671 1156 3717 carmen.
1189 3670 1255 3735 qua
1279 3646 1452 3711 evolutum
1479 3670 1554 3711 cum

323 3759 400 3822 sede
416 3759 522 3844 patria
540 3757 705 3844 rebusque
720 3758 862 3821 summis
888 3755 1183 3842 significabatur...
1215 3754 1258 3819 t't
1273 3754 1448 3842 proximus
1464 3754 1556 3842 quis-

323 3889 387 3953 que
403 3865 595 3929 llritarmica
611 3887 717 3951 neque
740 3865 788 3927 las
809 3887 917 3952 neque
939 3863 1037 3928 tidem
1059 3864 1155 3951 pensi
1177 3862 1325 3942 baberet,
1345 3861 1425 3926 elim
1441 3863 1555 3949 prori-

323 3996 396 4037 sum
413 3980 495 4037 erat.
521 3972 669 4035 l'rimum
693 3994 857 4035 venenum
889 3971 930 4034 ab
961 3971 1042 4058 ipsis
1069 3970 1307 4035 educatoribus
1321 3971 1491 4058 accepit...
1513 4007 1556 4020 -

329 4081 377 4146 13.
403 4079 449 4145 ι6,
476 4078 546 4142 lllic
560 4077 717 4165 epulante
736 4079 940 4147 llritarmiee.
967 4079 1044 4168 quia
1065 4077 1159 4143 cibas
1174 4086 1341 4166 potusque
1354 4077 1425 4142 eius
1445 4077 1555 4142 delec-

325 4198 377 4253 tus
408 4211 450 4251 ex
486 4187 648 4250 ministris
681 4193 782 4270 gustu
807 4186 1060 4274 espler·abat‚...
1079 4185 1155 4251 talis
1183 4186 1281 4251 dolus
1311 4193 1462 4273 repertus
1491 4194 1553 4252 est.

324 4296 462 4360 lnmrxia
484 4294 591 4358 arllruc
626 4318 663 4357 ac
683 4291 914 4381 praecalida...
935 4295 1025 4381 potio
1049 4293 1191 4359 traditur
1217 4292 1432 4372 llritannic03
1463 4293 1552 4364 dein.

322 4413 499 4492 postquam
520 4402 648 4465 serrare
666 4400 918 4488 aspernabatur.
943 4401 1061 4489 frigida
1079 4403 1111 4465 in
1128 4424 1213 4489 aqua
1238 4400 1435 4465 adfunditur
1456 4423 1555 4465 rene-

323 4534 445 4576 num...
466 4509 581 4588 Nera)
593 4509 728 4573 solitum
748 4510 792 4573 ita
815 4510 860 4573 ait
878 4533 936 4596 per
951 4508 1155 4573 comitialem
1178 4508 1345 4574 morbum.
1368 4531 1435 4596 quo
1450 4509 1555 4598 prima

321 4618 362 4680 ab
384 4617 521 4680 infantia
547 4618 775 4681 adllietaretur
800 4617 1052 4683 britannicus„
1073 4617 1117 4680 ,tt
1141 4616 1347 4704 Agrippinae
1365 4616 1392 4678 is
1407 4639 1552 4708 parur...

312 4941 319 4976 t
342 4938 427 4989 l'rrba
447 4939 512 4988 baec
527 4939 601 4990 turci.-
613 4939 676 4988 luel.
691 4938 1011 5003 thpaatep-.tinb-een,
