3709 6234
304 877 353 935 ltu
803 881 939 935 caecina
962 881 1099 935 attexas

347 1024 390 1092 ll.
415 1029 465 1090 18.
486 1025 625 1088 Certum
654 1030 725 1088 erat
753 1023 948 1111 (Vestricio)
966 1024 1169 1113 Spurinnae.
1192 1023 1221 1087 is
1252 1021 1340 1086 enim
1376 1021 1583 1086 Placentiam

343 1128 530 1210 obtinebat,
572 1129 716 1194 necdum
743 1128 878 1195 venisse
916 1130 1140 1198 Caecinam...
1170 1128 1347 1217 (Seditiosi
1394 1128 1584 1215 Spurinnae

343 1237 481 1324 milites)
517 1236 613 1325 prodi
634 1237 803 1302 t'ltlionem
838 1246 871 1303 et
899 1238 1045 1302 accitum
1076 1235 1255 1302 Caecinam
1280 1233 1513 1301 clamitabant.
1540 1274 1582 1283 —

344 1344 385 1417 ΙΙ,
408 1368 458 1435 ¹9·
476 1344 561 1409 'lura
581 1345 837 1410 vetustissimus
858 1345 1002 1433 quisque
1013 1344 1180 1432 castigare
1214 1343 1450 1409 credulitatem
1471 1366 1580 1422 suam,

344 1458 471 1517 metum
500 1476 538 1515 ac
552 1452 734 1517 discrimen
751 1451 942 1530 ostendere,
961 1453 988 1516 si
1005 1475 1080 1518 cum
1097 1452 1247 1517 exercitu
1265 1451 1409 1516 Caecina
1430 1451 1584 1538 patenti-

345 1559 408 1624 bus
428 1559 556 1647 campis
572 1567 640 1624 tarn
658 1583 782 1648 paucas
802 1560 958 1625 cohortes
987 1558 1298 1624 circumfudisset...
1322 1597 1364 1609 -
1390 1556 1433 1636 ll,
1453 1581 1507 1623 no.
1537 1558 1583 1623 Aa

346 1667 504 1747 Caecina,
523 1666 617 1732 velut
632 1666 748 1732 relicta
763 1676 840 1754 post
874 1666 982 1754 Alpes
1014 1667 1154 1732 saevitia
1185 1690 1222 1731 ac
1246 1666 1393 1746 licentia,
1428 1664 1583 1730 modesto

347 1775 481 1862 agmine
508 1797 567 1861 per
602 1774 733 1839 ltaliam
778 1774 960 1840 incessit...
1000 1774 1144 1839 Caecina
1174 1773 1303 1838 Padum
1334 1781 1580 1860 transgressus,

345 1889 510 1969 temptata
530 1881 801 1947 Othonianorum
820 1882 884 1946 lide
917 1905 978 1968 per
997 1881 1215 1969 conloquium
1229 1890 1263 1947 et
1275 1881 1454 1969 promissa,
1473 1880 1580 1946 isdem

346 1990 531 2077 petitus...
550 1989 691 2055 consilia
705 2012 871 2077 curasque
889 1989 923 2053 in
940 1989 1229 2077 oppugnationem
1250 1986 1485 2057 Placentiae...
1508 2010 1582 2053 ver-

345 2097 397 2163 tit.
416 2135 458 2144 —
477 2095 518 2176 ll,
539 2120 593 2161 nr.
611 2096 722 2162 Multo
738 2120 876 2161 suorum
893 2119 1011 2161 cruore
1026 2094 1147 2184 pulsus
1161 2094 1306 2161 Caecina
1321 2104 1354 2160 et
1374 2119 1442 2160 nox
1464 2118 1583 2183 paran-

345 2203 397 2268 dis
416 2202 574 2291 0peribus
591 2203 782 2291 absumpta.
800 2242 840 2251 —
864 2202 906 2280 ll,
924 2228 978 2268 αα.
996 2203 1143 2267 Caecina
1158 2202 1286 2290 pudore
1301 2211 1440 2291 coeptae
1456 2211 1581 2268 temere

343 2311 608 2399 oppugnationis
687 2312 828 2376 traiecto
850 2334 968 2375 rursus
985 2309 1078 2375 Pado
1096 2309 1298 2376 Cremonam
1332 2320 1446 2399 petere
1472 2311 1581 2377 inten-

345 2419 436 2484 dit...
455 2417 628 2483 Turullius
653 2418 835 2483 Ceriulis...
853 2417 1073 2506 primipilaris
1090 2424 1124 2482 ct
1139 2418 1304 2483 Caecinae
1321 2418 1411 2483 haud
1437 2416 1580 2487 alienus.

344 2526 434 2613 quod
451 2524 587 2590 ordines
610 2525 642 2588 in
664 2526 846 2589 Germania
862 2524 1016 2591 duxerat.
1039 2525 1142 2603 -ll,
1163 2524 1215 2589 23.
1234 2525 1446 2612 Spurinna...
1469 2525 1583 2591 delen-

263 2673 270 2687 ·
345 2657 417 2696 sam
433 2633 653 2706 Placentiam,
671 2655 824 2720 quaeque
840 2638 913 2697 acta
934 2631 1068 2720 etquid
1089 2632 1234 2697 Caecina
1255 2641 1401 2720 pararet,
1431 2634 1581 2698 Annium

348 2740 485 2804 Gallum
501 2763 560 2828 per
574 2738 706 2805 litteras
719 2739 857 2805 docet...
877 2738 942 2803 Vbi
958 2738 1094 2827 pulsum
1120 2738 1301 2805 Caecinam
1335 2763 1475 2827 pergere
1502 2739 1583 2804 Cre-

348 2872 483 2912 monam
499 2848 628 2936 accepit
654 2848 829 2935 (Callus)..
854 2900 860 2915 .
883 2847 1095 2933 legionem...
1116 2847 1267 2913 Bedriaci
1283 2847 1384 2913 sistit.
1407 2890 1438 2900 —
1464 2847 1506 2923 ll,
1525 2850 1577 2924 ad.

350 2955 531 3042 lugebant
552 2954 732 3019 Caecinam
755 2955 958 3043 nequiquam
975 2955 1089 3019 omnia
1103 2963 1221 3042 coepta
1237 2961 1271 3019 ct
1292 2977 1472 3019 senescens
1488 2977 1583 3019 exer·

343 3063 497 3127 citussui
516 3062 614 3127 lama.
641 3061 736 3134 -ll‚
756 3061 809 3126 26.
827 3061 971 3126 Caecina
996 3085 1063 3126 non
1089 3061 1192 3126 simul
1223 3063 1390 3140 cohorteS,
1422 3060 1483 3127 sed
1515 3062 1583 3126 siu-

342 3170 441 3257 gulas
461 3169 641 3246 acciverat,
660 3193 746 3257 (quac
762 3171 863 3234 resin
880 3169 1008 3256 proelio
1027 3169 1289 3256 trepidationem
1309 3169 1445 3235 auxit...
1469 3168 1581 3234 Deleri

342 3300 417 3341 cum
430 3276 587 3341 universo
599 3277 747 3341 exercitu
759 3276 939 3341 Caecinam
948 3277 1112 3364 potuisse.
1125 3278 1158 3341 ni
1167 3276 1350 3342 Suetonius
1359 3275 1523 3341 Paulinus
1532 3301 1582 3341 re·

343 3385 454 3472 ceptui
464 3385 809 3472 cecinisset,utrisque
822 3386 853 3449 in
867 3383 1434 3473 partibus(percrebruit).-ll,27.
1445 3383 1584 3448 lddam-

343 3516 422 3557 num
451 3491 692 3556 Vitellianos...
721 3491 762 3554 ad
796 3491 995 3557 modestiam
1020 3493 1223 3580 composuit,
1260 3515 1320 3556 nec
1353 3491 1465 3556 solum
1493 3491 1580 3579 apud

343 3600 535 3672 Caecinam,
563 3599 620 3687 qui
655 3598 790 3687 culpam
824 3599 856 3662 in
883 3599 1025 3664 militem
1055 3599 1265 3677 conserebat,
1294 3599 1453 3664 seditioni
1474 3599 1584 3686 magis

343 3731 443 3794 cluam
475 3707 602 3794 proelio
636 3714 832 3793 paralum..
869 3707 999 3771 Seditio
1028 3716 1200 3772 exarserat
1229 3706 1277 3790 (in
1306 3706 1454 3772 exercitu
1489 3705 1583 3770 Fabii

343 3811 524 3900 l'alcntis).
548 3838 648 3900 quam
670 3813 787 3878 altiore
804 3813 913 3888 initio,
932 3838 1040 3902 neque
1060 3816 1149 3878 euim
1170 3837 1281 3878 rerum
1302 3813 1482 3878 aCaecina
1505 3836 1582 3899 ges-

344 3928 452 3984 tarum
469 3920 621 3984 ordinem
639 3921 838 4007 interrumpi
850 3927 1058 4007 oportuerat.
1078 3929 1269 4009 repetam...
1284 3957 1326 3971 -
1343 3919 1384 3994 ll,
1404 3920 1457 3990 30.
1469 3920 1581 3985 Muni-

343 4027 479 4091 entibus
495 4037 603 4092 castra
622 4028 710 4115 apud
726 4028 879 4092 'licinum
897 4028 939 4093 dc
956 4027 1095 4092 adt-'ersa
1112 4028 1276 4094 Caecinae
1296 4051 1409 4116 pugna
1432 4027 1581 4093 adlatum

344 4141 376 4198 et
391 4158 494 4222 pope
511 4142 669 4198 reumata
698 4135 857 4199 seditio...
883 4134 1013 4223 ltapido
1038 4137 1173 4222 agmine
1194 4135 1358 4200 Caecinae
1384 4134 1583 4221 iunguntur.

344 4239 554 4328 lrnprospera
573 4240 723 4306 l'alentis
757 4243 841 4305 latria
863 4242 953 4329 apud
967 4244 1152 4308 exercitum
1174 4242 1339 4308 Caecinae
1363 4249 1463 4306 erat.
1499 4242 1582 4308 Stu-

339 4348 436 4413 dia...
482 4348 629 4413 militum
663 4349 695 4412 in
730 4350 909 4413 Caecinam
949 4348 1169 4423 inclinabant,
1210 4373 1312 4438 super
1338 4348 1582 4434 benignitatem

338 4456 495 4523 animi....
524 4457 626 4520 ctiam
655 4457 770 4543 rigore
800 4456 931 4534 aetatis,
965 4459 1167 4545 proceritate
1200 4456 1351 4544 corporis
1375 4465 1409 4522 ct
1435 4455 1583 4544 quodam

339 4564 430 4627 inani
454 4562 580 4630 lavore.
617 4562 703 4627 llinc
729 4563 912 4630 amnulatio
948 4563 1091 4629 ducibus
1114 4584 1121 4629 1
1145 4564 1288 4629 Caecina
1310 4570 1349 4628 ut
1377 4562 1517 4628 foedum
1545 4586 1583 4628 ac

345 4669 557 4734 nurculosum
573 4670 862 4757 (l·'alentern).ille
878 4681 915 4735 ut
930 4671 1097 4736 tumidum
1120 4696 1157 4737 ae
1174 4694 1297 4737 vanum
1315 4669 1519 4737 inridebant.
1541 4709 1585 4721 -

342 4775 383 4844 ll.
402 4778 455 4842 31.
475 4777 672 4842 Coniunctis
689 4778 852 4843 Caecinae
876 4802 912 4842 ac
943 4779 1096 4844 Valentis
1125 4780 1232 4867 copiis
1264 4777 1358 4842 nulla
1374 4777 1463 4843 ultra
1480 4802 1585 4866 poenes

341 4883 539 4949 l'itcllianos¹
569 4908 672 4961 mora,
710 4886 792 4972 quin
825 4886 905 4950 totis
936 4886 1065 4950 viribus
1093 4894 1274 4951 certarent.
1299 4924 1339 4936 -
1372 4884 1416 4965 ll,
1449 4889 1500 4962 tr.
1528 4886 1583 4951 Ad

344 4993 522 5055 Caecinam
549 4993 640 5077 operi
681 4993 792 5077 pomis
820 4993 990 5058 intentum
1020 4993 1085 5058 duo
1117 4993 1360 5081 praetoriarum
1391 4992 1583 5059 cohortium
