3709 6234
879 886 1001 936 CAESAR
1522 879 1571 934 155

338 1025 421 1093 ita...
437 1026 533 1089 Diem
550 1023 647 1089 illum
658 1023 753 1089 crudi
769 1023 878 1090 adbuc
890 1026 1018 1091 servitii
1034 1025 1244 1091 etlibertatis
1255 1026 1462 1113 improspere
1476 1047 1572 1112 repe-

338 1134 427 1208 titae,
445 1153 523 1197 cum
544 1131 677 1196 occisus
696 1131 842 1200 dictator
853 1133 1020 1198 Caesar...
1039 1173 1081 1182 —
1103 1158 1130 1205 ι,
1147 1136 1202 1211 da.
1220 1157 1236 1196 o
1262 1133 1368 1198 llivus
1394 1131 1499 1196 lulius
1520 1155 1573 1196 se·

336 1240 495 1306 ditionem
511 1241 681 1305 exercitus
704 1238 808 1304 verbo
826 1262 891 1304 uno
908 1241 1130 1329 compescuit,
1154 1240 1303 1318 Quirites
1327 1240 1491 1319 vocando,
1514 1249 1572 1328 qui

336 1356 585 1414 sacramentum
602 1348 674 1412 eius
689 1347 936 1413 detrectabant.
950 1373 965 1410 u
979 1387 1023 1399 -
1039 1373 1069 1426 2,
1079 1351 1097 1425 l
1107 1373 1115 1411 ι
1127 1399 1134 1413 .
1147 1347 1260 1413 Aedes
1276 1347 1386 1412 Fortis
1405 1347 1572 1414 Fortunae

340 1455 484 1521 Tiberim
504 1456 598 1520 iuxta
627 1455 661 1519 in
691 1453 811 1531 hortis,
833 1479 919 1543 quos
945 1456 1070 1522 Caesar
1099 1456 1245 1521 dictator
1269 1455 1394 1544 populo
1419 1456 1572 1520 Romano

338 1561 566 1650 legaverat...
587 1561 757 1627 dicantur.
779 1601 822 1610 —
844 1587 874 1643 2,
897 1562 953 1640 43.
976 1562 1083 1651 (Piso,
1106 1564 1168 1628 Cn.
1190 1562 1325 1627 Pisonis
1341 1563 1462 1651 pater),
1480 1562 1572 1627 civili

339 1667 423 1735 bello
439 1678 657 1758 resurgentes
682 1671 716 1733 in
732 1669 848 1734 Alrica
875 1679 988 1758 partes
1005 1672 1167 1735 acerrimo
1197 1670 1384 1735 ministerio
1410 1669 1573 1734 adversus

338 1776 515 1842 Caesarem
531 1777 678 1842 iuvit-
694 1775 767 1853 3,5.
785 1776 956 1865 (liberius
973 1778 1151 1865 populum)
1168 1778 1300 1842 monuit
1320 1777 1429 1842 edicto
1449 1829 1472 1845 ..
1489 1778 1572 1843 rele-

338 1885 477 1950 rendum
503 1884 569 1949 iam
586 1885 737 1949 animum
757 1885 799 1949 ad
821 1884 1077 1966 firmitudinem,
1099 1894 1136 1950 ut
1151 1885 1323 1973 quondam
1346 1885 1451 1949 llivus
1469 1884 1574 1951 lulius

338 1993 458 2057 amissa
472 1992 572 2056 unica
593 1991 703 2057 lilia...
736 1990 964 2078 (abstruserit)
989 1992 1175 2057 tristitiam.
1194 2030 1236 2039 -
1265 1990 1295 2066 3,
1312 1993 1365 2058 62.
1397 1994 1571 2081 Aphrodi-

337 2100 504 2166 sienses..
522 2107 555 2165 et
575 2101 848 2166 Stratonicenses
864 2099 1041 2164 dictatoris
1057 2098 1214 2164 Caesaris
1230 2098 1273 2162 ob
1290 2108 1424 2165 vetusta
1445 2101 1478 2165 in
1500 2124 1574 2188 par·

338 2207 513 2271 tesmerita
524 2214 557 2272 et
569 2207 926 2294 recensDiviAugusti
938 2206 1112 2271 decretum
1123 2206 1287 2285 adtulere,
1303 2206 1541 2295 laudatiquod.
1550 2259 1570 2274 ..

337 2353 377 2363 —
411 2317 445 2391 ά,
469 2314 524 2391 34.
556 2314 737 2402 (Loquitur
768 2314 963 2380 Cremutius
988 2314 1134 2400 Cordus)
1167 2339 1241 2379 a...
1265 2314 1371 2379 blanci
1399 2316 1573 2378 Ciceronis

336 2421 433 2499 libro,
450 2445 517 2510 quo
535 2423 698 2486 Catonem
724 2421 817 2486 carelo
837 2422 1008 2509 aequavit.
1039 2421 1121 2509 quid
1137 2422 1228 2485 aliud
1262 2421 1407 2487 dictator
1436 2422 1571 2494 Caesar,

336 2551 437 2616 quam
454 2528 617 2616 rescripta
632 2528 797 2604 oratione,
828 2532 920 2595 uelut
943 2528 1032 2616 apud
1053 2529 1192 2604 iudices,
1212 2528 1412 2615 respondit?
1485 2528 1569 2593 Car-

338 2636 426 2700 mina
444 2635 598 2700 Bibaculi
617 2643 652 2701 et
666 2635 793 2701 Catulli
813 2636 935 2700 relerta
959 2634 1175 2700 contumeliis
1196 2637 1379 2700 Caesarum
1396 2637 1572 2722 leguntur;

337 2742 394 2807 sed
414 2744 486 2831 ipse
504 2743 612 2807 Divus
633 2742 749 2820 lulius,
767 2743 839 2831 ipsc
856 2743 964 2807 Divus
979 2744 1159 2828 Augustus
1183 2750 1218 2808 et
1238 2744 1344 2808 tulere
1359 2744 1423 2808 ista
1441 2752 1474 2808 ct
1489 2744 1573 2809 reli-

337 2873 449 2938 quere.
469 2874 545 2914 n-
562 2852 595 2929 ά,
618 2848 671 2927 43.
700 2849 911 2938 (Templum)
929 2850 1056 2914 I)ianae
1074 2849 1275 2915 Limnatidis
1296 2903 1317 2916 ..
1342 2851 1573 2916 Lacedaemo-

338 2958 382 3021 nii
397 2956 622 3024 firmabant...
641 2958 679 3022 C.
697 2956 853 3021 Caesaris
869 2964 904 3022 et
918 2954 965 3020 M.
996 2958 1138 3021 Antonii
1159 2958 1327 3023 sententia
1346 2957 1441 3046 (sibi)
1465 2959 1574 3023 reddi·

338 3072 419 3130 tum.
437 3101 479 3113 -
500 3062 534 3141 6,
555 3063 604 3130 16.
627 3064 750 3151 Legem
774 3063 950 3129 dictatoris
967 3065 1135 3138 Caesaris
1153 3087 1221 3151 qua
1243 3065 1283 3129 de
1300 3065 1402 3130 modo
1418 3066 1574 3131 credendi

338 3169 598 3258 possidendique
631 3170 718 3235 intra
753 3170 884 3234 ltaliam
915 3178 1065 3236 cavetur.
1097 3209 1136 3218 —
1162 3194 1211 3247 ιι,
1248 3171 1301 3237 23.
1326 3197 1341 3235 a
1370 3171 1575 3259 Oppleturos

337 3277 448 3342 omnia
468 3276 592 3341 divites
612 3275 701 3352 illos,
726 3300 869 3364 quorum
890 3278 945 3341 avi
973 3278 1158 3365 proavique
1189 3278 1363 3343 hostilium
1396 3281 1572 3344 nationum

337 3383 438 3448 duces
453 3384 621 3449 exercitus
635 3390 771 3449 nostros
785 3384 873 3449 ferro
887 3385 987 3472 vique
1003 3384 1196 3462 ceciderint,
1212 3385 1337 3451 llivum
1348 3384 1470 3449 lulium
1486 3386 1575 3473 apud

336 3490 487 3555 Alesiam
503 3490 709 3556 obsederint.
731 3515 805 3554 u-
826 3515 877 3572 rr,
905 3491 958 3556 25.
976 3490 1162 3556 Exlraustis
1177 3493 1279 3557 etiarn
1305 3492 1472 3578 (laruiliis)
1489 3517 1574 3580 quas

336 3598 480 3663 dictator
502 3600 626 3664 Caesar
657 3599 731 3685 lege
760 3598 878 3662 Cassia
909 3608 943 3663 et
969 3599 1126 3686 princeps
1152 3602 1330 3686 Augustus
1357 3600 1430 3685 lege
1454 3602 1574 3664 Saenia

336 3705 513 3793 sublegere
532 3707 580 3794 (in
596 3707 816 3794 patriciorum
842 3708 1048 3796 numerum).
1080 3746 1115 3756 -
1142 3732 1190 3786 ια,
1216 3710 1270 3783 dd.
1293 3708 1476 3772 Caratacus
1493 3708 1574 3794 (dux

337 3814 634 3900 Britannorum)...
664 3813 851 3880 vocabat...
896 3816 1033 3879 nomina
1066 3816 1244 3894 maiorum,
1284 3815 1342 3901 qui
1375 3814 1574 3880 dictatorem

337 3921 535 3985 Caesarem¹
552 3920 776 4009 pepulissent.
796 3958 836 3972 -
863 3946 912 4001 aa,
935 3921 988 3987 60.
1008 3922 1046 3988 C.
1062 3921 1192 4009 Oppius
1207 3930 1241 3985 et
1255 3921 1433 3986 Cornelius
1450 3922 1576 3987 llalbus

337 4027 437 4116 primi
461 4027 617 4092 Caesaris
637 4026 760 4116 opibus
779 4036 920 4116 potuere
948 4029 1165 4093 condiciones
1182 4029 1274 4116 pacis
1290 4036 1323 4093 et
1338 4029 1477 4095 arbitria
1494 4029 1576 4094 belli

336 4142 491 4200 tractare.
514 4135 628 4215 -13,
652 4136 683 4200 3.
707 4136 859 4200 Dictator
885 4139 1011 4201 Caesar
1035 4138 1178 4200 summis
1194 4135 1385 4201 oratoribus
1406 4137 1572 4203 aemulus.

334 4279 378 4292 -
399 4244 449 4320 id,
468 4266 501 4331 9.
518 4242 669 4329 (Mortuo
689 4243 826 4308 demum
847 4244 980 4309 Nerone
996 4244 1200 4332 Agrippina)
1216 4243 1479 4309 domesticorum
1495 4267 1574 4308 cura

336 4348 445 4414 levem
461 4348 632 4414 tumulum
657 4331 786 4439 accepit
804 4351 891 4416 viam
906 4351 1029 4415 Miseni
1045 4359 1183 4439 propter
1211 4360 1244 4415 et
1273 4349 1389 4415 villam
1421 4351 1575 4415 Caesaris

334 4455 523 4536 dictatoris,
540 4478 629 4543 quae
644 4456 813 4523 subiectos
829 4459 925 4522 sinus
947 4458 1133 4524 editissima
1157 4465 1362 4546 prospectat.
1379 4497 1419 4508 -
1451 4459 1500 4535 16,
1520 4483 1572 4523 aa.

336 4563 518 4651 (Loquitur
545 4563 768 4631 Cossutianus
785 4566 919 4653 Capito)
938 4595 953 4626 a
974 4566 1019 4631 l't
1039 4565 1209 4653 quondam
1227 4568 1265 4631 C.
1285 4565 1463 4630 Caesarem
1480 4566 1572 4631 etll.

336 4668 516 4748 Catonem,
539 4671 588 4734 ita
609 4693 697 4737 nunc
729 4683 773 4746 te.
792 4675 893 4751 Nero,
923 4683 957 4740 et
981 4674 1163 4739 Thraseam
1199 4671 1298 4737 avida
1327 4671 1573 4737 discordiarum

323 4915 333 4950 ¹
350 4913 539 4974 Peerlknmp:
561 4911 659 4962 Dicam
675 4919 822 4975 (latiarem.
840 4925 890 4971 sea
919 4947 928 4965 ι·
950 4923 1032 4970 llirus
1045 4925 1144 4971 Caesar
1157 4922 1258 4970 konuut
1273 4923 1348 4969 nirbt
1363 4938 1439 4969 ror»
1458 4922 1573 4974 ,blacan

289 4991 339 5054 iv.
357 4991 408 5060 ni

209 5133 228 5172 'l
259 5149 281 5200 ,jz
