3709 6234
863 863 1003 917 GALLtAl'.
1519 862 1572 917 ³05

335 977 572 1044 centurionum
586 978 864 1067 tribunorumque
883 979 918 1043 in
935 977 1046 1043 Gallia
1067 978 1173 1065 geniti
1204 987 1419 1045 reservantur
1446 980 1571 1069 pignus

335 1086 498 1151 societati.
523 1124 564 1135 -
586 1086 644 1166 IV,
662 1085 716 1175 67.
740 1087 953 1173 Resipiscere
968 1085 1132 1174 paulatim
1154 1087 1382 1166 civitates....,
1414 1087 1572 1174 principi·

336 1192 399 1257 bus
414 1194 541 1268 Remis,
568 1195 625 1281 qui
654 1217 712 1281 per
733 1193 862 1258 Gallias
891 1194 1038 1274 edixere,
1063 1202 1101 1258 ut
1129 1194 1242 1258 missis
1270 1194 1392 1281 legatis
1419 1194 1454 1258 in
1473 1217 1571 1259 com-

336 1323 436 1366 mune
451 1301 695 1372 consultarent,
714 1300 851 1366 libertas
866 1324 908 1365 an
941 1326 1006 1389 pax
1032 1301 1191 1388 placeret.
1218 1340 1260 1349 -
1289 1301 1346 1379 lv,
1378 1302 1432 1366 68.
1465 1302 1572 1387 Igitur

334 1407 501 1473 venientis
518 1409 686 1473 exercitus
706 1408 793 1472 lama
809 1416 843 1472 et
857 1416 979 1496 suopte
996 1409 1130 1495 ingenio
1148 1409 1190 1472 ad
1212 1409 1344 1473 mitiora
1370 1408 1572 1475 inclinantes

336 1515 524 1580 Galliarum
539 1517 694 1581 civitates
714 1517 749 1580 in
764 1516 889 1581 llemos
905 1540 1104 1581 convenere.
1125 1555 1170 1568 -
1192 1517 1249 1593 lV,
1263 1517 1317 1605 69,
1341 1517 1484 1582 Constat
1518 1517 1573 1582 ob-

337 1623 463 1688 stitisse
478 1623 632 1688 Trcveris
649 1623 925 1711 Lingonibusque
942 1623 1031 1711 apud
1046 1624 1187 1698 tiallias,
1206 1623 1296 1712 quod
1313 1624 1464 1689 Vindicis
1479 1632 1572 1689 motu

335 1754 410 1795 curn
426 1731 585 1817 Verginio
601 1739 803 1796 steterant...
828 1731 1030 1796 Scribuntur
1054 1732 1096 1796 ad
1121 1732 1284 1797 Treveros
1303 1731 1466 1819 epistulae
1506 1755 1571 1795 no·

337 1838 425 1903 mine
442 1837 641 1912 Galliarnm,
658 1848 694 1904 ut
707 1838 915 1904 abstinerent
931 1840 1075 1904 armis...
1097 1879 1139 1887 —
1154 1839 1211 1916 lt,
1231 1863 1284 1927 7¹·
1305 1839 1445 1905 Petilius
1462 1840 1572 1905 (leria-

334 1945 377 2010 lis
396 1997 417 2013 ..
441 1945 584 2011 dilectus
606 1970 665 2034 per
677 1946 823 2010 Galliam
840 1946 973 2010 habitos
990 1947 1022 2010 in
1033 1947 1188 2011 civitates
1208 1946 1360 2011 remittit.
1380 1986 1416 1995 -
1440 1946 1497 2024 lV,
1515 1946 1569 2036 73.

338 2083 351 2112 e
376 2055 443 2120 Nec
457 2054 532 2118 ideo
557 2055 711 2119 llhenum
729 2054 926 2127 insedimus,
946 2063 984 2119 ut
1004 2053 1133 2118 ltaliam
1157 2061 1338 2136 tueremur,
1361 2053 1421 2118 sed
1441 2056 1572 2142 nequis

334 2160 421 2225 alius
436 2161 629 2226 Ariovistus
645 2185 748 2248 regno
757 2160 944 2226 Galliarum
962 2162 1166 2249 potiretur...
1182 2160 1308 2225 liadem
1329 2184 1573 2249 sempercausa

336 2268 514 2333 Germanis
539 2268 798 2333 transcendendi
815 2270 847 2332 in
865 2268 1006 2338 Gallias.
1037 2268 1141 2333 libido
1162 2276 1263 2356 atque
1279 2269 1419 2334 avaritia
1441 2277 1474 2334 et
1492 2293 1572 2334 mu-

337 2375 456 2441 tandae
472 2375 562 2440 sedis
577 2399 683 2446 amor.
701 2384 777 2441 ut...
798 2376 1074 2440 fecundissimum
1083 2375 1144 2440 boc
1154 2375 1527 2463 solum...possiderent
1542 2407 1570 2443 n.

336 2517 374 2530 -
394 2481 451 2565 IV,
475 2485 528 2571 74.
548 2512 562 2540 ι(
582 2484 698 2570 Regna
711 2483 867 2572 bellaque
884 2507 942 2571 per
958 2483 1087 2548 Gallias
1118 2507 1251 2571 semper
1280 2484 1383 2556 luere,
1412 2484 1517 2548 donec
1537 2485 1571 2548 in

338 2598 490 2655 nostrum
511 2591 564 2655 ius
579 2590 808 2656 concederetis
826 2621 903 2655 »,-
915 2590 972 2666 lv,
992 2591 1043 2675 75.
1062 2591 1180 2655 Civilis
1198 2599 1231 2655 et
1246 2591 1419 2655 Classicus
1451 2591 1571 2656 misero

334 2697 377 2761 ad
405 2697 570 2764 Cerialem
605 2699 808 2786 epistulas...
831 2720 837 2764 :
858 2727 915 2763 e...
948 2698 1141 2764 Sitlerialis
1174 2699 1353 2787 imperium
1385 2699 1572 2764 Galliarum

333 2804 427 2878 velit,
446 2806 538 2894 ipsos
565 2806 688 2870 linibus
713 2806 901 2871 civitatium
932 2828 1068 2871 suarum
1103 2814 1330 2872 contentos».
1359 2844 1404 2857 -
1438 2806 1495 2875 lt'.
1516 2807 1568 2891 7⁴5.

335 2939 350 2976 e
370 2911 468 2990 Quod
484 2913 512 2976 si
529 2914 644 2978 statim
660 2914 936 3000 congrediantur,
955 2913 1066 2978 nullas
1086 2937 1159 2978 esse
1180 2913 1331 3003 (Petilio)
1358 2913 1481 2979 Ceriali
1506 2914 1570 2978 nisi

336 3045 354 3085 c
378 3020 530 3107 reliquiis
548 3022 740 3085 Germanici
772 3021 942 3086 exercitus
971 3019 1132 3108 legiones.
1163 3020 1355 3086 foederibus
1384 3022 1570 3086 Galliarum

333 3127 656 3204 obstrictas-IV,
675 3128 715 3192 85
746 3128 873 3214 (Verba
894 3128 974 3193 lacit
998 3128 1086 3215 apud
1116 3129 1346 3193 Domitianum
1375 3128 1570 3212 Mucianus)

331 3261 347 3298 e
364 3235 399 3300 Si
415 3241 524 3299 status
538 3235 670 3322 imperii
686 3243 744 3300 aut
759 3235 851 3300 salus
873 3235 1061 3300 Galliarum
1093 3237 1126 3299 in
1142 3235 1336 3300 discrimine
1366 3244 1567 3315 verteretur,

330 3341 488 3406 debuisse
510 3342 687 3406 Caesarem
698 3342 731 3406 in
753 3343 822 3407 acie
842 3351 931 3407 staro
955 3364 961 3421 ;
981 3342 1220 3407 Canninefates
1236 3343 1449 3430 Batavosque
1465 3343 1570 3407 mino·

332 3449 425 3513 ribus
437 3448 578 3513 ducibus
593 3447 802 3536 delegandos
814 3475 842 3516 a.
875 3488 914 3498 -
948 3451 984 3513 l'.
1005 3475 1053 3537 ¹9·
1086 3448 1233 3537 (Civilis)
1262 3450 1366 3513 diruit
1399 3449 1522 3515 molem
1552 3475 1571 3514 a

333 3557 443 3621 Druso
460 3556 662 3620 Germanico
679 3556 801 3621 laetam
828 3557 1051 3644 Rhenumque
1086 3580 1191 3643 prono
1230 3556 1326 3621 alveo
1355 3557 1390 3620 in
1424 3556 1569 3622 Galliam

332 3672 526 3729 ruentem...
546 3663 703 3729 alludit...
726 3663 885 3752 Alpinius
900 3663 1096 3740 blontanuS,
1113 3686 1214 3751 quem
1230 3688 1249 3727 a
1273 3664 1387 3730 Primo
1418 3664 1568 3729 Antonio

331 3772 474 3835 missurn
489 3771 522 3834 in
534 3770 663 3836 Gallias
680 3772 834 3858 superius
852 3772 1125 3835 memoravimus
1140 3771 1232 3840 -ν,
1253 3770 1305 3835 23.
1325 3770 1457 3857 (Civili)
1469 3795 1569 3838 causa

332 3878 547 3943 instruendae
582 3879 760 3956 elassis...‚
783 3888 818 3944 ut
852 3903 890 3943 eo
917 3887 1042 3943 terrore
1065 3886 1274 3943 commeatus
1298 3878 1408 3942 Gallia
1442 3879 1569 3944 adven·

332 3993 442 4051 tantes
457 3985 750 4073 interciperentur.
770 4026 811 4034 -
825 3991 851 4046 (ι’
889 3984 920 4049 5.
938 3985 1147 4073 (Germania)
1170 3985 1326 4062 umidior,
1344 4009 1410 4073 qua
1425 3985 1566 4063 Gallias,

330 4092 514 4169 ventosior,
542 4114 608 4179 qua
631 4091 789 4157 Noricum
810 4117 847 4157 ac
879 4093 1088 4158 Pannoniam
1127 4092 1283 4181 adspicit.
1299 4133 1342 4142 -
1360 4117 1412 4181 27.
1431 4098 1566 4173 Quae...

330 4200 484 4265 nationes
517 4223 534 4264 e
564 4200 744 4265 Germania
775 4201 807 4263 in
839 4200 968 4265 Gallias
1010 4200 1341 4287 commigraverint¹‚
1377 4201 1565 4288 expediam.

333 4343 376 4355 -
406 4307 460 4394 37.
502 4306 575 4370 Non
615 4308 762 4380 Samnis,
798 4331 866 4372 non
909 4308 1026 4389 Poeni,
1060 4332 1127 4372 non
1162 4307 1346 4395 Hispaniae
1382 4308 1567 4384 Galliaeve,

328 4437 369 4479 no
397 4413 514 4479 Parthi
547 4414 684 4501 quidem
710 4415 846 4501 saepius
885 4414 1089 4479 admonuere
1124 4414 1313 4503 (Romanos
1345 4438 1447 4502 quarn
1478 4416 1564 4481 (ler-

329 4521 476 4609 mani)...
501 4520 569 4585 Nec
595 4522 731 4608 impune
751 4522 790 4586 e).
814 4520 944 4586 Marius
968 4521 1002 4586 in
1019 4520 1127 4601 ltalia,
1150 4522 1257 4587 llivus
1277 4520 1384 4586 lulius
1408 4523 1442 4587 in
1456 4523 1566 4589 Gallia

331 4652 431 4697 ...eos
463 4628 761 4716 ...perculerunt...
781 4630 965 4694 Occasione
984 4628 1171 4696 discordiae
1200 4638 1336 4695 nostrae
1369 4637 1403 4695 et
1417 4630 1565 4696 civilium

322 4902 459 4952 ll'erlra:
484 4918 585 4968 epioe...
619 4906 860 4970 eonrmigparerinl
889 4907 1003 4955 delenda
1033 4912 1126 4956 censet
1155 4908 1358 4958 lleillcrscbeid.
1382 4908 1422 4956 Cf.
1452 4911 1564 4955 (lm-:nne-

289 4982 567 5036 Senvvurnm-Smmm.

351 5091 431 5141 Umv.
450 5106 482 5140 aa
500 5092 585 5143 Lvou.
600 5119 628 5129 -
648 5093 741 5145 l'aam.
1441 5097 1473 5145 20
