3709 6234
840 874 1019 931 antrannis
1524 881 1572 933 135

335 1011 540 1079 anteferre...
561 1049 601 1060 —
621 1013 673 1079 25.
699 1015 880 1080 Britannos
899 1041 1046 1107 qnoque.
1072 1028 1108 1084 ut
1126 1045 1165 1083 ex
1192 1023 1336 1108 captivis
1360 1023 1568 1092 audiebatur.

333 1119 401 1182 risa
429 1119 548 1184 classis
578 1120 910 1207 olistupelncielnit...
940 1164 982 1177 -
1012 1128 1066 1190 2s.
1092 1127 1139 1191 lta
1170 1129 1308 1216 ancipiti
1343 1130 1431 1193 malo
1465 1133 1571 1195 territi

334 1227 526 1294 Britanni...
541 1265 585 1278 -
598 1252 651 1316 ²7·
666 1230 818 1294 Britanni
831 1254 896 1296 non
910 1235 1084 1303 virtutcse,
1095 1235 1153 1298 sed
1164 1236 1339 1299 occasione
1351 1243 1384 1301 et
1395 1246 1464 1301 arte
1477 1237 1571 1301 ducis

333 1334 432 1399 uictos
451 1336 526 1413 rati,
551 1335 635 1399 nihil
657 1359 698 1400 ex
717 1336 918 1425 adrogantia
942 1341 1156 1408 remittere...
1181 1381 1223 1395 -
1258 1343 1311 1408 28.
1345 1345 1570 1428 tl)esertores)

333 1468 408 1511 cum
429 1444 599 1534 plerisque
613 1444 853 1511 Britannorum
868 1470 926 1512 sua
944 1447 1192 1514 defensantium
1210 1449 1339 1537 proelio
1355 1454 1568 1535 congressi...

332 1593 372 1602 -
400 1576 453 1644 ²9·
470 1552 671 1640 Agricola...
695 1554 851 1641 expedito
867 1558 1029 1634 exercitu,
1052 1558 1105 1620 cui
1125 1581 1166 1621 cx
1183 1558 1354 1623 Britannis
1369 1558 1571 1624 fortissimos

332 1669 364 1726 et
388 1661 487 1744 longa
513 1684 595 1748 paee
618 1661 813 1748 exploratos
832 1661 1021 1733 addiderat.
1049 1664 1089 1727 ad
1114 1675 1263 1730 montem
1285 1667 1470 1755 tiraupinm
1497 1692 1571 1753 pcr-

333 1770 436 1839 rcnit.
468 1791 568 1857 quern
603 1769 668 1832 iam
692 1769 801 1834 hostis
829 1770 1010 1836 insederat.
1052 1771 1137 1835 Nam
1169 1773 1322 1836 Britanni
1362 1775 1443 1838 nihil
1476 1775 1568 1840 tracti

334 1900 466 1964 pugnae
494 1877 616 1965 prioris
636 1884 800 1942 eventu...
824 1879 975 1942 onmium
999 1880 1174 1944 civitatum
1196 1881 1284 1944 vires
1304 1882 1509 1947 asciverant.
1528 1921 1571 1930 -

334 1984 584 2072 32.(l.oquitur
605 1983 785 2070 tlalgacus)
817 2010 831 2047 a
862 1985 932 2049 Nisi
954 1988 981 2048 si
1002 1986 1118 2050 tiallos
1147 1995 1179 2052 ct
1204 1988 1567 2076 Germanosetpudet

332 2097 435 2166 dictu.
451 2092 689 2157 Britarmorum
703 2091 881 2180 plerosque
892 2094 964 2180 (qui
977 2093 1010 2156 in
1021 2093 1168 2159 exercitu
1184 2094 1334 2159 llomano
1351 2099 1486 2180 sunt)...
1507 2099 1570 2160 tide

332 2202 507 2270 etadlectu
527 2199 631 2264 teneri
652 2199 821 2286 putatis...
846 2198 882 2262 ln
900 2200 972 2287 ipsa
999 2201 1145 2265 bostium
1167 2201 1236 2265 acic
1261 2203 1473 2266 inveniemus
1494 2228 1569 2268 nos-

332 2322 400 2378 tras
418 2330 549 2374 manus.
568 2305 791 2392 adgnoscent
814 2306 966 2371 Britanni
978 2332 1074 2371 suam
1090 2331 1292 2373 eausam...»
1308 2347 1351 2358 -
1368 2311 1420 2386 δι’,
1443 2311 1568 2395 (l'crba

332 2420 409 2484 sarcit
431 2413 589 2502 Agricola
606 2413 695 2501 apud
721 2413 860 2502 milites)
893 2443 907 2472 a
928 2414 968 2477 lli
996 2424 1183 2479 ceterorum
1209 2417 1447 2481 Britannorum
1477 2419 1568 2504 biga-

331 2523 456 2592 eissinri
477 2522 620 2610 ideoque
641 2530 708 2585 tam
725 2521 782 2585 diu
796 2522 1037 2608 superstites...
1057 2523 1219 2587 :leerrimi
1247 2524 1484 2589 Britannorum
1501 2525 1566 2589 ianr

332 2632 460 2723 pridem
476 2629 681 2694 ceciderunt.
700 2653 716 2690 a
737 2667 780 2678 —
801 2629 853 2695 35.
880 2631 1118 2694 Britannorum
1140 2632 1227 2695 aries
1250 2632 1281 2694 in
1305 2634 1449 2719 speciem
1465 2632 1565 2697 simul

293 2771 297 2781 ·
330 2770 366 2807 ac
405 2750 565 2805 terrorem
599 2735 799 2801 editioribus
837 2737 920 2801 locis
959 2738 1197 2803 constiterat...
1229 2776 1272 2788 -
1306 2738 1360 2804 36,
1393 2740 1567 2828 Simulque

332 2846 534 2921 constantia,
562 2843 662 2907 simul
690 2851 762 2908 orte
791 2844 943 2909 Britanni
977 2843 1172 2929 ingentibus
1197 2845 1320 2928 gladiis
1346 2855 1378 2910 et
1409 2846 1567 2910 brevibus

331 2956 451 3023 caetris
472 2951 613 3016 missilia
629 2958 822 3016 nostrorum
839 2953 944 3016 vitare
966 2951 1017 3016 rel
1038 2961 1195 3016 excutere
1212 2961 1312 3039 atrpre
1330 2953 1391 3039 ipsi
1410 2976 1564 3036 magnam

333 3069 399 3129 rim
434 3061 577 3127 telorum
603 3058 884 3146 superfundere...
911 3061 1148 3124 Britannorum
1178 3059 1281 3144 gladii
1303 3061 1375 3123 sine
1408 3083 1566 3124 mucrone

331 3169 545 3259 complexum
580 3189 749 3230 armorum
781 3176 814 3231 et
843 3168 875 3230 in
910 3176 983 3230 arto
1008 3190 1154 3254 pugnam
1190 3191 1255 3231 non
1290 3166 1488 3232 tolerabant.
1523 3206 1566 3218 -

332 3281 383 3368 37.
401 3276 565 3350 Britanni,
584 3273 640 3362 qui
656 3273 764 3338 adhuc
787 3297 919 3360 pugnae
944 3281 1099 3361 expertes
1124 3273 1408 3338 summa.collinm
1436 3275 1566 3337 insede-

331 3393 459 3452 rant...
486 3381 623 3467 degredi
650 3380 813 3467 paulatim
842 3392 873 3444 ct
895 3382 1069 3445 circumire
1099 3388 1191 3465 terga
1213 3382 1418 3445 vincentium
1448 3405 1566 3469 roepe-

333 3501 448 3559 rant...
471 3490 516 3555 lta
538 3488 718 3553 consilium
735 3488 973 3552 Britannorum
991 3490 1023 3551 in
1041 3489 1132 3575 ipsos
1147 3511 1292 3552 versum.
1311 3527 1353 3535 -
1374 3490 1427 3552 38.
1448 3489 1562 3555 Nox...

332 3602 417 3665 laeta
438 3596 645 3664 victoribus:
669 3594 820 3659 Britanni
838 3594 993 3682 palantes
1010 3596 1183 3682 mixtoque
1204 3596 1350 3658 virorum
1368 3595 1564 3658 mulierum-

331 3731 394 3798 que
411 3707 543 3794 ploratu
562 3702 694 3768 trabere
723 3702 930 3779 vulneratos,
953 3726 1073 3766 vocare
1092 3704 1240 3784 integros
1261 3754 1282 3765 ..
1302 3741 1341 3748 —-
1360 3706 1397 3772 (t.
1423 3724 1470 3789 17.
1491 3737 1503 3756 ιι
1528 3702 1563 3765 lii

329 3837 519 3904 pugnae...
569 3832 634 3898 qua
677 3811 856 3874 Caesarem
893 3810 1090 3874 inferentem
1126 3833 1215 3872 arma
1254 3810 1418 3873 Britanni¹
1453 3833 1564 3873 arcere

331 3921 486 3987 litoribus
502 3928 535 3985 et
550 3919 673 4006 pellere
694 3919 847 4004 adgressi
864 3925 942 3981 sunt
966 3919 1008 3981 ·›'·'.

289 4028 577 4095 lllll'l'.·lNNl.·l³.'
603 4065 645 4075 -
671 4051 702 4094 α,
733 4029 784 4102 at.
812 4026 957 4103 Quidam
976 4025 1114 4089 :milites
1136 4025 1291 4105 llomanii
1307 4025 1339 4088 in
1358 4025 1563 4089 Britanniam

327 4136 456 4221 (rentoi
474 4135 560 4223 rapti
580 4142 615 4199 ct
627 4134 756 4197 remissi
778 4157 794 4197 a
817 4132 954 4216 regulis.
973 4172 1014 4180 —
1037 4154 1084 4200 rt.
1108 4135 1138 4197 :t
1162 4131 1374 4197 tlorisultanti
1391 4131 1563 4210 (tilaodiot

329 4267 428 4332 snper
443 4240 655 4306 absolutione
670 4239 823 4325 (l'alcriii
846 4240 985 4304 :lsiatici
1003 4242 1086 4303 tlens
1109 4239 1180 4324 (1.)
1193 4238 1405 4305 tianius...
1430 4262 1564 4325 pera-ur-

330 4352 376 4415 sis
406 4349 547 4414 asiatici
566 4348 598 4412 in
621 4371 688 4411 rem
711 4346 879 4433 publicam
897 4346 1016 4410 ostieiis
1033 4346 1224 4433 recentique
1245 4344 1407 4409 adversus
1434 4346 1564 4408 Britan-

328 4461 420 4523 niam
445 4455 606 4522 militia...
629 4492 671 4504 -
698 4478 745 4528 12,
766 4453 817 4518 31.
844 4454 878 4517 ln
903 4454 1074 4517 Britannia
1099 4453 1134 4517 l'.
1158 4454 1330 4516 ttstoriurn
1347 4461 1564 4539 propraetore

331 4564 484 4630 turbidae
503 4585 555 4627 res
573 4585 745 4650 excepere.
765 4601 805 4608 —
828 4586 875 4638 ra,
901 4560 953 4625 :tn
973 4563 1183 4647 (tlaratarnsi
1202 4558 1385 4624 rictorilins
1405 4563 1437 4636 (a
1455 4561 1564 4622 (larti-

316 4834 322 4864 ¹
338 4828 443 4882 ABG:
464 4828 628 4879 britanniae.
645 4831 721 4877 (Iorr.
739 4830 854 4877 lirnrsti.

315 4910 371 4959 ΞΥ.
389 4910 472 4959 etiarn
490 4918 526 4968 rt,
542 4907 636 4972 ³³,363
650 4915 684 4960 .t.
702 4927 741 4959 aa.

310 4993 321 5024 -2
337 4991 473 5038 statii-rus
487 4995 601 5053 uterque
615 4996 718 5039 tanturn
739 5007 790 5039 nrm
808 5007 914 5053 ¹seraper
931 4996 939 5037 t
955 4992 1119 5048 eenrinatnm
1137 4991 1258 5040 extritwt.
