3709 6234
293 854 346 907 aaa
819 857 954 910 senatvs
974 859 1079 910 Galea

338 1022 456 1064 versus
478 999 553 1063 Divi
566 1000 713 1087 Augusti
724 998 920 1063 acerrimam
937 1006 1083 1064 mentem
1093 1022 1153 1065 nec
1170 1000 1332 1066 adversus
1346 1001 1577 1068 cautissimam

337 1106 461 1173 'l'iberii
476 1116 697 1186 senectutem,
720 1131 761 1172 ne.
782 1117 899 1173 contra
919 1109 994 1173 Gaii
1015 1108 1152 1197 quidem
1166 1115 1224 1174 aut
1245 1109 1378 1176 Claudii
1397 1111 1453 1176 vel
1472 1111 1577 1177 Nero·

337 1216 388 1279 nis
402 1215 579 1281 fundatam
598 1216 700 1303 longo
735 1216 875 1303 imperio
895 1214 1034 1280 domum
1059 1217 1323 1304 exsurgimus.»
1357 1257 1399 1266 —
1427 1217 1490 1294 ΙΙΙ,
1518 1219 1577 1284 68.

336 1323 497 1390 tlccultae
518 1324 641 1389 Gaium
662 1323 803 1388 insidiae
823 1325 1103 1411 (oppresserant).
1123 1361 1164 1373 -
1186 1324 1242 1400 ll',
1260 1327 1315 1402 42.
1350 1353 1365 1384 α
1382 1326 1437 1390 An
1466 1325 1576 1391 Nero-

337 1454 413 1495 nem
439 1438 627 1496 extremum
647 1431 859 1496 dominorum
877 1431 1031 1518 putatis?
1050 1429 1143 1496 ldcm
1158 1431 1381 1514 crediderant,
1396 1434 1455 1521 qui
1470 1433 1577 1499 Tibe-

337 1539 398 1616 rio,
414 1539 472 1625 qui
489 1538 574 1603 Gaio
594 1539 794 1626 superstites
810 1538 987 1603 luerunt...
1007 1563 1022 1600 a
1045 1577 1087 1585 -
1109 1539 1165 1613 ΙΙ,
1183 1542 1235 1616 48.
1269 1539 1372 1626 Legio
1398 1540 1433 1603 in
1459 1540 1576 1606 Africa

337 1645 571 1735 auxiliaque...
589 1646 652 1711 sub
674 1647 760 1711 llivo
774 1647 931 1733 Augusto
958 1645 1158 1734 Tiberioque
1185 1646 1396 1735 principibus
1430 1671 1576 1736 procon-

337 1753 402 1817 suli
423 1754 598 1840 parebant.
627 1753 707 1819 Mox
732 1755 770 1819 C.
794 1757 918 1818 (liresar
944 1753 1099 1818 turbidus
1125 1755 1228 1818 animi
1258 1778 1295 1820 ac
1341 1755 1387 1820 M.
1421 1755 1576 1822 Silanum

336 1859 545 1926 obtinentem
589 1861 741 1926 Africam
791 1870 956 1935 metuens,
998 1860 1146 1926 ablatam
1184 1862 1378 1950 proconsuli
1407 1862 1578 1949 legionem

336 1969 439 2032 misso
472 1970 505 2033 in
548 1992 622 2034 eam
656 1992 726 2033 rem
770 1969 881 2055 legato
920 1968 1070 2033 tradidit.
1110 2005 1145 2016 —
1174 1967 1231 2049 ll',
1278 1970 1332 2037 68.
1366 1969 1576 2059 (Mucianus)

337 2076 538 2141 Arrecinum
589 2076 841 2142 Clementem...
903 2075 1125 2163 praetorianis
1179 2077 1384 2164 praeposuit,
1440 2086 1573 2164 patrem

335 2184 407 2248 eius
423 2184 484 2249 sub
506 2186 544 2249 C.
563 2186 705 2250 Caesare
721 2184 855 2269 egregie
872 2184 1025 2248 sunctum
1048 2206 1086 2247 ea
1106 2206 1185 2247 cura
1212 2183 1386 2250 dictitans,
1407 2222 1453 2233 -
1476 2184 1518 2264 V,
1539 2210 1572 2274 9.

335 2290 478 2378 (ludaei)
502 2292 583 2356 iussi
604 2317 622 2355 a
639 2293 677 2358 C.
696 2291 840 2355 Caesare
855 2290 1001 2377 elligiem
1022 2290 1093 2354 eius
1127 2290 1160 2353 in
1189 2292 1317 2380 templo
1342 2291 1453 2357 locare
1480 2315 1575 2357 arma

335 2399 449 2486 potius
469 2423 654 2487 sumpsere,
680 2422 778 2486 quern
804 2406 935 2462 motum
955 2398 1111 2462 Caesaris
1124 2420 1215 2462 mors
1230 2398 1376 2465 diremit.
1393 2439 1433 2452 —
1457 2403 1496 2466 (ι’.
1514 2401 1567 2488 37.

334 2507 414 2571 Mox
427 2508 582 2594 ingentes
590 2508 628 2572 C.
642 2506 797 2572 Caesaris
811 2506 919 2570 minae
936 2507 970 2570 in
987 2506 1171 2572 ludibrium
1185 2531 1302 2573 versae
1318 2509 1351 2594 (a
1363 2508 1571 2597 Germanis).

337 2615 437 2680 -.-Ι.
465 2618 491 2691 Ι.
515 2615 617 2679 Pater
637 2613 736 2700 (lulio
754 2612 948 2700 Agricolae)
965 2613 1069 2679 lulius
1102 2615 1329 2681 Graecinus...
1359 2614 1472 2680 studio
1505 2613 1574 2681 elo·

334 2723 492 2809 quentiae
524 2722 776 2810 sapientiaeque
803 2729 904 2784 notus
939 2721 1045 2810 iisque
1066 2723 1148 2810 ipsis
1173 2722 1355 2788 virtutibus
1384 2723 1469 2788 iram
1497 2722 1572 2788 Gaii

335 2830 489 2893 Caesaris
503 2829 642 2894 meritus
660 2851 667 2909 ς
690 2851 835 2916 namque
857 2828 904 2891 M.
922 2827 1074 2893 Silanum
1098 2852 1254 2895 accirsare
1275 2830 1386 2895 iussus
1417 2838 1462 2906 et,
1493 2830 1571 2919 quia

333 2934 935 3005 abnuerat.interlectusost.-13,
978 2936 1136 3022 Agitasse
1164 2937 1285 3002 Gaium
1315 2937 1497 3003 Caesarem
1530 2937 1571 3002 de

333 3043 487 3108 intranda
511 3044 683 3109 Britannia
708 3043 791 3108 satis
806 3049 952 3111 constat.
971 3044 1004 3107 ni
1024 3043 1123 3108 velox
1144 3044 1280 3132 ingenio
1309 3044 1426 3111 mobili
1454 3045 1570 3134 paeni·

335 3152 469 3226 tentiae,
487 3160 520 3217 et
536 3153 692 3239 ingentes
706 3151 868 3215 adsersus
883 3151 1099 3215 Germaniam
1112 3160 1253 3217 conatus
1270 3152 1394 3218 frustra
1409 3152 1565 3218 luissent.

331 3296 371 3307 -
390 3261 442 3335 M.
464 3259 572 3324 Natus
592 3266 663 3323 erat
677 3258 835 3343 Agricola
861 3258 945 3321 Gaio
975 3257 1119 3323 Caesare
1152 3260 1289 3324 tertium
1320 3259 1471 3325 consule.
1495 3314 1502 3327 .
1526 3298 1568 3311 -

332 3369 370 3431 t).
392 3391 440 3454 ¹7·
459 3390 473 3430 a
494 3366 600 3430 Adice
614 3366 737 3431 'liberii
755 3375 822 3429 tres
842 3373 875 3429 et
891 3366 1012 3451 viginti
1028 3367 1252 3455 (principatus
1267 3369 1399 3454 annos).
1417 3376 1450 3433 et
1466 3391 1568 3455 prope

332 3474 592 3560 quadriennium
608 3474 753 3539 Gaii....¹
776 3503 790 3530 a

290 3581 578 3646 G.tL.t'l'.t1‹1.-
599 3582 647 3649 15.
669 3581 701 3645 6.
726 3581 865 3646 Pontica
881 3591 914 3645 et
931 3581 1129 3645 Galatarum
1146 3581 1453 3671 Cappadocumque
1476 3582 1568 3647 auxi·

330 3688 373 3753 lia
394 3689 611 3774 (Caesennio)
633 3689 734 3752 l'aeto
756 3688 927 3775 qoboedire
945 3689 1035 3752 iussa
1051 3695 1158 3776 sunt).

287 3796 503 3860 Gnlal'ln.
525 3832 562 3843 -
583 3796 631 3870 13,
651 3796 704 3859 235.
725 3795 838 3861 llabiti
855 3819 914 3884 per
930 3795 1098 3860 Galatiam
1119 3796 1437 3885 Cappadociamque
1466 3798 1567 3864 dilec-

332 3912 384 3966 tus
412 3902 627 3990 (supplendis
657 3902 859 3967 Corbulonis
884 3903 1164 3991 legionibus).—
1191 3903 1278 3991 ll,p.
1315 3904 1486 3969 Galatiam
1526 3927 1562 3969 ac

333 4009 566 4096 Pamphyliam
596 4012 786 4096 provincias
813 4011 997 4098 Calpurnio
1027 4010 1209 4098 ⁴lsprenati
1251 4011 1415 4098 regendas
1459 4012 1566 4078 Galba

333 4118 541 4205 permiserat.

288 4228 326 4291 C.
345 4224 513 4301 Galam,
529 4250 560 4289 r.
581 4225 619 4292 C.
637 4224 883 4292 Sl'Ll’lCll'S.

285 4332 476 4397 SEllVll'S
507 4331 787 4418 (tatanem).
824 4334 915 4408 -3,
933 4333 986 4399 156.
1024 4334 1214 4400 Mamercus
1252 4335 1564 4424 antiquaexempla

329 4441 510 4508 iaciens...
542 4441 696 4505 Serrium
724 4439 868 4505 Gidbam
898 4467 916 4505 a
951 4442 1079 4506 Catone
1096 4443 1566 4510 Censori0...accusatos.-

330 4553 367 4612 t),
400 4552 448 4613 18.
480 4548 659 4636 (loquitur
694 4551 797 4635 Aperi
830 4583 842 4602 ι·
864 4550 981 4614 Servio
1007 4549 1135 4616 Galbae
1171 4559 1228 4616 aut
1253 4553 1291 4617 C.
1313 4552 1426 4616 Laelio
1446 4563 1505 4618 aut
1525 4553 1563 4618 C.

317 4847 322 4880 Ι
346 4847 379 4894 V.
399 4849 480 4894 etiam
508 4863 527 4896 r.
544 4849 568 4904 a,
586 4848 623 4894 3³.
647 4855 680 4903 to.
700 4856 737 4903 ste..
756 4856 799 4906 ,εἰς
817 4867 841 4907 a,
862 4857 895 4905 tr.
913 4852 1053 4912 puram,
1075 4852 1097 4898 3.
1124 4869 1142 4898 ι.
1170 4869 1205 4900 ra.
1228 4867 1269 4914 ¹7²
1289 4861 1311 4911 Ι,
1330 4854 1352 4902 8.
1371 4861 1457 4911 talo.
1478 4854 1516 4912 53,
1535 4853 1566 4917 59

284 4927 328 4978 08;
347 4944 380 4974 ra.
399 4927 478 4985 6,ssst
499 4928 516 4974 l.
534 4934 572 4988 lp.

314 5007 325 5039 Ἰ
343 5007 400 5056 Ser.
417 5007 551 5069 Sulpicius
567 5008 661 5056 Galba.
680 5025 736 5057 cos.
753 5025 775 5056 a.
794 5012 839 5057 tiro
858 5029 887 5053 =
905 5017 956 5066 att.
