3709 6234
1380 862 1668 913 THRASEA
1712 862 1787 913 ΡΑ
1799 861 1953 913 ss'rvs
2837 852 2946 920 ὥς)

475 1002 634 1067 anni
685 1003 895 1067 vitare
935 1001 1299 1066 Thraseam
1350 1000 1680 1066 sollemne
1720 1001 1825 1066 ius
1864 999 2266 1077 iurandu1n;
2331 994 2948 1087 nuncupationibus

473 1117 786 1174 votorum
815 1133 946 1174 non
973 1108 1235 1184 adesse,
1270 1107 1584 1197 quamvis
1614 1106 2201 1197 quindecimvirali
2260 1105 2635 1171 sacerdotio
2683 1102 2947 1192 praedi-

476 1225 697 1284 tum...
732 1245 762 1277 «
821 1218 906 1282 Vt
935 1217 1276 1305 quondam
1311 1217 1388 1282 C.
1434 1216 1817 1296 Caesarem,
1853 1215 2097 1304 inquit,
2168 1222 2235 1279 et
2288 1213 2383 1278 M.
2447 1212 2799 1291 Catonem,
2854 1210 2945 1275 ita

475 1347 652 1390 nunc
688 1333 773 1398 te,
805 1324 1009 1404 Ner0,
1046 1332 1113 1390 et
1142 1324 1509 1390 Thraseam
1540 1324 1736 1389 avida
1768 1322 2254 1388 discordiarum
2288 1321 2529 1386 civitas
2557 1320 2942 1410 loquitur...

478 1431 731 1497 Diurna
763 1432 996 1520 populi
1039 1431 1323 1496 ltomani
1345 1456 1462 1520 per
1491 1430 1898 1520 provinciaS,
1944 1454 2061 1518 per
2102 1429 2438 1494 exercitus
2495 1428 2792 1493 curatius
2850 1428 2946 1493 le-

474 1547 749 1625 guntur,
785 1546 860 1604 ut
885 1547 1227 1615 noscatur,
1275 1539 1438 1626 quid
1500 1538 1794 1603 Thrasea
1852 1560 1984 1602 non
2046 1537 2359 1603 fecerit...
2422 1536 2728 1625 Denique
2778 1536 2945 1601 nihil

477 1646 619 1734 ipse
648 1646 729 1711 de
770 1646 1063 1712 Thrasea
1109 1646 1461 1734 scripseris
1500 1668 1515 1726 ς
1580 1645 2102 1734 disceptatorem
2144 1652 2454 1709 senatum
2507 1642 2701 1716 nobis
2748 1643 2948 1709 relin-

476 1778 693 1842 que».
730 1793 812 1804 —
845 1754 943 1828 16,
980 1757 1083 1831 24.
1122 1752 1324 1819 Omni
1376 1754 1648 1818 civitate
1700 1752 1783 1816 ad
1824 1751 2298 1840 excipiendum
2339 1751 2712 1840 principem
2755 1776 2947 1840 spec-

477 1861 891 1949 tandumque
922 1885 1148 1949 regem
1176 1861 1580 1948 (Tiridaten)
1608 1860 1844 1936 effusa,
1890 1859 2185 1924 Thrasea
2225 1882 2511 1924 occursu
2566 1857 2947 1946 prohibitus

477 1992 609 2033 non
667 1968 940 2034 demisit
999 1969 1325 2041 animum,
1392 1967 1510 2032 sed
1569 1966 1918 2032 codicillos
1983 1966 2069 2031 ad
2118 1966 2455 2032 Neronem
2539 1967 2942 2055 composuit,

475 2078 824 2167 requirens
856 2076 1117 2141 obiecta
1148 2087 1213 2142 et
1250 2083 1780 2164 expurgaturum
1839 2074 2333 2141 adseveranS...
2406 2074 2541 2139 Eos
2600 2073 2948 2139 codicillos

478 2184 654 2250 Nero
697 2194 1134 2273 properanter
1166 2184 1445 2269 accepit,
1483 2206 1600 2270 spe
1641 2184 2040 2248 exterritum
2079 2182 2442 2248 Thraseam
2503 2182 2939 2270 scripsisse...

476 2330 561 2341 —
602 2292 703 2374 16,
742 2292 849 2356 25.
884 2291 1055 2355 Tum
1086 2291 1381 2355 Thrasea
1415 2291 1586 2354 inter
1629 2292 1975 2379 proximos
2006 2290 2446 2366 consultavit,
2505 2297 2949 2378 temptaretne

477 2398 938 2464 defensionem
969 2422 1052 2463 an
1085 2406 1453 2486 sperneret.
1489 2435 1577 2448 —
1652 2397 1750 2468 16,
1790 2397 1895 2463 26.
1965 2398 2242 2475 Contra,
2287 2397 2403 2485 qui
2462 2397 2946 2486 opperiendum

481 2506 663 2571 domi
707 2505 1096 2587 censebant,
1169 2505 1251 2571 de
1292 2507 1437 2593 ipso
1473 2505 1762 2570 Thrasea
1801 2505 2061 2584 eadem,
2093 2505 2211 2570 sed
2243 2504 2535 2571 ludibria
2576 2512 2646 2570 et
2697 2513 2947 2571 contu-

482 2613 715 2679 melias
751 2614 1184 2679 imminere...
1225 2612 1624 2678 Detraheret
1667 2613 1892 2700 potius
1932 2613 2220 2689 senatui,
2258 2635 2459 2701 quem
2517 2613 2941 2701 perornavis-

480 2729 605 2800 set,
642 2721 988 2786 infamiam
1029 2720 1197 2785 tanti
1244 2720 1505 2807 flagitii,
1577 2727 1644 2785 et
1701 2719 2113 2808 relinqueret
2171 2720 2524 2798 incertum,
2582 2720 2743 2808 quid
2803 2721 2947 2785 viso

480 2827 770 2894 Thrasea
812 2851 923 2892 reo
949 2827 1283 2893 decreturi
1317 2835 1543 2915 patres
1581 2827 1911 2894 fuerint...
1960 2826 2280 2893 Rusticus
2320 2828 2750 2895 Arulenus..
2790 2827 2948 2894 oss'e-

480 2935 670 3001 rebat
700 2959 769 3001 se
800 2935 1324 3001 intercessurum
1353 2943 1627 3000 senatus
1666 2934 2059 3000 consult0...
2107 2934 2428 3001 Cohibuit
2484 2936 2759 3023 spiritus
2806 2936 2949 3001 eius

479 3043 854 3109 Thrasea...
892 3082 977 3094 —
1021 3042 1118 3120 16,
1157 3043 1262 3108 28.
1299 3042 1599 3131 (Eprius)
1641 3041 2091 3108 MarcelluS...
2136 3041 2613 3109 clamitabat...
2666 3042 2945 3108 nimium

482 3152 679 3216 mites
709 3151 795 3216 ad
833 3175 979 3217 eam
1011 3151 1192 3216 diem
1224 3158 1474 3238 patreS,
1509 3151 1622 3238 qui
1654 3151 2019 3215 Thraseam
2047 3150 2555 3226 desciscentem,
2587 3152 2701 3239 qui
2743 3174 2948 3238 gene-

479 3282 627 3324 rum
660 3259 801 3323 eius
837 3257 1222 3324 Helvidium
1260 3258 1566 3322 Priscum
1598 3259 1665 3322 in
1689 3257 1903 3324 isdem
1935 3257 2355 3325 furoribus..
2383 3258 2655 3324 eludere
2674 3259 2947 3347 impune

481 3368 861 3432 sinerent...
909 3366 1274 3453 Requirere
1305 3389 1376 3430 se
1405 3366 1472 3429 in
1494 3374 1734 3431 senatu
1773 3364 2225 3446 consularem,
2267 3366 2334 3431 in
2394 3367 2573 3432 votis
2641 3366 2946 3431 sacerdo·

482 3482 698 3540 tem...
739 3470 881 3537 Nisi
915 3481 1148 3538 contra
1180 3474 1490 3538 instituta
1531 3481 1597 3537 et
1638 3472 2079 3537 caerimonias
2148 3474 2475 3539 maiorum
2536 3474 2948 3562 proditorem

481 3580 700 3669 palam
735 3589 795 3647 et
829 3581 1090 3646 hostem
1131 3580 1423 3645 Thrasea
1481 3579 1835 3644 induisset.
1880 3616 1969 3629 —
2033 3579 2134 3651 16,
2174 3606 2280 3668 ²9·
2352 3581 2573 3669 lpsius
2618 3581 2949 3646 Thraseae

483 3688 886 3754 venerabilis
928 3688 1186 3776 species
1226 3687 1711 3753 obversabatur
1742 3685 2112 3775 (mentibus
2140 3695 2580 3775 senatorum).
2602 3724 2688 3739 —
2713 3688 2812 3770 113,
2836 3689 2944 3754 33.

480 3797 811 3863 Thraseae
842 3799 1232 3884 Soranoque
1264 3803 1330 3860 et
1361 3795 1681 3861 Serviliae
1712 3794 1912 3860 datur
1944 3795 2181 3859 mortis
2212 3796 2684 3861 arbitrium.—
2718 3795 2814 3872 16,
2838 3797 2943 3872 154.

480 3904 648 3969 Tum
685 3904 771 3968 ad
807 3903 1169 3968 Thraseam
1211 3903 1279 3967 in
1341 3902 1552 3967 hortis
1601 3910 1913 3988 agentem
1968 3911 2286 3989 quaestor
2345 3904 2643 3969 consulis
2703 3904 2952 3968 missus

481 4018 992 4100 vesperascente
1026 4011 1156 4076 iam
1198 4010 1387 4076 die...
1439 4009 1650 4096 Igitur
1697 4011 1938 4075 flentes
1987 4010 2561 4100 queritantesque‚
2615 4012 2731 4099 qui
2800 4011 2951 4077 ade-

481 4127 656 4194 rant,
695 4119 1020 4183 l'acessere
1048 4142 1328 4206 propere
1358 4117 1648 4182 Thrasea
1713 4141 1835 4183 nec
1899 4118 2194 4206 pericula
2263 4142 2384 4184 sua
2449 4120 2730 4184 miscere
2797 4143 2951 4184 cum

484 4234 661 4291 sorte
691 4225 990 4292 damnati
1022 4227 1414 4293 hortatur...
1451 4260 1535 4274 —
1584 4224 1666 4300 ΙΙ,
1722 4248 1832 4313 9¹·
1868 4228 1969 4290 Ac
2025 4226 2196 4290 forte
2266 4225 2538 4291 Priscus
2595 4226 2952 4292 Helvidius

485 4341 749 4421 praetor
798 4333 1194 4421 designatus
1243 4341 1477 4398 contra
1533 4331 1833 4397 studium
1885 4332 2206 4418 (Vitellii)
2281 4341 2716 4399 censuerat...
2788 4334 2951 4399 Mox

488 4440 954 4525 mitigantibus
987 4441 1332 4524 amicis...,
1369 4438 1534 4504 nihil
1567 4439 1723 4503 novi
1792 4440 2114 4505 accidisse
2173 4441 2546 4528 respondit,
2583 4440 2765 4529 quod
2818 4440 2951 4506 duo

484 4555 827 4612 senatores
857 4548 924 4612 in
957 4572 1024 4613 re
1057 4547 1328 4635 publica
1358 4547 1798 4612 dissentirent
1839 4570 1852 4616 :
1892 4547 2166 4613 solitum
2226 4572 2297 4613 se
2343 4549 2546 4614 etiam
2620 4548 2951 4613 Thraseae
3033 4617 3038 4622 ,

483 4662 716 4719 contra
794 4653 1040 4720 dicere.
1131 4654 1417 4719 Inrisere
1496 4653 1798 4742 plerique
1893 4654 2382 4741 impudentiam
2449 4655 2946 4721 aemulationiS.

485 4762 661 4826 Aliis
716 4761 784 4826 id
815 4762 1037 4850 ipsum
1065 4761 1399 4850 placebat,
1444 4760 1626 4849 quod
1681 4761 2020 4827 neminem
2070 4783 2151 4827 ex
2189 4763 2767 4850 praepotentibus,
2832 4762 2951 4828 sed

483 4870 850 4935 Thraseam
895 4868 979 4933 ad
1019 4868 1365 4958 exemplar
1401 4890 1600 4934 verae
1657 4867 1910 4956 gloriae
1968 4868 2267 4954 legisset.
2324 4910 2410 4919 —
2469 4870 2584 4938 IV.
2644 4869 2708 4935 5.
2786 4869 2951 4934 nel·

485 4976 710 5042 vidius
769 4977 1119 5042 Priscus
1193 5001 1405 5067 quaes
1440 5054 1459 5064 ,
1517 4971 1549 4989 Τ
1686 4998 1713 5010 ”
1827 5001 1914 5042 u-t*
1982 5001 2014 5041 Η,
2085 4977 2286 5045 alf-'aeta
2362 4977 2650 5041 *l'hrnsea
2741 4998 2949 5066 gener
