3709 6234
768 871 915 923 GRAECVS
1432 871 1485 928 335

247 1010 353 1077 multa
395 1035 563 1099 supereo
598 1011 759 1076 miraculo
798 1011 996 1077 disserendi.
1035 1051 1071 1062 -
1111 1036 1159 1083 rr.
1201 1017 1250 1090 ¹l·
1293 1014 1395 1080 Fama
1433 1023 1484 1080 cst

245 1119 413 1184 Cadmum
435 1120 544 1185 classe
575 1120 783 1186 Phoenicum
810 1128 945 1185 vectum
968 1118 1108 1185 rudibus
1141 1120 1250 1187 adhuc
1277 1123 1484 1188 Graecorum

244 1227 377 1316 populis
397 1227 636 1318 (litteraturae)
662 1236 833 1295 auctorem
858 1228 963 1294 luisse
984 1281 1005 1295 ..
1034 1227 1154 1292 Forma
1188 1228 1311 1294 litteris
1341 1231 1481 1308 Latinis,

244 1358 329 1422 quac
349 1336 540 1401 veterrimis
556 1336 774 1401 Graecorum.
800 1376 843 1385 -
878 1360 927 1417 12,
958 1335 1010 1401 63.
1043 1335 1242 1423 Byzantium
1270 1337 1304 1401 in
1333 1345 1483 1403 extrema

246 1441 378 1532 Europa
395 1467 537 1531 posuere
549 1444 682 1527 Graeci,
696 1444 819 1534 quibus
836 1443 996 1531 Pythium
1008 1442 1202 1530 Apollinem
1214 1444 1481 1526 consulentibus,

245 1550 302 1615 ubi
324 1551 510 1617 conderent
531 1551 690 1619 urbem...
712 1592 747 1601 —
768 1552 1141 1639 11,4.Titusspectata
1162 1551 1334 1639 opulentia
1349 1552 1482 1641 (templi

245 1658 393 1746 Paphiae
409 1660 563 1749 l'encrisl
581 1659 747 1748 donisque
763 1683 879 1746 regum
896 1683 1049 1749 quaeque
1065 1660 1130 1725 alia
1148 1659 1274 1725 lactum
1299 1661 1483 1748 antiquita·

244 1765 335 1831 tibus
356 1768 561 1833 Graecorum
584 1792 691 1857 genus
713 1770 858 1834 incertae
883 1768 1047 1833 vetustati
1066 1768 1249 1855 adfingit...
1276 1806 1320 1816 -
1346 1766 1404 1850 ΙΙΙ,
1424 1770 1479 1856 47.

244 1874 488 1964 Trapezuntem
516 1884 649 1942 vetusta
689 1877 777 1942 lama
813 1876 986 1942 civitatem
1023 1900 1041 1940 a
1079 1875 1218 1941 Graecis
1255 1875 1289 1939 in
1332 1884 1483 1940 extremo

246 1981 406 2048 Ponticae
422 2007 499 2049 orac
514 1985 697 2051 conditam.
715 1984 821 2050 Caesa
839 1983 884 2049 ibi
899 1983 1031 2061 cohors,
1058 1983 1188 2070 regium
1209 1983 1371 2048 auxilium
1388 1983 1480 2061 olim,

245 2111 322 2155 mox
340 2090 455 2157 donati
471 2091 606 2158 civitate
629 2092 780 2157 llomana
805 2093 901 2180 signa
922 2114 1082 2180 armaque
1098 2092 1133 2155 in
1152 2099 1305 2156 nostrum
1330 2091 1481 2173 modum,

244 2198 408 2264 desidiam
423 2198 661 2290 licentiamque
677 2200 882 2265 Graecorum
898 2200 1101 2265 retinebant.
1122 2235 1167 2249 -
1190 2198 1230 2278 V,
1250 2200 1281 2264 8.
1300 2199 1484 2288 Postquam

246 2306 450 2373 Macedones
475 2308 719 2396 praepollnere,
742 2331 800 2373 rex
814 2308 1006 2373 Antiochus
1022 2307 1157 2373 demere
1174 2306 1336 2393 tludaeis)
1366 2330 1484 2396 super-

244 2414 416 2479 stitionem
442 2422 476 2480 et
495 2439 605 2480 mores
634 2418 838 2481 Graecorum
865 2415 945 2480 dare
967 2415 1148 2482 adnisus...
1167 2454 1203 2465 -
1227 2415 1264 2480 (l.
1284 2413 1337 2479 32.
1357 2440 1373 2479 a
1392 2415 1485 2493 Quos

247 2523 394 2611 potiores
409 2524 591 2589 nominabo
606 2548 707 2612 quam
722 2526 810 2613 apud
831 2526 979 2591 Graecos
991 2525 1267 2590 Demosthenem.
1290 2527 1316 2590 .‘?
1333 2553 1347 2584 »

201 2628 428 2711 GRAECVS,
456 2632 499 2710 A,
524 2632 601 2696 tlt.
629 2672 671 2681 —
698 2658 728 2715 2,
752 2658 782 2698 2.
810 2632 1047 2698 lnridebantur
1074 2633 1106 2716 (a
1133 2632 1280 2719 Parthis)
1311 2638 1345 2696 et
1364 2629 1484 2697 Graeci

245 2740 385 2804 comites
404 2741 507 2829 (regis
523 2740 701 2829 Venonis).
727 2780 771 2789 —
791 2741 822 2821 3,
850 2741 902 2806 60.
935 2740 1218 2811 Crebrescebat...
1253 2740 1398 2805 Graecas
1425 2763 1484 2828 pcr

243 2846 345 2912 urbes
361 2847 496 2913 licentia
512 2854 612 2936 atquc
626 2849 810 2937 impunitas
831 2848 924 2935 asyla
944 2848 1127 2914 statuendi.
1146 2888 1182 2899 —
1205 2849 1235 2925 3,
1253 2847 1308 2914 65.
1321 2848 1483 2913 llemoria

244 2956 398 3042 proditur
415 2955 599 3036 Tiberium,
621 2957 778 3044 quotiens
801 2957 892 3022 curia
913 2956 1140 3044 egrederetur,
1164 2955 1301 3022 Graecis
1316 2955 1429 3021 verbis
1445 2955 1480 3020 in

244 3061 332 3128 hunc
350 3064 488 3127 modum
502 3064 613 3152 eloqui
629 3063 767 3129 solitum
785 3083 792 3129 ε
812 3088 828 3127 a
845 3063 872 3130 Ο
888 3063 1042 3129 homines
1057 3064 1100 3128 ad
1115 3064 1289 3130 servitium
1302 3071 1437 3151 paratos
1451 3087 1480 3127 n.

244 3207 287 3217 —
317 3173 349 3245 ά.
387 3174 435 3248 ιά.
469 3171 501 3236 ls
534 3194 667 3260 quoquc
700 3195 809 3237 annus
838 3171 1025 3259 legationes
1058 3169 1262 3236 Graecarum
1293 3170 1482 3236 civitatium

243 3275 373 3344 babuit.
411 3317 452 3326 -
479 3282 511 3360 l,
547 3279 600 3344 52.
631 3278 797 3369 (Tiberius
828 3279 1065 3368 Agrippinam)
1091 3287 1322 3367 correptam...
1353 3278 1482 3344 Graeco

242 3408 343 3450 rcrsu
371 3385 547 3452 admonuit
575 3410 642 3451 non
678 3388 752 3453 ideo
782 3386 882 3462 laedi,
916 3387 1087 3474 quianon
1115 3393 1281 3475 regnaret.
1302 3419 1346 3436 -·
1366 3385 1397 3462 6,
1428 3386 1478 3450 18.

245 3492 412 3559 Defuncto
436 3494 631 3582 Theophani
658 3494 821 3561 caelestes
837 3494 982 3559 honores
998 3492 1124 3560 Graeca
1141 3494 1289 3560 adulatio
1306 3492 1480 3559 tribuerat.

244 3637 286 3649 —
310 3601 342 3679 6,
370 3626 422 3668 20.
446 3602 521 3666 Non
540 3603 713 3668 omiserim
737 3603 951 3690 praesagium
976 3602 1100 3667 Tiberii
1120 3603 1161 3668 de
1181 3602 1298 3668 Servio
1315 3600 1480 3682 Galba...,

245 3731 346 3797 quem
364 3710 502 3774 Graccis
519 3710 630 3775 verbis
646 3711 679 3774 in
696 3711 780 3775 banc
797 3711 1000 3775 sententiam
1017 3709 1194 3776 adlocutus
1208 3717 1300 3776 est...
1318 3745 1361 3758 —
1376 3707 1407 3785 6,
1427 3710 1481 3786 Ar.

245 3816 483 3904 Nicephorium
509 3826 542 3883 et
563 3818 831 3883 Anthemusiada
860 3826 1057 3906 ceterasque
1080 3819 1193 3901 urbes,
1218 3840 1303 3906 quae
1327 3815 1482 3882 Macedo-

244 3924 344 3988 nibus
381 3926 428 4012 tin
475 3925 677 3991 Parthorum
720 3925 929 4013 regionibus)
970 3926 1096 3993 sitae...
1146 3927 1274 3991 Graeca
1320 3923 1483 3990 voeabula

245 4042 422 4122 usurpant.
440 4074 484 4084 —
513 4059 562 4107 rr,
590 4035 638 4102 13.
657 4035 819 4099 Claudius
839 4086 862 4102 ..
880 4058 986 4100 novas
1005 4035 1193 4101 litterarum
1210 4034 1334 4100 termas
1354 4034 1486 4100 addidit

247 4140 479 4231 vulgavitque,
509 4151 681 4231 comperto
702 4143 866 4208 Graecam
886 4166 1020 4231 quoque
1049 4142 1272 4209 litteraturam
1293 4166 1360 4207 non
1378 4142 1484 4208 semel

246 4258 400 4336 coeptam
421 4250 690 4339 absolutamque.
711 4291 755 4301 —
794 4276 843 4330 12,
864 4253 914 4328 ΙΙ.
935 4251 1036 4316 Genti
1058 4249 1259 4316 Parthorum
1278 4250 1484 4338 l'ologaeses

245 4357 472 4444 imperitabat,
507 4366 658 4425 materna
690 4359 819 4446 origine
852 4381 892 4423 ex
931 4357 1058 4447 paelice
1100 4359 1303 4424 Graeca-
1340 4361 1390 4436 rt,
1431 4362 1480 4436 rt.

245 4464 424 4553 (loquitur
441 4464 542 4552 Nero)
570 4494 587 4529 a
604 4466 732 4532 Cantus
744 4465 895 4553 Apollini
908 4490 1033 4546 sacros,
1055 4465 1180 4554 talique
1195 4474 1315 4531 ornatu
1348 4466 1482 4532 adstare

246 4605 312 4646 non
340 4583 440 4646 modo
466 4585 603 4648 (baccis
624 4584 657 4648 in
679 4582 831 4658 urbibuS,
862 4582 919 4648 sed
950 4583 1101 4648 llomana
1122 4583 1210 4671 apud
1240 4582 1364 4671 templa
1388 4612 1417 4649 a.
1441 4621 1484 4631 -

250 4695 299 4767 rt.
336 4691 384 4754 15.
418 4691 537 4778 ,Nero't
580 4691 726 4755 instituit
772 4690 871 4755 ludes
914 4689 1124 4755 iuvenalium
1158 4689 1363 4756 vocabulo...
1407 4690 1483 4755 Non

245 4799 404 4865 nobilitas
424 4799 592 4888 cuiquam,
611 4824 678 4864 non
700 4806 791 4863 actas
814 4806 871 4864 aut
900 4798 964 4863 acti
984 4797 1398 4886 l1onoresimpcdiment0.
1417 4821 1483 4887 quo

247 4908 357 4972 minus
396 4907 515 4970 thaeci
554 4907 707 4973 Latinive
734 4906 909 4971 histrionis
945 4912 1051 4971 artem
1083 4913 1277 4971 exercerent
1311 4907 1483 4994 usquead

246 5023 362 5103 gestus
378 5016 562 5103 modosque
578 5014 668 5080 haud
688 5014 814 5080 viriles.
835 5052 877 5063 -
898 5014 948 5094 rt,
968 5037 1019 5079 20.
1036 5012 1296 5101 Quinquennalc
1316 5012 1482 5079 ludicrum
