3709 6234
793 844 956 897 ctavmvs
1467 841 1518 896 201

277 1027 320 1037 -
350 1012 399 1053 ιι.
432 1010 485 1074 aq.
509 986 626 1074 Longa
649 986 740 1074 apud
761 987 892 1051 tlstiam
909 985 1066 1052 Caesaris
1087 987 1191 1052 mora.
1211 1025 1254 1034 -
1279 1009 1329 1067 ιι,
1349 986 1401 1052 30.
1420 985 1518 1051 Exim

277 1094 474 1183 Calpurnia,
490 1093 525 1158 id
538 1093 657 1182 paelici
677 1116 813 1174 nomen,
830 1092 888 1158 ubi
905 1093 1023 1159 datum
1037 1101 1218 1168 secretum,
1231 1092 1377 1180 genibus
1395 1092 1519 1159 Caesa-

279 1202 326 1267 ris
366 1199 546 1289 provoluta
592 1201 749 1290 nupsisse
782 1200 1002 1266 Messalinam
1042 1200 1126 1265 Silio
1153 1200 1333 1270 exclamat.
1387 1200 1519 1266 Simul¹

280 1308 537 1397 Cleopatram...
556 1308 830 1397 interrogot...-
843 1333 893 1386 ιι,
912 1308 966 1374 3ι.
980 1308 1071 1373 Satis
1087 1315 1219 1373 constat
1234 1332 1274 1373 eo
1291 1331 1416 1396 pavore
1433 1309 1519 1373 ollu-

280 1439 355 1482 sum
369 1415 564 1497 Claudium,
579 1424 617 1481 ut
633 1415 818 1481 identidem
835 1416 1072 1504 interrogaret,
1092 1438 1135 1480 an
1151 1416 1222 1503 ipse
1235 1417 1367 1505 imperii
1384 1424 1517 1504 potens,

279 1548 322 1590 an
343 1524 447 1590 Silius
461 1524 615 1612 privatus
639 1531 740 1590 esset.
775 1562 819 1571 —
848 1547 898 1594 rr.
937 1524 990 1590 32.
1021 1522 1178 1611 Vndique
1206 1525 1316 1590 nuntii
1344 1523 1518 1603 incedunt,

279 1632 338 1720 qui
390 1655 495 1717 gnara
547 1631 690 1696 (ilaudio
736 1638 859 1697 cuncta
901 1639 934 1695 et
985 1631 1099 1695 venire
1150 1638 1347 1719 promptum
1398 1629 1521 1695 ultioni

279 1738 461 1805 adferrent.
494 1778 537 1787 -
570 1763 620 1810 11,
646 1738 699 1803 33.
725 1738 972 1825 Trepidabatur
992 1737 1098 1801 nihilo
1123 1738 1236 1802 minus
1257 1738 1299 1802 ad
1314 1739 1517 1818 Caesarcm3

279 1847 445 1935 quippe...
477 1845 699 1912 Narcissus...
729 1869 796 1910 non
826 1845 926 1910 aliam
962 1867 1057 1933 spem
1094 1845 1338 1910 incolumitatis
1368 1843 1521 1910 Caesaris

280 1954 456 2028 adlirmat,
495 1954 653 2041 quamsi
691 1953 744 2016 ius
783 1952 930 2018 militum
973 1975 1040 2016 uno
1088 1950 1146 2015 illo
1185 1952 1239 2017 die
1290 1954 1325 2017 in
1372 1952 1519 2040 aliquem

280 2059 478 2125 libertorum
500 2059 738 2126 transferret...
755 2097 798 2108 --
825 2084 875 2138 ιι,
896 2060 950 2137 34.
976 2059 1046 2123 lam
1073 2066 1145 2124 erat
1171 2059 1205 2122 in
1222 2067 1361 2146 aspectu
1387 2059 1519 2125 Messa-

281 2168 391 2234 lina...
409 2167 619 2255 (Narcissus)
630 2165 807 2231 codicillos
821 2165 1002 2231 libidinum
1014 2165 1142 2231 indices
1163 2165 1314 2242 tradidit,
1332 2168 1409 2255 quis
1425 2168 1519 2231 visus

282 2275 436 2340 Caesaris
450 2282 630 2339 averteret.
641 2312 682 2326 -
704 2299 754 2351 ιι,
769 2273 823 2338 35.
841 2273 966 2337 Mirum
981 2274 1069 2339 inter
1085 2273 1167 2338 baec
1183 2272 1355 2338 silentium
1372 2273 1517 2342 Claudii.

281 2421 324 2430 —
340 2406 389 2459 ιι,
408 2381 461 2447 36.
474 2381 691 2447 Commotum
705 2381 900 2469 (Mnesteris
915 2380 1043 2469 verbis)
1059 2388 1093 2446 et
1103 2404 1247 2468 pronum
1269 2381 1311 2445 ad
1333 2381 1523 2446 misericor·

280 2488 371 2554 diam
387 2488 566 2555 Caesarem
587 2488 763 2577 perpulere
784 2488 1011 2568 libertino...
1033 2487 1192 2553 histrioni
1213 2488 1458 2553 consuleretur.
1476 2527 1520 2538 -

286 2620 335 2675 ιι,
355 2598 408 2686 37.
427 2596 591 2661 Claudius
606 2596 744 2661 domum
773 2618 948 2683 regressus
972 2602 1006 2661 et
1025 2596 1238 2683 tempestivis
1259 2595 1367 2684 epulis
1394 2595 1520 2661 deleni-

282 2711 348 2785 tus,
372 2702 429 2768 ubi
443 2704 522 2768 vino
537 2703 690 2784 incaluit,
709 2702 748 2767 iri
764 2702 858 2768 iubet
877 2703 1094 2790 nuntiarique
1110 2704 1251 2767 miserae
1271 2702 1517 2790 (Messalinae).

282 2811 343 2877 hoc
372 2811 462 2876 enim
487 2810 591 2876 verbo
606 2834 705 2877 usum
722 2809 847 2880 lerunt.
877 2809 1055 2874 dicendam
1084 2810 1127 2874 ad
1142 2832 1279 2874 oausam
1303 2817 1437 2897 postera
1463 2810 1517 2875 die

281 2919 426 2985 adesset.
440 2959 483 2968 —
502 2944 551 2998 ιι,
571 2918 623 2984 38.
642 2918 911 3005 Nuntiatumque
926 2917 1068 2982 Claudio
1084 2916 1235 3004 epulanti
1247 2918 1374 3004 perisse
1388 2917 1518 2983 Messa-

281 3026 399 3106 linam,
430 3049 497 3090 non
526 3025 686 3090 distincto
718 3048 779 3089 sua
805 3048 848 3088 an
882 3023 990 3088 aliena
1023 3046 1136 3088 manu.
1166 3023 1235 3088 Neo
1270 3023 1327 3088 ille
1352 3024 1520 3113 quaesivit

281 3134 502 3221 poposcitque
531 3132 691 3221 poculum
716 3140 750 3199 et
778 3131 878 3197 solita
907 3131 1063 3196 convivio
1098 3130 1294 3197 celebravit.
1326 3169 1368 3181 -
1397 3155 1448 3207 ra,
1490 3157 1516 3198 ι.

282 3240 394 3306 Caede
409 3239 613 3305 Messalinae
632 3239 795 3304 convulsa
825 3238 989 3326 principis
1013 3237 1147 3318 domus,
1173 3245 1247 3303 orto
1270 3237 1360 3326 apud
1380 3238 1520 3304 libertos

281 3349 476 3427 certamine,
498 3348 575 3437 quis
588 3346 752 3433 deligeret
784 3369 925 3411 uxorem
952 3344 1108 3423 Claudio,
1126 3344 1264 3410 caelibis
1289 3346 1378 3410 vitae
1396 3344 1520 3410 intole-

282 3455 370 3522 ranti
394 3464 428 3522 et
447 3456 629 3541 coniugum
649 3453 799 3541 imperiis
814 3452 973 3518 obnoxio.
999 3491 1043 3502 -
1071 3476 1119 3532 ιι,
1151 3451 1169 3515 3
1199 3451 1419 3540 (Agrippina)
1436 3474 1520 3539 nup-

282 3564 387 3630 tias...
415 3562 568 3637 Domitii,
590 3585 691 3650 quern
712 3583 755 3625 ex
776 3560 838 3627 Cn.
857 3558 1087 3625 Ahenobarbo
1106 3567 1281 3645 genuerat,
1306 3567 1339 3624 et
1360 3558 1521 3625 Octaviae

284 3670 439 3736 Caesaris
455 3670 542 3735 filiae
559 3668 692 3747 moliri;
718 3668 810 3756 quod
831 3668 903 3732 sine
924 3666 1051 3731 scelere
1080 3665 1264 3754 perpetrari
1283 3688 1351 3731 non
1376 3673 1520 3754 poterat,

283 3779 360 3866 quia
395 3778 435 3843 L.
472 3776 588 3843 Silano
626 3773 854 3864 desponderat
892 3774 1068 3841 Octaviam
1107 3773 1271 3839 Caesar...
1313 3810 1356 3822 -
1401 3796 1450 3855 12,
1487 3776 1519 3851 ά.

284 3883 437 3971 (Vitellio
474 3883 628 3950 Silanum
665 3881 855 3967 accusanti)
897 3880 1081 3968 praebebat
1123 3879 1247 3944 Caesar
1291 3903 1400 3955 aures,
1435 3881 1523 3946 acci·

282 3991 414 4081 piendis
434 3990 598 4056 adversus
625 4011 789 4075 generum
818 3987 1070 4076 suspicionibus
1097 3988 1237 4053 caritate
1266 3986 1355 4052 liliae
1387 4010 1523 4076 promp-

238 4155 241 4163 .
285 4100 390 4165 tior...
437 4098 616 4163 Silanus...
661 4096 778 4161 ordine
820 4095 988 4161 senatorio
1030 4101 1243 4176 movetur...,
1272 4095 1374 4160 simul
1403 4095 1523 4161 adfini·

283 4215 387 4273 tatem
429 4204 592 4270 Claudius
638 4204 785 4269 diremit.
828 4242 871 4252 -
921 4226 974 4279 12,
1019 4204 1049 4268 5.
1093 4202 1235 4268 Pactum
1280 4203 1369 4268 inter
1413 4202 1522 4268 Clau·

284 4314 377 4379 dium
395 4321 430 4378 et
448 4311 673 4400 Agrippinam
697 4310 951 4376 matrimonium
974 4310 1040 4374 iam
1061 4308 1162 4388 lama,
1181 4310 1246 4374 iam
1261 4332 1375 4375 amore
1394 4309 1523 4376 inlicito

285 4420 521 4486 lirmabatur...
553 4418 624 4505 (L.)
648 4417 849 4485 Vitellius..
875 4424 1093 4504 percontatus
1127 4416 1318 4496 Caesarem,
1346 4440 1390 4481 an
1423 4417 1524 4483 iussis

286 4527 413 4616 populi,
434 4550 477 4591 an
505 4526 697 4591 auctoritati
726 4532 864 4591 senatus
897 4524 1044 4591 cederet.
1070 4562 1105 4574 -
1133 4548 1229 4612 ra,7.
1261 4523 1361 4588 Haud
1387 4523 1523 4590 deluere

285 4637 342 4725 qui
356 4636 523 4714 certatim,
540 4635 569 4698 si
582 4642 797 4699 cunctaretur
812 4631 948 4712 Caesar,
966 4632 1000 4696 vi
1016 4640 1150 4697 acturos
1173 4631 1393 4697 testilicantes
1413 4655 1524 4697 erum-

285 4750 402 4830 perent
418 4742 526 4809 curia.
549 4741 642 4807 .Neo
668 4740 832 4806 Claudius
847 4739 937 4805 ultra
958 4746 1196 4827 exspectato...
1226 4738 1388 4826 (senatus)
1409 4739 1524 4805 deere-

277 4985 286 5021 ¹
303 4986 409 5037 llil-ter²
426 5002 432 5037 :
454 4984 541 5035 Simul
558 4983 692 5034 Claudius
705 4982 885 5047 Cleopatram.

350 5195 1150 5559 fx..
