3709 6234
350 815 402 872 2¹8
831 821 1010 874 canituris
1028 822 1146 876 fi'scs's

351 959 607 1030 CORNELIVS
629 960 915 1034 DOLABELLI.
940 962 1213 1030 DOLABELLA
1227 979 1236 1012 ¹
1252 1003 1296 1016 -
1317 965 1345 1046 1,
1375 964 1431 1033 88.
1453 963 1632 1054 Sepositus

396 1093 454 1160 per
463 1094 521 1135 eos
534 1071 606 1136 dies
615 1069 792 1139 Cornelius
801 1070 975 1136 Dolabella
991 1073 1026 1137 in
1040 1072 1208 1140 coloniam
1221 1074 1484 1163 Aquinatem...
1495 1072 1632 1140 nullum

394 1179 437 1244 ob
456 1179 596 1248 crimen.
614 1179 673 1245 sed
685 1189 819 1247 vetusto
835 1181 971 1245 nomine
985 1188 1017 1245 et
1042 1183 1292 1270 propinquitate
1315 1181 1445 1246 Galbae
1460 1189 1632 1249 monstra·

395 1295 460 1354 tus.
477 1325 522 1338 -
534 1287 577 1354 ll.
593 1287 648 1352 63.
666 1287 732 1353 Sed
757 1288 956 1354 vitellius...
979 1288 1086 1355 occidi
1104 1288 1316 1355 Dolabellam
1335 1289 1447 1360 iussit.
1467 1311 1569 1378 quem
1593 1288 1630 1356 in

395 1395 560 1460 coloniam
573 1397 778 1484 Aquinatem
799 1397 985 1484 sepositum
1008 1396 1050 1461 ab
1066 1397 1200 1464 Othone
1228 1397 1434 1466 rettulimus,
1451 1394 1630 1466 Dolabella

396 1503 508 1571 audita.
520 1514 626 1570 morte
643 1504 787 1568 Dthonis
802 1504 919 1571 urbem
934 1505 1121 1570 introierat.
1137 1504 1176 1570 Id
1186 1506 1216 1571 ei
1233 1505 1392 1571 Plancius
1413 1505 1520 1570 I'arus
1533 1527 1631 1594 prae-

396 1619 466 1678 tura
483 1613 630 1690 Iunctus,
647 1635 688 1676 ex
716 1611 844 1676 Intimis
873 1611 1069 1678 Dolabellae
1088 1613 1218 1690 amicis,
1245 1612 1335 1702 apud
1351 1612 1506 1679 Flavium
1523 1609 1631 1678 Sabi-

395 1743 474 1784 num
490 1718 694 1806 praelectum
710 1718 803 1784 urbis
823 1719 958 1790 obiecit.
976 1728 1150 1808 tamquam
1165 1729 1265 1808 rupta
1280 1719 1434 1786 custodia
1452 1720 1574 1785 ducem
1593 1743 1631 1784 se

396 1828 493 1892 victis
520 1827 672 1915 partibus
700 1836 945 1894 ostentasset...
966 1865 1006 1877 -
1029 1827 1073 1896 ll.
1089 1828 1144 1905 tit.
1168 1829 1276 1914 Igitur
1296 1827 1454 1894 l'itellius
1479 1835 1631 1902 metuet

395 1936 485 2014 odio,
500 1935 590 2024 quod
604 1935 796 2000 Petroniam
805 1958 945 2002 uxorem
958 1936 1032 2000 eius
1045 1959 1124 2000 mox
1141 1935 1316 2002 Dolabella
1328 1937 1363 2000 in
1376 1935 1629 2000 matrimonium

396 2045 591 2130 accepisset.
610 2051 766 2109 vocatum
782 2066 841 2131 per
855 2042 1061 2130 epistulas...
1077 2044 1252 2109 devertere
1279 2042 1508 2109 Interamnam
1527 2051 1630 2132 atque

396 2151 440 2215 ibi
472 2152 617 2216 intertici
650 2151 759 2216 iussit.
799 2151 955 2239 Longum
989 2151 1197 2218 interfectori
1227 2152 1338 2216 visum
1357 2151 1417 2216 :in
1444 2149 1563 2215 itinere
1591 2173 1630 2216 ac

397 2259 533 2325 taberna
550 2261 738 2347 proiectum
754 2258 847 2323 humi
865 2259 1073 2346 iugulavit...

352 2366 606 2434 CORNELIVS
625 2367 840 2433 FLACCI'S.
862 2403 907 2417 -
931 2367 982 2448 13,
1004 2367 1059 2455 39.
1074 2367 1208 2432 llinora
1219 2364 1376 2454 (castella
1399 2364 1629 2431 exscindenda

396 2475 555 2540 Corbulo·
576 2473 732 2539 Cornelio
756 2474 876 2538 Flacco
900 2474 1012 2560 legato
1037 2483 1071 2540 et
1100 2475 1226 2540 Insteio
1246 2473 1405 2562 Capitoni
1432 2479 1626 2540 castrorum

396 2582 564 2670 praelecto
580 2581 730 2646 mandat.

352 2688 606 2756 CORNELIVS
630 2688 809 2758 FI'SCI'S.
828 2689 1031 2755 l‘i'sel'se
1055 2727 1096 2739 —
1115 2689 1158 2759 ll.
1188 2687 1242 2755 86.
1265 2689 1426 2777 Tampius
1446 2688 1629 2756 Flavianus

398 2797 618 2864 Pannoniam.
656 2796 836 2884 l'ompeius
866 2795 1027 2862 Silvanus
1061 2796 1265 2861 Dalmatiam
1303 2795 1476 2872 tenebant,
1505 2795 1629 2861 divites

396 2927 505 2970 senes.
530 2904 596 2968 Sed
619 2911 816 2990 procurator
837 2903 953 2969 aderat
983 2902 1163 2972 Cornelius
1187 2904 1329 2974 Fuscus.
1354 2902 1474 2990 rigens
1503 2911 1626 2980 aetate,

395 3012 494 3076 claris
532 3010 717 3091 natalibus;
754 3011 861 3098 prima
891 3013 1028 3077 iuventa
1066 3012 1199 3101 inquies
1228 3010 1386 3098 cupidine
1419 3011 1628 3078 senatorium

394 3119 547 3184 ordinem
563 3128 712 3185 exuerat.
732 3118 825 3184 Idem
835 3144 895 3207 pro
912 3120 1020 3184 Galba
1037 3119 1106 3184 dux
1119 3119 1270 3184 coloniae
1295 3142 1388 3198 suae,
1406 3141 1513 3207 eaque
1525 3140 1627 3206 opera

395 3228 666 3317 procurationem
687 3226 841 3315 adeptus,
860 3228 1028 3315 susceptis
1043 3228 1241 3314 Vespasiani
1262 3226 1416 3315 partibus
1430 3227 1628 3292 acerrimam

397 3335 485 3400 bello
507 3336 612 3401 lacem
634 3335 790 3423 praetulit
809 3356 815 3404 :
835 3359 902 3400 non
923 3343 990 3400 tam
1006 3336 1166 3423 praemiis
1181 3333 1409 3423 periculorum
1428 3357 1530 3423 quem
1545 3333 1629 3421 ipsis

396 3452 556 3541 periculis
576 3453 728 3519 lactus...
745 3490 790 3502 -
813 3452 872 3522 Ill.
896 3455 927 3530 t.
948 3453 1105 3516 Proxima
1120 3453 1276 3536 (Antonii
1294 3452 1396 3515 I‘rinri
1419 3450 1629 3536 auctoritati)

396 3560 542 3626 Cornelii
568 3560 668 3624 Fusci
689 3560 917 3648 procuratoris
933 3559 1129 3624 auctoritas.
1149 3559 1180 3622 Is
1193 3581 1327 3646 quoque
1354 3557 1574 3622 inclementer
1592 3557 1627 3621 in

398 3668 570 3733 Vitellium
594 3667 706 3732 invehi
733 3666 853 3732 solitus
871 3666 954 3730 nihil
969 3667 1038 3755 spei
1062 3666 1125 3729 sibi
1141 3667 1228 3731 inter
1247 3666 1388 3730 adversa
1403 3664 1625 3753 reIIquerat...

399 3778 519 3840 lterum
536 3799 698 3839 novarum
713 3775 834 3862 cupido
851 3775 1043 3861 (Tampium
1056 3774 1253 3839 Flavianum
1270 3773 1476 3860 legatum)...
1494 3771 1628 3837 misceri

397 3883 553 3946 cis-ilibus
575 3884 676 3944 annis
704 3881 895 3970 impulerat,
931 3881 1094 3946 suadente
1125 3880 1281 3947 Cornelio
1303 3881 1424 3960 Fusco,
1452 3903 1520 3944 nnn
1549 3879 1628 3968 quia

398 3990 560 4054 industria
581 3989 729 4053 Flaviani
745 3988 877 4070 repebat.
904 3990 963 4052 scd
986 3996 1023 4053 ut
1047 3988 1225 4054 consulare
1256 4012 1380 4055 nomen
1409 3986 1628 4076 surgentibus

397 4097 635 4162 cummaxime
657 4095 808 4182 partibus
825 4096 965 4160 honesta
981 4097 1093 4184 specie
1109 4098 1397 4184 praetenderetur.
1419 4135 1461 4146 —
1483 4095 1543 4174 lll,
1575 4118 1625 4161 ra.

397 4204 544 4288 Classis(
551 4204 741 4276 ltarennas,
763 4202 958 4267 Cornelium
987 4205 1133 4267 Fuscum
1148 4205 1355 4291 praesectum
1382 4205 1448 4270 sibi
1464 4203 1626 4276 destinat,

397 4313 455 4400 qui
471 4333 611 4400 propere
626 4311 786 4375 adcurrit.
807 4349 848 4359 -
877 4308 937 4379 ΙΙΙ.
959 4315 1009 4388 la.
1030 4312 1189 4398 Digresso
1205 4313 1339 4398 (Fabio)
1360 4312 1504 4378 Valente.
1524 4309 1628 4398 trepi-

396 4421 471 4496 dos,
497 4423 555 4506 qui
572 4418 764 4482 Ariminum
779 4416 953 4499 tenebant,
977 4418 1155 4482 Cornelius
1175 4421 1345 4487 Fuscus...
1364 4427 1452 4485 terra
1476 4417 1627 4504 marique

396 4527 628 4592 circumvenit.
646 4565 689 4575 —
706 4526 765 4605 lll,
790 4525 844 4591 66.
865 4525 909 4591 l't
923 4527 1067 4615 quisque
1085 4526 1220 4591 l'itellio
1241 4525 1340 4604 lidus.
1369 4526 1414 4590 ita
1444 4545 1561 4611 paoem
1594 4529 1628 4587 et

395 4634 610 4698 condiciones
625 4633 860 4700 abnuebant...
880 4660 894 4688 a
915 4633 1055 4699 Fabium
1072 4634 1112 4722 (F
1116 4634 1273 4721 Iasionis)
1294 4632 1513 4698 Valentem...
1535 4651 1628 4719 prae·

384 4877 389 4908 ¹
409 4875 454 4926 Cn.
473 4876 614 4923 tlornclius
632 4874 780 4926 Dolabella.
796 4875 917 4932 Proser,
939 4874 1287 4938 ropi.Fi1ius,rrtridetur‚
1305 4874 1363 4921 eius
1381 4874 1427 4936 qui
1445 4874 1595 4936 praecedit.

382 4959 393 4992 ²
413 4955 533 5016 l'aosor..
549 4973 615 5019 ¹¹⁰7·
