3709 6234
734 888 847 941 notul
867 888 1005 941 rnatum
1455 883 1507 938 itt)

273 1057 289 1090 a
309 1028 447 1095 ...Titus
474 1029 600 1102 Livius.
631 1027 844 1117 eloquentiae
870 1052 908 1092 ac
926 1028 1005 1093 fidei
1028 1028 1219 1115 praeclarus
1238 1028 1273 1093 in
1289 1028 1419 1115 primis,
1443 1027 1506 1094 Cn.

272 1136 470 1225 Pompeium
499 1137 604 1202 tantis
624 1135 782 1201 laudibus
802 1135 892 1206 tulit.
912 1144 950 1200 ut
975 1136 1218 1223 Pompeianum
1240 1159 1315 1200 eum
1330 1137 1508 1222 Augustus

273 1242 475 1330 appellaret;
493 1267 602 1332 neque
613 1244 647 1307 id
659 1244 825 1309 amicitiae
836 1266 952 1307 eorum
962 1243 1084 1307 ollecit.
1098 1242 1302 1331 Scipionem.
1316 1242 1506 1320 Afranium,

272 1349 361 1415 hunc
377 1351 489 1438 ipsum
504 1351 672 1431 Cassium,
699 1351 787 1415 hunc
811 1352 954 1415 Brutum
981 1372 1165 1437 numquam
1186 1350 1334 1414 latrones
1354 1358 1387 1414 et
1402 1350 1508 1436 parri-

272 1458 377 1540 cidaS,
397 1459 575 1546 ...saepius
589 1467 626 1523 ut
646 1458 797 1544 insignes
807 1458 898 1521 viros
911 1457 1104 1522 nominat...
1131 1485 1146 1516 a
1167 1496 1198 1507 —
1220 1462 1260 1522 Α.
1285 1482 1333 1522 ro.
1353 1457 1508 1521 Formam

274 1565 379 1630 totius
392 1565 586 1631 Britanniae
598 1565 732 1630 Livius¹
748 1574 912 1640 veterum,
932 1564 1056 1629 Fabius
1073 1565 1231 1629 llusticus
1246 1566 1431 1629 recentium
1443 1565 1510 1630 elo-

272 1673 488 1762 quentissimi
509 1681 663 1738 auctores
677 1672 843 1760 oblongae
859 1672 1011 1737 scutulae
1027 1672 1080 1737 vel
1099 1672 1235 1760 bipenni
1251 1671 1507 1739 adsimulavere.

227 1780 289 1869 (M.
307 1779 471 1868 LIVIVS)
489 1780 677 1856 lllll'SVS,
699 1806 732 1846 v.
750 1780 924 1845 ltavsvs
939 1780 1018 1866 (Α).

230 1887 378 1954 LOCRl.
402 1927 444 1937 -
460 1888 499 1952 F.
522 1891 554 1953 8.
574 1888 742 1972 (Locri...,
758 1888 815 1976 qui
830 1889 924 1953 iuxta
938 1886 1087 1975 Delphos
1102 1889 1230 1966 colunt,
1243 1889 1364 1955 Ozolae
1385 1913 1511 1955 nuncu-

274 2004 438 2083 pantur...
454 1994 519 2074 Qui
531 2002 645 2060 autem
662 1994 802 2081 Lybiam
818 1994 922 2059 delati
950 2004 1039 2072 sunt,
1060 1995 1268 2061 Nasamones
1284 1996 1509 2084 appellantur,

273 2111 311 2168 ut
330 2102 507 2169 Cornelius
520 2103 655 2167 Tacitus
672 2103 785 2184 refert,
809 2102 942 2166 oriundi
964 2127 982 2166 a
1003 2101 1183 2188 Naryciis).

231 2208 471 2276 LOCVSTA2.
490 2249 533 2260 -
552 2234 603 2290 12,
621 2209 675 2275 66.
694 2209 862 2297 Deligitur
876 2209 934 2295 (ab
958 2211 1162 2298 Agrippina)
1184 2212 1303 2276 artifex
1320 2213 1438 2278 talium
1451 2236 1512 2276 vo-

275 2316 396 2383 cabulo
413 2317 570 2395 Locusta,
592 2341 700 2405 nuper
713 2317 866 2381 veneticii
886 2318 1043 2381 damnata
1059 2326 1091 2382 et
1108 2318 1165 2384 diu
1181 2320 1268 2384 inter
1288 2321 1511 2385 instrumenta

275 2425 370 2512 regni
386 2424 512 2491 habita.
530 2425 612 2490 Eius
628 2424 779 2490 mulieris
794 2425 929 2510 ingenio
959 2432 1115 2512 paratum
1134 2426 1306 2510 (Claudio)
1334 2428 1439 2491 virus.
1469 2466 1513 2476 --

280 2533 330 2604 13,
354 2534 402 2597 ι5.
426 2532 580 2598 Parari...
596 2555 764 2597 venenum
780 2532 989 2616 (Britannico
1004 2532 1106 2620 Nero)
1137 2531 1229 2598 iubet
1253 2534 1407 2598 ministro
1436 2534 1513 2598 Pol-

275 2638 365 2705 lione
381 2638 524 2708 lulio....
555 2641 651 2704 cuius
678 2663 757 2704 cura
785 2640 992 2704 attinebatur
1013 2640 1171 2705 damnata
1202 2642 1353 2706 renelicii
1379 2642 1512 2706 nomine

277 2746 434 2823 Locusta,
453 2746 558 2812 multa
579 2748 743 2812 scelerum
764 2747 864 2811 lama.

232 2853 398 2918 LttLLlA
423 2853 638 2922 PAVLINA.
657 2854 849 2920 latttlnt
872 2890 911 2903 -
935 2878 983 2930 12,
1008 2878 1034 2920 r.
1053 2855 1154 2941 (Cum
1170 2879 1254 2920 uxor
1270 2855 1412 2921 Claudio
1428 2858 1512 2923 deli-

276 2961 387 3046 genda
421 2963 538 3047 esset),
573 2963 720 3026 maxime
755 2960 988 3048 ambigebatur
1029 2961 1116 3027 inter
1155 2962 1296 3027 Lolliam
1336 2965 1512 3029 Paulinam

278 3067 325 3132 M.
351 3067 450 3132 Lollii
476 3068 664 3134 consularis
691 3077 724 3133 et
748 3067 868 3132 luliam
883 3068 1109 3155 Agrippinam
1125 3071 1326 3135 Germanico
1343 3073 1511 3158 genitam;

276 3175 355 3240 huic
390 3175 515 3256 Pallas,
547 3175 597 3239 illi
626 3176 791 3241 Callistus
814 3175 964 3240 lautores
994 3175 1146 3242 aderant.
1170 3215 1210 3227 -
1231 3202 1282 3250 12.
1302 3203 1332 3244 2.
1352 3178 1514 3244 Callistus

279 3282 537 3372 (disserebatl...
575 3283 717 3369 longe...
751 3282 876 3347 rectius
905 3282 1049 3348 Lolliam
1084 3284 1208 3357 induci.
1245 3286 1381 3372 quando
1402 3286 1514 3351 nullos

277 3390 403 3456 liberos
440 3392 629 3478 genuisset,
644 3413 785 3455 vacuam
801 3390 1025 3455 aemulatione
1041 3399 1074 3455 et
1092 3391 1256 3478 privignis
1275 3395 1424 3479 parentis
1439 3393 1513 3458 locu

278 3497 435 3564 luturam.
459 3538 501 3547 —
536 3523 584 3578 12,
621 3523 673 3563 22.
697 3499 807 3562 Atrox
844 3497 912 3561 edii
932 3499 1121 3585 Agrippina
1149 3521 1187 3562 ac
1219 3498 1344 3563 Lolliae
1369 3500 1511 3578 intensa,

276 3605 367 3694 quod
397 3628 512 3671 secum
538 3606 579 3669 de
614 3605 828 3669 matrimonio
862 3604 1025 3692 principis
1049 3605 1260 3680 certavisset,
1283 3607 1421 3671 molitur
1449 3608 1514 3671 cri-

277 3714 368 3778 mina
388 3722 420 3779 et
434 3722 705 3778 accusatorem...
724 3711 887 3778 Claudius
897 3712 1048 3777 inaudita
1064 3735 1119 3777 rea
1130 3712 1237 3778 multa
1257 3714 1297 3778 de
1313 3713 1512 3780 claritudine

276 3823 349 3886 eius
361 3821 451 3909 apud
470 3830 625 3886 senatum
641 3820 823 3907 praelatus.
842 3844 956 3885 sorore
971 3822 1008 3885 L.
1027 3820 1158 3885 Volusii
1173 3823 1333 3908 genitam,
1352 3824 1512 3889 maiorem

276 3931 307 3994 ei
321 3938 478 4016 patruum
502 3928 636 3992 Cottam
668 3926 887 3991 Messalinum
914 3951 1000 4005 esse,
1016 3928 1177 3992 Memmio
1196 3929 1365 4017 quondam
1383 3931 1512 4018 ltegulo

278 4044 431 4125 nuptam,
454 4059 531 4100 nam
553 4034 593 4098 de
610 4034 648 4099 C.
668 4034 823 4098 Caesaris
843 4036 971 4122 nuptiis
998 4035 1153 4100 consulto
1179 4036 1383 4103 reticebat...
1396 4060 1402 4114 ;
1417 4040 1511 4126 proin

277 4142 458 4232 publicatis
484 4141 583 4206 bonis
616 4141 749 4206 cederet
767 4142 902 4208 ltalia...
928 4144 964 4207 ln
978 4143 1119 4207 Lolliam
1139 4144 1284 4209 mittitur
1304 4145 1471 4218 tribunus.
1495 4171 1512 4211 a

277 4275 345 4339 quo
367 4250 410 4315 ad
422 4257 564 4314 mortem
586 4249 789 4335 adigeretur.
808 4287 849 4298 -
871 4252 920 4327 rt,
955 4274 1006 4315 12.
1029 4251 1128 4336 (Post
1148 4251 1284 4315 caedem
1306 4253 1513 4342 Agrippinae

278 4357 383 4442 Nero)
404 4356 530 4422 Lolliae
564 4356 725 4421 Paulinae
754 4356 884 4422 cineres
912 4358 1076 4445 reportari
1106 4357 1364 4448 sepulcrumque
1384 4363 1513 4427 exstrui

278 4465 443 4553 permisit.

266 4699 274 4733 ¹
290 4698 398 4746 Ritter:
417 4698 445 4747 Τ.
463 4697 568 4750 Livius.
588 4698 780 4745 concinnitatis
798 4712 889 4747 causa.

265 4778 415 4833 ²Paosnr..
435 4777 489 4826 303.
506 4805 534 4813 -
559 4778 642 4825 lilebs
665 4779 840 4826 scribendum
858 4781 953 4827 censet
974 4779 1110 4827 Lucusta:
1130 4778 1201 4827 asic
1215 4783 1287 4828 recte
1305 4782 1423 4829 traditur
1440 4781 1512 4843 apud

233 4859 392 4907 Suetonium
402 4862 428 4906 et
439 4859 562 4908 Dionem.
578 4861 641 4907 item
660 4860 686 4907 in
702 4860 812 4908 scholiis
827 4860 972 4911 luvenalis.
990 4859 1058 4907 rnale
1071 4859 1131 4908 too.
1143 4860 1216 4922 apud
1229 4861 1364 4911 Tacitum.
1379 4861 1515 4910 Iuvenalis

232 4940 295 4988 libri
307 4940 422 4988 variant.
441 4956 454 4984 ι

265 5019 277 5054 ³
294 5019 417 5080 l‘nosor·.,
432 5029 487 5077 ψ.
