3709 6234
816 877 1000 930 ClllllSTlhlll
1501 875 1549 930 191

312 1013 442 1079 colunt.
459 1039 546 1092 -2,
569 1018 623 1094 dd·
644 1016 748 1082 Suebi
764 1018 1075 1105 praetendebantur
1100 1018 1133 1105 (a
1160 1016 1308 1097 Tiberio,
1330 1025 1368 1083 ut
1400 1018 1548 1083 Drusum

314 1121 349 1185 in
370 1120 543 1209 Illyricum
568 1124 731 1210 mitteret)
759 1125 925 1190 auxilium
950 1126 1115 1190 adversus
1130 1125 1321 1190 Cheruscos
1342 1132 1489 1191 orantes.
1508 1163 1551 1173 —

316 1252 346 1308 a,
366 1231 421 1307 45.
445 1228 609 1296 Cherusci
625 1232 776 1320 sociique
803 1256 932 1312 eorum,
951 1240 1049 1298 vetus
1064 1232 1212 1296 Arminii
1232 1230 1343 1310 miles,
1374 1255 1550 1319 sumpsere

316 1333 455 1400 bellurn.
465 1385 487 1402 ..
504 1375 546 1387 -
563 1361 595 1418 a,
613 1337 667 1414 46.
682 1337 955 1405 Maroboduus...
966 1339 1218 1426 Inguiomerum
1232 1346 1351 1404 tenens
1364 1337 1423 1402 illo
1435 1339 1469 1403 in
1480 1362 1552 1403 cor·

314 1465 394 1530 porc
409 1443 513 1508 decus
532 1468 631 1510 omne
652 1444 944 1513 Cheruscorum...
962 1446 1194 1513 testabatur...
1208 1447 1385 1511 Exercitus
1396 1446 1552 1534 propriae

315 1571 449 1638 quoque
463 1573 586 1617 causae
601 1552 836 1630 stimulabant,
847 1577 924 1618 cum
940 1577 959 1618 a
976 1553 1156 1621 Cheruscis
1177 1553 1477 1643 Langobardisque
1492 1577 1552 1642 pro

315 1656 455 1744 antiquo
478 1658 598 1724 decore
619 1666 678 1724 aut
703 1661 829 1725 recenti
855 1661 1052 1727 libertate...
1077 1667 1304 1727 certaretur...
1338 1662 1552 1748 Responsum

315 1771 368 1828 est
384 1765 416 1850 (a
437 1765 570 1831 Tiberio
590 1766 713 1854 legatis
737 1766 957 1854 Marobodui)
976 1791 1043 1832 non
1065 1768 1136 1833 iure
1157 1790 1234 1832 cum
1264 1767 1429 1833 adversus
1458 1767 1553 1833 Che—

315 1893 433 1937 ruscos
448 1897 541 1938 arma
554 1874 708 1940 Romana
729 1876 930 1942 invocare...
948 1913 990 1923 -
1006 1899 1057 1954 ιι,
1085 1874 1135 1944 ι6.
1159 1875 1288 1940 Eodem
1304 1898 1392 1940 anno
1409 1876 1555 1943 Cherus-

317 2000 433 2044 corum
457 2005 542 2068 gens
571 2005 685 2069 regem
711 1983 966 2070 Romapctivit.
985 2019 1029 2033 ·-
1048 2007 1099 2065 12,
1130 1983 1183 2048 28.
1213 1982 1360 2071 (Chatti)
1386 1992 1492 2065 metu,
1512 2006 1554 2048 ne

318 2086 395 2152 hinc
412 2088 597 2171 llomanus,
612 2090 873 2170 indeCherusci‚
887 2114 964 2157 cum
983 2092 1059 2179 quis
1072 2097 1247 2155 aeternum
1263 2089 1472 2170 discordant,
1491 2091 1555 2155 cir·

315 2196 656 2283 cumgrederentur...
674 2238 718 2248 —
736 2198 785 2265 13.
804 2198 858 2264 56.
877 2198 1173 2287 Ampsivariorum
1186 2220 1271 2284 gens
1290 2204 1381 2262 retro
1410 2197 1453 2262 ad
1473 2196 1553 2262 Vsi-

318 2325 379 2389 pos
403 2312 434 2370 et
456 2304 630 2370 Tubantes
650 2307 829 2372 concessit.
852 2306 1005 2384 Quorum
1035 2305 1134 2370 terris
1163 2305 1271 2370 exacti
1296 2327 1373 2369 cum
1398 2304 1553 2382 Chattos,

317 2420 395 2485 dein
410 2420 601 2486 Cheruscos
621 2424 828 2510 petissent...
849 2461 890 2471 -—
907 2427 947 2502 G,
965 2421 1019 2486 36.
1038 2420 1077 2486 ln
1097 2420 1202 2486 latere
1223 2420 1436 2487 Chaucorum
1452 2420 1557 2486 Chat·

227 2520 232 2526 ’
320 2535 500 2617 torumque
515 2529 679 2594 Cherusci
699 2530 840 2594 nimiam
856 2552 894 2595 ac
914 2536 1122 2594 marcentem
1142 2529 1201 2593 diu
1222 2551 1340 2616 pacem
1369 2527 1556 2593 inlacessiti

320 2637 554 2702 nutrierunt...
579 2636 628 2702 lta
644 2638 701 2725 qui
717 2637 799 2701 olim
823 2636 904 2701 boni
924 2636 1090 2724 aequique
1113 2634 1288 2712 Cherusci,
1311 2658 1400 2699 nunc
1428 2634 1554 2701 inertes

319 2767 356 2808 ac
371 2742 467 2809 stulti
486 2753 662 2821 vocantur,
686 2746 819 2810 Chattis
835 2743 1021 2809 victoribus
1041 2743 1176 2808 fortuna
1197 2743 1231 2807 in
1247 2743 1449 2830 sapientiam
1472 2765 1552 2807 ces-

319 2851 374 2915 sit.
392 2852 504 2917 Tracti
520 2852 616 2917 ruina
631 2853 880 2917 Cheruscorum
895 2860 930 2916 ct
940 2850 1018 2915 Fosi
1038 2850 1248 2915 contermina
1263 2872 1357 2937 gens.
1367 2902 1389 2917 ..

275 2955 520 3024 CHERVSCA
546 2957 708 3044 (adiret).
736 2996 780 3009 -
808 2982 859 3037 ιι,
887 2982 938 3045 17.
965 2956 1118 3045 (Italicus
1142 2956 1214 3041 rex)
1234 2955 1395 3043 pulsus...
1427 2979 1465 3021 ac
1484 2979 1556 3021 rur·

320 3087 378 3128 sus
394 3065 695 3152 Langobardorum
710 3066 832 3153 opibus
855 3065 1013 3145 relectus,
1039 3087 1099 3152 per
1132 3063 1221 3129 laeta
1244 3087 1304 3152 per
1337 3063 1478 3128 adversa
1499 3088 1553 3129 res

320 3172 511 3237 Cheruscas
525 3174 732 3240 adtlictabat.
752 3213 795 3222 —
817 3173 866 3256 13,
883 3174 937 3237 55.
953 3172 1123 3237 Aderat...
1146 3172 1259 3236 clarus
1273 3195 1332 3259 per
1344 3170 1420 3235 illas
1436 3180 1557 3258 gentes

320 3288 354 3344 et
374 3279 473 3344 nobis
488 3303 623 3369 quoquo
647 3280 734 3345 lidus
750 3281 885 3345 nominc
912 3278 1103 3357 Boiocalus,
1121 3279 1275 3346 vinctum
1305 3303 1339 3343 se
1369 3278 1552 3344 rebellione

321 3387 492 3453 Cherusca
512 3388 608 3452 iussu
619 3388 765 3453 Arminii
783 3388 974 3453 reserens...

277 3492 468 3560 CHOBVS.
488 3532 526 3546 -
546 3494 606 3575 ΙΙΙ,
628 3495 683 3572 48.
708 3495 863 3582 (Virdius
895 3495 1075 3583 Geminus)
1093 3494 1291 3583 adscquitur
1314 3493 1497 3559 Anicetum
1518 3494 1552 3558 in

322 3602 409 3666 ostio
429 3602 579 3666 {luminis
590 3601 699 3666 Chobi
716 3603 738 3684 ¹,
756 3611 868 3668 tutum
896 3602 960 3667 sub
988 3602 1255 3667 Sedochezorum
1276 3601 1366 3686 regis
1386 3599 1554 3667 auxilio..

278 3708 849 3790 ClllllSTlANl,CHlllSTVS.—
865 3712 915 3788 15,
934 3712 988 3786 44.
1007 3709 1083 3773 Νοιι
1095 3707 1281 3774 decedebat
1299 3707 1449 3781 infamia,
1474 3708 1556 3795 quin

323 3817 454 3880 iussum
473 3816 666 3881 incendium
678 3817 881 3882 crederetur.
900 3816 990 3902 lirgo
1012 3814 1179 3880 abolendo
1191 3814 1320 3879 rumori
1335 3813 1424 3879 Nero
1439 3814 1560 3880 subdi-

322 3923 373 3989 dit
383 3947 458 3988 reos
469 3933 502 3989 et
517 3924 779 4012 quaesitissimis
794 3925 912 4012 poenis
926 3923 1062 4005 adfecit,
1080 3946 1166 4011 quos
1185 3946 1245 4011 per
1269 3922 1396 4010 flagitia
1427 3921 1560 3987 invisos

321 4031 447 4119 vulgus
473 4031 687 4097 Christianos
715 4031 921 4120 appellabat.
967 4032 1098 4095 Auctor
1130 4030 1278 4095 nominis
1298 4028 1370 4094 eius
1400 4030 1559 4094 Christus

323 4139 457 4204 Tiberio
471 4139 687 4226 imperitante
697 4163 757 4228 per
781 4147 1032 4227 procuratorem
1050 4137 1209 4202 Pontium
1225 4136 1373 4203 Pilatum
1390 4136 1558 4225 supplicio

323 4246 476 4312 adlectus
490 4254 582 4326 erat,
600 4270 822 4336 repressaque
838 4248 872 4311 in
889 4269 1050 4334 praesens
1070 4243 1254 4309 exitiabilis
1277 4244 1472 4332 superstitio
1488 4268 1561 4309 rur·

325 4377 398 4418 sum
420 4354 629 4441 erumpebat,
652 4377 719 4419 non
738 4355 839 4419 modo
856 4377 915 4442 per
932 4354 1103 4434 Iudaeam,
1121 4352 1286 4439 originem
1300 4352 1372 4418 eius
1388 4350 1480 4432 mali,
1503 4351 1562 4417 sed

324 4493 383 4559 per
397 4468 514 4534 urbem
530 4471 643 4535 etiam.
668 4523 674 4537 .
698 4471 798 4537 Haud
813 4471 955 4559 proinde
976 4470 1168 4535 incrimine
1190 4468 1335 4534 incendii
1360 4491 1463 4556 quam
1483 4468 1561 4533 odio

325 4577 462 4642 humani
481 4578 616 4664 generis
637 4579 785 4645 convicti
806 4585 896 4643 sunt.
920 4577 965 4641 Et
985 4574 1207 4664 pereuntibus
1226 4574 1340 4639 addita
1370 4574 1559 4643 ludibria...

324 4721 365 4733 —
382 4686 422 4763 F,
438 4709 469 4751 2.
486 4685 572 4772 (Alii
588 4694 621 4750 et
641 4687 738 4752 Titus
753 4688 824 4775 ipse
845 4684 1067 4752 evertendum
1083 4682 1247 4770 inprimis
1262 4681 1428 4769 templum
1440 4706 1563 4748 cense-

312 4959 320 4993 ¹
341 4958 367 5011 Ι
383 4976 389 5009 :
405 4957 497 5008 rohibi
513 4959 552 5021 (ι’).
572 4956 645 5006 Corr.
669 4955 787 5006 Colcrus.
813 4956 852 5006 (ΙΙ.
883 4954 962 5012 l’lin.,
988 4954 1020 5004 ΙΙ.
1038 4953 1079 5004 Ν..
1102 4955 1125 5012 6,
1153 4961 1191 5012 ι4;
1209 4951 1326 5009 Arrium,
1356 4948 1462 5013 Peript.
1481 4946 1565 4998 Ponti

282 5038 361 5088 Huc..
380 5055 416 5087 ιο.
