3709 6234
285 854 334 906 l3t'r
837 854 1013 907 carmania

327 998 470 1062 mandua
493 1000 622 1084 regina)
652 997 796 1062 traditus
827 1005 889 1071 cst,
913 1021 1002 1060 nono
1027 1005 1103 1083 post
1124 1020 1224 1073 ιιιιιιιι,
1247 1019 1346 1084 ιμιιιιιι
1369 994 1495 1060 hellum
1529 994 1561 1059 iu

327 1107 498 1171 Britannia
517 1113 687 1193 coeptum.
710 1146 750 1153 -
778 1108 825 1181 rt.
852 1129 904 1191 ap.
930 1105 1116 1169 Caesennio
1138 1103 1241 1168 l'acto
1254 1110 1287 1168 ct
1305 1103 1463 1168 Petronio
1479 1101 1561 1166 'l'ur-

325 1214 451 1302 piliano
465 1211 662 1278 consulibus
682 1214 796 1299 grands
815 1211 929 1277 clades
949 1213 982 1275 in
1004 1211 1178 1276 Britannia
1205 1218 1355 1299 accepta,
1372 1210 1487 1297 inqua
1508 1231 1562 1272 ne-

325 1345 389 1411 que
412 1321 530 1385 llidius
552 1320 726 1406 legatus...
749 1320 813 1384 nisi
831 1328 924 1408 parta
946 1321 1131 1384 retinuerat
1150 1326 1183 1384 et
1209 1341 1384 1384 successor
1398 1316 1563 1382 Veranius

326 1428 465 1493 modieis
486 1426 684 1491 excursibus
698 1426 826 1492 Siluras
841 1426 1063 1515 populatus...
1078 1464 1123 1476 -
1142 1429 1191 1503 rt,
1213 1425 1267 1514 39.
1286 1425 1394 1512 Igitur
1408 1423 1451 1489 ad
1468 1446 1563 1512 spec-

327 1536 466 1602 tandum
482 1535 676 1600 Britanniae
693 1542 818 1600 statum
835 1535 959 1599 missus
975 1542 1027 1600 est.
1046 1557 1063 1598 e
1078 1533 1209 1599 libertis
1224 1532 1392 1620 (Neronis)
1411 1530 1562 1619 Polyeli-

326 1653 421 1709 tus...
438 1683 481 1692 —-
505 1642 555 1710 16.
575 1644 623 1707 15.
641 1640 717 1729 Μ.)
739 1640 894 1706 Ostorius
911 1640 1016 1707 multa
1032 1641 1169 1706 militari
1185 1640 1272 1705 lama
1292 1648 1326 1706 et
1340 1640 1482 1705 civicam
1501 1663 1564 1703 co·-

328 1774 443 1816 ronam
460 1749 549 1838 apud
565 1749 773 1813 Britanniam
789 1749 941 1814 meritus.
963 1787 1007 1799 -
1025 1749 1051 1823 l,
1076 1773 1106 1812 2.
1133 1747 1325 1813 Perdomita
1339 1748 1511 1812 Britannia
1532 1757 1562 1812 et

325 1859 439 1923 statim
457 1858 570 1921 missa.
599 1893 638 1906 -
658 1855 682 1923 l.
701 1856 732 1921 6.
758 1857 861 1920 l’lena
879 1857 960 1920 urbs
980 1858 1129 1921 exercitu
1145 1855 1294 1921 insolito.
1318 1855 1418 1921 Multi
1440 1856 1482 1920 ad
1503 1855 1564 1920 lmc

327 1967 456 2030 numeri
470 1990 486 2029 e
501 1965 681 2029 (frermania
696 1989 733 2028 ac
750 1965 921 2029 Britannia
933 1974 964 2028 et
983 1963 1128 2050 Illyrico,
1139 1987 1224 2052 quos
1237 1963 1326 2027 idem
1336 1963 1425 2028 Nero
1440 1963 1565 2028 clectos

326 2074 597 2163 praemissosque
633 2071 674 2135 ad
704 2071 849 2137 claustra
879 2073 1122 2159 tlaspiarum...
1158 2071 1390 2158 opprimendis
1411 2070 1563 2135 l'indicis

327 2182 454 2267 coeptis
486 2188 713 2245 revocaverat.
736 2219 779 2228 —
800 2180 825 2246 l.
851 2180 904 2245 52.
928 2179 1053 2243 labina·
1090 2178 1254 2244 l'alens...
1284 2178 1447 2265 instigare
1463 2178 1567 2243 l'itel·

328 2288 435 2354 lium:
456 2317 470 2344 ι
491 2286 658 2354 ...artiore
682 2287 967 2355 Britanniam...»
997 2323 1035 2333 -
1068 2285 1093 2361 l,
1116 2284 1170 2372 59.
1197 2285 1382 2349 Accessere
1413 2283 1566 2373 partibus

331 2394 527 2485 tritonii)...
548 2393 596 2458 Ne
611 2395 643 2458 in
665 2394 838 2459 Britannia
855 2393 993 2481 quidem
1009 2392 1213 2457 dubitatum.
1231 2430 1271 2444 —
1292 2391 1336 2470 ll,
1359 2417 1407 2456 ιι,
1436 2393 1566 2457 Praeci-

334 2505 392 2592 pui
419 2503 506 2567 laum
535 2500 823 2589 quartadecimani
854 2500 1037 2566 rebellione
1076 2500 1271 2566 Britanniae
1299 2522 1505 2589 compressu.
1527 2539 1569 2549 -

332 2612 374 2686 ll,
399 2636 451 2699 27.
476 2613 485 2670 t
493 2610 641 2673 loliortes
660 2610 875 2687 Batavorum,
894 2633 978 2698 quas
999 2607 1089 2673 bello
1108 2608 1252 2673 Neronis
1270 2633 1288 2672 a
1305 2607 1567 2697 quartadecima

331 2718 463 2804 legione
478 2716 658 2803 digressas.
670 2740 744 2781 cum
764 2718 971 2782 Britanniam
986 2724 1149 2804 peterent,
1167 2717 1282 2782 audito
1294 2716 1421 2782 l'itellii
1431 2725 1568 2783 motu...

335 2825 438 2888 l'abio
461 2823 593 2889 t'alenti
619 2823 796 2905 adiunctas
827 2824 1060 2891 rettulimus...
1083 2823 1185 2903 -ll,
1204 2824 1258 2890 65.
1276 2823 1478 2911 (Trebellius
1500 2824 1571 2888 Μιι-

336 2933 461 3016 ximns)
478 2931 672 3018 profugerat
695 2933 866 2997 Britannia
882 2932 925 2996 ob
946 2932 1152 2996 iracundiam
1175 2931 1346 3011 militum3
1370 2932 1494 2995 missus
1519 2943 1570 2997 est

335 3041 366 3103 in
400 3039 510 3103 locum
532 3039 604 3103 eius
640 3065 670 3126 ιιι
693 3038 845 3124 l'itellio)
866 3040 999 3105 l'ettius
1023 3039 1183 3103 Bolanus.
1209 3075 1248 3086 -
1270 3037 1313 3109 ll.
1334 3038 1389 3103 66.
1410 3039 1570 3124 (Quarta-

334 3146 541 3222 decimanos)
557 3147 723 3212 remitti...
742 3148 775 3210 in
798 3147 1020 3220 Britanniam.
1041 3146 1131 3212 unde
1152 3171 1169 3211 a
1188 3147 1321 3211 Nerone
1341 3147 1443 3212 exciti
1459 3155 1567 3223 erant,

335 3253 459 3341 placuit
480 3252 688 3340 (l'itelliol...
711 3253 1007 3332 Quantadeeinmni
1037 3261 1217 3343 postquam
1242 3253 1381 3342 (Graiis)
1425 3253 1571 3341 ,llpibus

336 3360 485 3445 degressi
507 3369 599 3436 sunt,
627 3360 905 3425 seditiosissimus
923 3362 1067 3449 quisqne
1087 3362 1183 3447 signa
1204 3360 1370 3425 l'ieunam
1393 3360 1569 3432 terebant:

336 3491 502 3533 consensu
529 3467 705 3532 meliorum
722 3469 906 3556 compressi
923 3478 955 3532 et
980 3469 1068 3553 legio
1085 3470 1117 3532 in
1135 3468 1344 3534 Britanniam
1368 3477 1570 3535 transvecta.

336 3614 378 3624 -
402 3575 443 3649 ll,
462 3574 516 3640 86.
535 3575 687 3662 Scriptae
708 3576 740 3662 (a
760 3575 903 3640 ducibus
926 3575 1111 3662 llrn'ianis)
1126 3576 1160 3640 in
1179 3575 1386 3640 Britanniam
1411 3576 1453 3640 ael
1473 3599 1573 3664 quar-

339 3682 579 3761 tadecimanos.
618 3683 650 3746 iu
669 3682 866 3770 llispaniam
881 3683 921 3748 ad
940 3684 1111 3770 primanos
1126 3682 1303 3769 epistulae,
1321 3682 1412 3772 (prod
1431 3691 1573 3772 utraque.

338 3791 426 3874 legio
447 3813 507 3876 pro
532 3788 678 3868 tlttmne,
704 3790 845 3854 adversa
867 3789 1004 3855 l'itellio
1021 3790 1140 3856 luerat.
1163 3829 1206 3838 —
1226 3788 1268 3868 ll,
1291 3815 1346 3879 97.
1369 3791 1507 3855 Auxilia
1524 3799 1574 3855 ta-

340 3920 413 3960 men
431 3895 618 3982 tt'itellius)
645 3920 662 3960 e
686 3898 867 3962 tiermania
900 3898 1142 3984 Britanniaque
1176 3906 1208 3963 et
1237 3898 1409 3986 llispaniis
1436 3899 1572 3972 excivit.

339 4005 487 4086 segniter
498 4011 531 4067 et
546 4004 780 4069 necessitatem
797 4005 1029 4070 dissimulans.
1042 4006 1184 4070 Perinde
1200 4006 1302 4092 legati
1315 4006 1574 4093 provinciaeque

338 4115 639 4178 cunctabantur...
659 4113 790 4177 l'cttius
808 4113 956 4178 Bolanus
990 4136 1174 4202 numquam
1206 4113 1289 4177 satis
1309 4114 1421 4201 quieta
1448 4114 1576 4178 Britan·

340 4220 434 4284 ιιιιι...
459 4259 500 4266 —-
519 4219 579 4288 lll.
599 4244 629 4284 2.
650 4220 819 4285 Antonius
850 4222 1024 4288 l’rimus...
1050 4221 1299 4285 festinationem
1328 4221 1412 4308 ipsis
1432 4221 1575 4310 [Flavia-

340 4327 407 4408 nis)
427 4327 558 4398 utilem,
591 4326 727 4391 l'itellio
747 4330 924 4394 exitiosam
960 4329 1160 4394 disseruit...
1191 4328 1259 4392 Nec
1287 4328 1404 4416 procul
1437 4331 1575 4394 Germa·

341 4435 441 4502 niam.
477 4434 565 4499 unde
604 4436 692 4499 vires
716 4457 723 4516 ;
747 4437 956 4503 Britanniam
981 4438 1065 4502 l'reto
1103 4436 1317 4503 ‹lirimi...—
1345 4436 1404 4512 ΙΙΙ,
1443 4437 1492 4503 15.
1526 4438 1576 4502 lix

342 4542 513 4606 Britannia
528 4542 705 4631 Galliaque
721 4552 752 4607 et
773 4545 933 4631 llispania
949 4545 1075 4608 auxilia
1085 4542 1243 4608 l'itellius
1254 4544 1431 4610 acciverat.
1454 4583 1490 4596 -
1515 4543 1573 4613 lll.

339 4652 391 4714 rs.
430 4649 466 4712 ln
517 4651 723 4714 Britanniam
759 4652 835 4714 inde
880 4661 913 4715 et
941 4652 1124 4738 llispanias
1160 4652 1298 4715 nuntios
1341 4651 1574 4739 famamque...

338 4758 498 4836 (victores
523 4757 687 4844 Flaviani.
706 4759 837 4825 misere.
867 4758 972 4827 -lll.
993 4762 1046 4835 tl.
1076 4759 1285 4822 Britanniam
1321 4758 1464 4824 traditus
1498 4782 1575 4844 erga

340 4864 582 4949 l'espasiauum
600 4863 704 4940 lavor,
721 4865 810 4953 qood
828 4866 896 4929 illie
912 4866 1082 4931 secundae
1096 4865 1222 4952 legioni
1243 4889 1260 4930 a
1278 4864 1419 4930 Claudio
1435 4889 1577 4954 praepo-

339 4973 423 5037 situs
439 4979 469 5035 et
492 4970 579 5036 bello
595 4972 705 5036 clarus
721 4981 847 5055 egerat.
867 4996 932 5037 nou
955 4975 1026 5039 sine
1041 4981 1132 5041 motu
1149 4973 1302 5039 adiunxit
1314 4982 1501 5048 ceterarum
1517 4973 1577 5058 (le-
