3709 6234
794 889 1012 940 ultramontes
1521 889 1573 942 301

329 1064 373 1076 -
395 1027 421 1107 l,
443 1028 498 1116 67.
524 1027 682 1103 llelvetii,
706 1027 836 1093 Gallica
859 1051 944 1115 gens
963 1028 1043 1093 olim
1069 1029 1171 1093 armis
1191 1029 1383 1116 virisque...
1406 1029 1508 1095 clara.
1531 1070 1573 1080 -

331 1132 389 1206 IV,
413 1158 462 1198 12.
483 1133 643 1200 llatavi...
662 1142 812 1200 extrema
830 1135 980 1200 Gallicae
1000 1158 1078 1199 orae
1094 1158 1198 1200 vacua
1215 1135 1444 1201 cultoribus...
1471 1160 1571 1201 oceu-

332 1263 466 1327 pavere.
490 1282 514 1291 -
546 1241 602 1318 lV,
626 1267 680 1330 77.
706 1241 833 1323 (Verba
863 1242 940 1306 lacit
980 1241 1068 1329 apud
1097 1240 1223 1306 milites
1252 1241 1393 1307 Petilius
1417 1242 1574 1329 Cerialis)

334 1376 349 1405 u
369 1347 485 1436 Neque
501 1348 592 1413 aliud
608 1350 839 1413 excusandum
858 1349 976 1425 liabeo,
995 1372 1097 1437 quam
1112 1350 1203 1436 quod
1218 1373 1278 1413 ros
1292 1349 1414 1414 Gallici
1429 1349 1572 1414 laederis

332 1454 457 1520 oblitos
474 1456 599 1519 redisse
619 1457 651 1519 in
669 1457 864 1520 memoriam
883 1456 1027 1520 llomani
1043 1457 1242 1521 sacramenti
1257 1465 1381 1522 temere
1396 1456 1534 1522 credidi.
1557 1487 1570 1514 n

334 1601 375 1612 -
402 1562 444 1634 V.
468 1562 520 1628 26.
554 1564 735 1650 (Loquitur
757 1563 862 1627 lulius
885 1563 1020 1648 Civilis)
1071 1575 1085 1620 'a
1112 1563 1224 1627 Primo
1244 1564 1452 1635 Antonia...
1478 1564 1574 1628 cuius

333 1669 487 1756 epistulis
508 1670 548 1734 ad
571 1669 697 1735 bellum
713 1679 807 1735 actus
820 1694 906 1749 sum.
930 1694 970 1734 ne
991 1670 1210 1735 Germanicae
1225 1671 1374 1756 legiones
1390 1679 1422 1737 et
1442 1670 1573 1735 Gallica

332 1777 490 1842 iuventus
523 1777 628 1865 .llpes
663 1777 950 1842 transcenderent.
978 1807 991 1834 a
1025 1817 1064 1827 -
1091 1783 1128 1842 G.
1163 1778 1218 1842 28.
1251 1776 1453 1858 llelretii,...
1487 1777 1571 1848 Boii.

334 1882 464 1948 Gallica
492 1894 633 1971 utraque
654 1909 749 1971 gens.
771 1922 816 1933 —
846 1884 896 1960 43.
918 1884 1059 1948 Gotinos
1083 1883 1255 1974 Gallica...
1279 1884 1393 1971 lingua
1421 1884 1575 1972 coarguit

333 2012 401 2054 non
420 2014 495 2054 esse
511 1994 710 2056 Germanos.
729 2027 772 2039 —
792 1992 836 2056 .·l.
861 1994 913 2067 ad.
945 1990 1105 2055 llibernia
1125 1989 1236 2054 medio
1256 1990 1343 2056 inter
1364 1991 1571 2056 Britanniam

334 2104 434 2185 atque
451 2097 649 2185 Hispaniam
666 2099 729 2162 sita
746 2106 779 2162 et
794 2097 925 2162 Gallico
939 2121 1073 2186 quoque
1090 2098 1174 2162 mari
1189 2105 1390 2185 opportuna.

289 2203 474 2281 GALLIO,
496 2229 528 2271 r.
554 2205 705 2268 lt'xlt's
726 2204 908 2270 G.-ll,l.llt.

291 2310 330 2375 P.
353 2311 620 2375 GrlL1.t'S¹.-
646 2311 695 2382 16.
723 2337 771 2377 rr..
797 2312 834 2376 l’.
854 2311 992 2376 Gallus'·'
1011 2334 1114 2399 eques
1137 2313 1321 2390 Romanus,
1343 2312 1434 2399 quod
1451 2311 1574 2375 Faenio

336 2417 424 2481 llulo
445 2418 584 2483 intimus
612 2427 646 2483 et
671 2420 723 2503 (l.
746 2419 913 2504 Antistio)
936 2419 1047 2483 Veteri
1081 2441 1149 2483 non
1183 2418 1313 2484 alienus
1348 2418 1465 2499 luerat,
1488 2443 1575 2506 aqua

335 2532 436 2613 atque
451 2525 521 2610 igni
537 2524 726 2613 prohibitus
742 2535 804 2590 est.

291 2632 470 2697 GALLVS
490 2633 671 2710 exulus,
696 2632 888 2704 GALLVS.
911 2658 943 2695 v.
967 2632 1137 2696 axxlt's'
1159 2633 1349 2699 (ululas.

290 2738 470 2805 GALLt's
491 2738 682 2808 asta‘lvs,
706 2739 896 2808 GALLVS.
915 2764 948 2803 v.
968 2738 1148 2804 ASINIVS
1168 2740 1358 2807 GALLVS.

291 2846 484 2926 GALLVS,
507 2871 539 2910 v.
565 2847 824 2911 llEltENNll'S
838 2846 1031 2912 GALLVS.

292 2953 493 3017 'Galn'ln
515 2954 815 3030 erasmum,
834 2976 867 3018 v.
886 2951 1071 3017 (tantm.

292 3060 551 3125 GAMBlthll.
570 3099 615 3111 -
636 3066 674 3125 G.
694 3086 724 3125 2.
744 3060 931 3138 Quidam...
949 3058 1062 3147 plures
1082 3059 1144 3123 dco
1164 3061 1318 3142 (blanau)
1334 3070 1426 3126 ortos
1443 3062 1574 3149 plures-

336 3190 401 3255 que
421 3169 532 3255 gentis
552 3167 807 3255 appellationes,
830 3169 974 3243 Marsos
993 3165 1220 3236 Gambrivios.
1239 3166 1381 3246 Suebos,
1400 3168 1575 3233 l'audilios

337 3273 530 3342 adtirmant.

295 3381 652 3460 ‘Gaalrsss'l'ult's
673 3406 704 3445 r.
724 3381 1122 3445 ,lltti.lNl)liS'l'llll'S.

292 3489 595 3555 GANNaszs2.
612 3526 653 3537 —
676 3515 723 3557 ιι.
746 3490 793 3554 18.
818 3490 985 3568 Glrauci...
1010 3489 1201 3552 inferiorern
1222 3490 1441 3554 Germaniam
1464 3491 1576 3554 ineur-

337 3620 454 3663 savere
474 3597 558 3661 duee
574 3599 766 3674 Gannasco,
789 3597 846 3683 qui
867 3598 1002 3660 natione
1018 3595 1234 3670 l'lanninefas.
1257 3596 1418 3661 auxiliare
1439 3597 1572 3683 stipen-

337 3704 429 3770 dium
461 3705 611 3781 neriae,
645 3712 720 3791 post
750 3705 936 3787 transfuga,
973 3702 1105 3766 levibus
1139 3702 1283 3788 navigiis
1316 3702 1575 3790 praedabundus

338 3813 514 3878 Gallorum
546 3814 691 3877 maxime
721 3836 814 3877 oram
842 3810 1038 3876 vastabat...
1069 3812 1116 3875 at
1150 3808 1340 3877 tlorbulo...
1373 3810 1574 3877 lintribus..

338 3921 485 3985 hostium
514 3921 682 4008 depressis
707 3928 740 3984 et
764 3918 943 3984 exturbato
968 3921 1190 3984 Gannasco...
1221 3957 1263 3967 —-
1301 3943 1349 3986 ιι.
1385 3942 1435 4007 ¹9·
1459 3917 1576 3984 Missis

338 4036 370 4112 (a
388 4027 607 4113 Corbulone).
643 4027 700 4114 qui
722 4028 864 4090 maiores
886 4025 1042 4089 Clraucos
1069 4024 1111 4090 ad
1141 4024 1347 4089 deditionem
1367 4024 1576 4112 pellicerent.

339 4135 438 4200 simul
460 4138 675 4199 Gannascum
697 4134 775 4197 dolo
793 4132 1100 4218 adgrederentur...

295 4241 740 4318 GARaM.lN'1'1·:s.-3.
764 4243 816 4327 74.
853 4239 1031 4304 Cornelius
1057 4240 1170 4328 Scipio
1200 4237 1333 4327 legatus
1367 4240 1526 4327 (legionis
1542 4244 1575 4307 in

340 4350 469 4436 Africa)
484 4348 639 4438 praefuit.
657 4373 722 4437 qua
738 4347 910 4436 praedatio
924 4347 958 4411 iu
976 4347 1169 4433 Leptitanos
1186 4354 1219 4412 et
1234 4347 1379 4434 sullugia
1390 4347 1577 4414 Garaman-

329 4607 336 4639 ¹
356 4607 481 4653 Uarissns
497 4610 537 4653 est
556 4607 582 4652 in
599 4606 710 4653 Pnosor.

328 4686 685 4734 2·Nolanam-Anaasax:
705 4705 716 4731 e
738 4686 863 4743 ,tollatlia
880 4685 915 4732 ist
935 4684 979 4731 die
996 4683 1174 4744 Verlrindung
1189 4683 1238 4729 des
1260 4681 1425 4730 l'rttnoruens
1445 4683 1494 4731 mit
1515 4683 1576 4730 dem

296 4766 461 4828 cognomen.
473 4767 612 4813 l'ielleielrt
634 4766 750 4814 ltubrins
769 4766 872 4813 Gallus.
891 4764 965 4811 uirlrt
984 4764 1032 4810 der
1056 4764 1087 4820 11,
1104 4763 1136 4812 ll.
1158 4765 1197 4812 5¹.
1213 4779 1251 4824 99.
1273 4764 1412 4812 ervtthntc.
1432 4764 1498 4812 aber
1512 4763 1577 4810 viel-

296 4847 378 4896 leielrt
404 4849 445 4895 uin
471 4848 651 4894 Ver-wandlrr
667 4848 821 4894 desselben.
849 4862 861 4889 u
887 4873 914 4879 -
944 4845 1048 4892 blacan.
1075 4844 1122 4901 lv,
1143 4853 1177 4901 ¹l·
1201 4845 1345 4893 lectionem
1363 4846 1465 4892 audiris
1488 4849 1579 4893 turtur

297 4929 358 4977 eall.
371 4928 505 4975 similibus
518 4929 583 4974 loris
601 4943 605 4973 :
626 4929 656 4975 Ρ,
671 4927 755 4974 (lrler.
778 4926 816 4974 Τι’.
834 4925 997 4973 llenrader.
1014 4929 1066 4972 ele.

329 5009 479 5055 ³ttruissus
497 5013 536 5056 est
554 5009 577 5054 iu
599 5009 708 5055 l'nosor.
