3709 6234
348 855 401 910 336
905 854 1069 908 uulurtvs

394 1002 520 1066 Romae
541 999 735 1064 institutum
756 1006 807 1064 est
829 997 872 1063 ad
896 1021 1024 1064 morem
1058 997 1178 1063 Graeci
1204 995 1411 1063 certaminis.
1435 1035 1479 1046 ·-
1506 996 1557 1075 rt,
1574 1017 1627 1059 ar.

395 1133 411 1172 o
426 1107 494 1173 Nec
509 1106 690 1195 perinde...
708 1105 833 1194 populo
849 1106 1057 1195 elllagitandi
1071 1106 1200 1171 Graeca
1215 1105 1400 1170 certamina
1420 1126 1439 1168 a
1454 1102 1633 1190 magistra·

394 1214 485 1279 tibus
498 1237 635 1279 causam
660 1213 742 1290 foro,
757 1236 835 1278 cum
850 1237 889 1279 eo
905 1222 1043 1303 sumptu
1059 1212 1249 1301 respublica
1263 1212 1458 1299 fungatur...
1477 1237 1493 1270 n
1512 1209 1633 1275 Graeci

395 1322 549 1396 amictus,
569 1322 644 1411 quis
658 1344 718 1409 per
736 1344 794 1387 eos
819 1321 890 1387 dies
905 1321 1057 1411 plerique
1074 1321 1294 1401 incesserant,
1311 1327 1382 1385 tum
1398 1318 1630 1384 exoleverunt.

397 1466 438 1479 -
468 1432 517 1510 rt,
545 1433 600 1517 47.
633 1429 857 1516 Gymnasium
891 1452 930 1494 co
961 1453 1049 1494 anno
1075 1428 1267 1494 dedicatum
1300 1450 1319 1492 a
1348 1423 1634 1513 Neronepraebi·

396 1554 535 1633 tumque
564 1544 675 1610 oleum
702 1545 806 1634 equiti
839 1569 876 1610 ac
913 1545 1044 1611 senatui
1082 1547 1209 1611 Graeca
1239 1544 1547 1624 facilitate—14,
1576 1542 1629 1631 59.

357 1690 359 1693 ·
396 1653 602 1732 Doctores..,
647 1653 832 1740 sapientiae
875 1652 1066 1718 Coeranum
1112 1652 1242 1730 Graeci,
1292 1651 1488 1717 Musonium
1532 1648 1632 1714 Tusci

396 1759 629 1846 generis...-
648 1759 698 1830 15.
720 1759 773 1825 33.
797 1758 938 1825 Acriore
967 1759 1000 1823 in
1033 1758 1105 1823 dies
1136 1758 1293 1847 cupidine
1320 1756 1519 1845 adigebatur
1544 1756 1633 1821 Nero

394 1866 604 1954 promiscuas
630 1888 770 1931 scaenas
797 1865 1077 1955 frequentandi...
1100 1866 1176 1931 Non
1206 1872 1320 1931 tamen
1336 1866 1463 1930 Romae
1486 1863 1634 1951 incipere

396 1996 498 2038 ausus
519 1972 707 2062 Neapolim,
736 1974 832 2061 quasi
849 1974 1012 2039 Graecam
1028 1972 1148 2039 urbem
1172 1972 1310 2061 delegit.
1331 1974 1445 2054 -15,
1466 1974 1521 2049 Ar.
1544 1969 1634 2058 Opes

395 2088 446 2145 tot
473 2080 624 2145 victoriis
657 2082 830 2169 quaesitae
858 2088 891 2147 et
924 2081 1128 2148 Graecarum
1160 2082 1282 2146 artium
1317 2079 1438 2145 decora
1462 2076 1633 2166 (incendio

396 2187 539 2252 Neronis
568 2196 688 2254 exusta
713 2186 818 2276 sunt).
849 2224 894 2238 -
937 2186 987 2267 15,
1018 2187 1070 2264 45.
1101 2186 1293 2275 (Secundus
1318 2185 1493 2271 Carrinas)
1507 2186 1635 2250 Graeca

396 2295 549 2361 doctrina
564 2302 731 2361 oretenus
751 2296 920 2360 exercitus
936 2295 1086 2359 animum
1107 2293 1205 2359 bonis
1221 2293 1349 2360 artibus
1373 2317 1441 2358 non
1463 2291 1632 2358 induerat.

397 2440 439 2451 -
462 2404 581 2490 1571.
602 2402 803 2469 Milichus...
824 2403 1072 2468 conservatoris
1104 2401 1167 2467 sibi
1194 2425 1317 2466 nomen
1333 2402 1461 2466 Gracco
1487 2399 1560 2465 eius
1587 2399 1636 2464 rei

398 2508 564 2575 vocabulo
580 2508 783 2597 adsumpsit.
805 2548 848 2561 -
864 2508 908 2591 ll,
926 2512 979 2575 80.
995 2509 1159 2590 (Licinius
1178 2509 1370 2594 Mucianus)
1393 2508 1476 2573 satis
1493 2507 1636 2573 decorus

362 2627 364 2631 '
399 2618 500 2683 etiam
521 2618 649 2682 Graeca
681 2616 850 2687 facundia.
884 2655 927 2666 -
958 2618 996 2682 G.
1034 2618 1065 2683 3.
1091 2617 1234 2696 Quidam
1268 2616 1489 2705 opinantur...
1518 2638 1637 2681 mouu-

399 2733 562 2791 menta...
596 2733 630 2790 et
661 2724 812 2789 tumulos
844 2725 1010 2813 quosdam
1053 2725 1191 2790 Graccis
1224 2724 1345 2790 litteris
1378 2724 1559 2812 inscriptos
1600 2724 1636 2788 in

399 2831 554 2897 conliniis
574 2832 773 2897 Germaniae
797 2832 1002 2921 Raetiaeque
1027 2832 1136 2897 adhuc
1152 2839 1297 2898 exstare.
1319 2867 1363 2882 -
1389 2831 1434 2896 A.
1461 2834 1492 2908 Δ.
1516 2830 1636 2896 Massi·

399 2939 521 3005 liam...
539 2938 650 3004 locum
666 2940 792 3005 Graeca
817 2941 976 3006 comitate
996 2949 1030 3006 et
1046 2940 1244 3029 provinciali
1259 2940 1463 3028 parsimonia
1477 2939 1634 3006 mixtum.

356 3046 604 3111 unul-:evuli
623 3047 787 3135 (adiect.)
808 3087 852 3097 -
868 3048 906 3114 0.
935 3071 989 3137 29.
1014 3049 1062 3112 at
1085 3070 1175 3114 nuuc
1199 3055 1300 3114 natus
1321 3047 1432 3113 infans
1462 3045 1638 3136 delegatur

399 3153 583 3219 Graeculae
603 3153 703 3219 alicui
722 3153 877 3220 ancillae.

355 3259 599 3327 GRAECVLI.
621 3300 664 3311 -
687 3260 725 3327 0.
750 3260 780 3328 3.
806 3290 822 3323 «
845 3261 956 3328 Etiam
982 3262 1009 3326 si
1035 3286 1103 3327 non
1128 3285 1253 3327 novum
1277 3261 1339 3327 tibi
1365 3262 1436 3350 ipsc
1463 3260 1636 3348 negotium

399 3369 631 3457 importasses,
664 3376 702 3434 ut
732 3369 918 3434 Domitium
948 3378 982 3435 ct
1010 3368 1186 3436 Catonem.
1214 3369 1248 3433 id
1271 3377 1323 3434 est
1342 3377 1475 3434 nostras
1504 3389 1639 3457 quoque

401 3476 558 3541 historias
572 3485 606 3542 et
630 3477 782 3541 Romana
810 3477 946 3541 nomina
963 3476 1226 3543 Graeculorum¹
1244 3476 1367 3542 tabulis
1386 3476 1599 3563 adgregares.
1620 3501 1636 3535 n

359 3584 534 3649 Glthlnlt
556 3583 714 3665 ALPES,
731 3583 855 3649 MONS
876 3583 1166 3663 Gll.-l1t'S.-11‚
1188 3582 1243 3650 66.
1265 3584 1449 3670 Legionem
1467 3586 1638 3672 (quartam

401 3691 582 3778 decimam)
608 3691 719 3755 Graiis
747 3691 896 3778 Alpibus
913 3692 1101 3757 traductam
1135 3714 1174 3756 eo
1194 3693 1285 3757 flexu
1300 3692 1429 3757 itineris
1441 3690 1490 3778 (in
1507 3691 1639 3756 Britan·

402 3800 493 3863 niam
509 3797 680 3886 Vitellius)
708 3798 754 3863 ire
775 3798 881 3878 iubet,
909 3822 976 3887 quo
997 3799 1163 3864 Viennam
1178 3800 1337 3865 vitarent.
1357 3838 1399 3849 -
1420 3797 1478 3875 IV,
1497 3798 1550 3864 68.
1569 3797 1638 3864 Le-

400 3906 561 3992 giones...
586 3905 744 3969 Poeninis
761 3904 995 3995 Cottianisque
1009 3906 1167 3994 Alpibus,
1186 3930 1265 3995 pars
1278 3914 1392 3972 monte
1405 3905 1507 3970 Graio
1523 3905 1639 3970 tradu-

404 4021 537 4077 cuntur.

359 4118 557 4184 Glt.l11.-
575 4118 612 4183 0.
637 4120 687 4183 15.
719 4147 733 4178 «
759 4120 864 4186 Video
880 4121 982 4186 ctiam
1003 4121 1135 4186 Graiis⁹
1155 4121 1330 4201 accidisse,
1345 4130 1383 4187 ut
1402 4120 1536 4209 longius
1551 4120 1640 4185 absit

403 4227 446 4290 ah
466 4225 634 4290 Aeschine
650 4232 683 4289 et
708 4227 938 4292 Demosthene
959 4227 1125 4293 Sacerdos
1140 4230 1203 4294 istc
1218 4229 1353 4294 Nicetes
1368 4237 1402 4295 et
1417 4229 1446 4294 si
1461 4229 1536 4317 quis
1553 4227 1641 4293 alius

403 4331 575 4419 llphcsum
592 4330 645 4395 vel
662 4332 847 4418 Mytilenas
879 4343 1046 4400 concentu
1078 4335 1358 4401 scholasticorum
1382 4344 1416 4400 et
1435 4333 1641 4401 clamoribus

402 4439 552 4527 quatit...
576 4467 591 4496 r

362 4545 618 4611 *GllAMl'll'S
639 4547 779 4634 (mons),
801 4572 835 4614 v.
858 4549 1100 4617 GllAVPlVS.

393 4724 399 4757 ¹
452 4738 458 4771 :
496 4736 647 4771 raa-orum.

389 4804 400 4837 ²
418 4723 500 4855 ²890
514 4820 519 4852 :
532 4804 630 4868 pratis.
642 4803 718 4853 Corr.
732 4804 905 4853 Puteolanus.
920 4830 952 4840 -
971 4804 1081 4852 Dronkc
1096 4820 1102 4853 :
1121 4803 1239 4852 Graecis.
1262 4830 1290 4840 -
1303 4823 1316 4850 «
1327 4804 1386 4851 Non
1405 4803 1558 4865 spernenda
1575 4802 1642 4851 hacc

360 4884 581 4943 lormafflraiis),
597 4888 692 4946 quaet
710 4885 754 4932 alii
773 4885 922 4947 scriptores
935 4887 1057 4940 utuntur,
1078 4884 1160 4933 veluti
1177 4884 1278 4947 Nepos,
1292 4883 1392 4948 praes„
1406 4883 1430 4945 3,
1447 4884 1553 4940 Thena..
1571 4900 1596 4948 9,
1613 4896 1640 4946 25

365 4963 468 5018 Alcih..
484 4981 508 5027 7.
527 4972 550 5022 4,
562 4966 686 5024 Eurrreu„
705 4983 728 5026 r,
747 4966 774 5024 53
793 4965 902 5028 aliique.
925 4965 1237 5028 »lOuaum-As'rmasux).
