3709 6234
286 861 340 919 256
867 867 989 922 DRVSVS

337 1008 436 1088 1‚55.
456 1011 566 1075 Druso
585 1013 728 1078 Caesare
745 1013 783 1079 C.
801 1011 963 1077 Norbano
983 1009 1193 1076 consulibus.
1212 1046 1252 1059 -
1275 1033 1303 1084 a,
1331 1011 1385 1098 76.
1418 1009 1563 1078 Edendis

328 1117 586 1204 gladiatoribus,
603 1142 688 1207 quos
713 1119 906 1185 Germanici
924 1117 1037 1183 fratris
1061 1141 1099 1184 ac
1125 1140 1187 1182 suo
1211 1116 1347 1183 nornine
1381 1117 1559 1196 obtulerat,

331 1224 462 1290 Drusus
483 1227 664 1314 praesedit,
682 1250 888 1316 quamquam
917 1225 976 1289 vili
1010 1225 1175 1312 sanguiue
1210 1224 1311 1290 nimis
1338 1225 1504 1313 gaudens.
1528 1261 1564 1277 -

332 1357 362 1412 2,
389 1332 442 1399 26.
476 1333 642 1421 (Tiberius
671 1334 831 1400 monebat
857 1332 1111 1418 Germanicum)
1151 1332 1358 1421 relinqueret
1391 1332 1564 1400 materiem

331 1440 431 1506 Drusi
447 1441 561 1507 fratris
573 1442 741 1529 gloriae...
756 1479 800 1492 -
817 1467 847 1522 2,
865 1440 919 1519 43.
938 1439 1118 1526 (Tiberius)
1134 1439 1224 1528 apud
1236 1448 1350 1528 patres
1365 1439 1564 1508 disseruit...

329 1548 429 1613 Drusi
445 1548 593 1613 nondum
611 1551 693 1616 satis
710 1549 899 1615 adolevisse
916 1548 1087 1636 (aetatem,
1110 1555 1148 1612 nt
1163 1546 1206 1612 ad
1235 1555 1365 1614 motum
1393 1547 1566 1615 Orientem

328 1654 599 1743 componendum
616 1657 859 1743 mitteretur)...
878 1654 1087 1721 Divisa...ct
1101 1653 1230 1719 discors
1242 1655 1318 1720 aula
1348 1663 1420 1721 erat
1454 1655 1565 1722 tacitis

330 1762 364 1828 in
379 1761 527 1827 Drusum
543 1771 601 1828 aut
620 1763 858 1828 Germanicum
880 1762 1013 1828 studiis.
1032 1761 1185 1828 Tiberius
1199 1769 1238 1827 ut
1257 1762 1432 1851 proprium
1452 1771 1488 1829 et
1517 1761 1567 1828 sui

327 1870 501 1956 sauguinis
543 1871 690 1936 Drusum
740 1870 916 1936 lovcbat...
951 1870 1060 1934 Druso
1089 1892 1236 1958 proavus
1261 1892 1366 1958 eques
1398 1870 1568 1936 llomanus

330 1977 537 2065 Pomponius
559 1979 694 2043 Atticus
718 1978 879 2044 dedecere
895 1978 1115 2044 Claudiorum
1130 1977 1297 2066 imagines
1317 1977 1509 2044 videbatur.
1527 1977 1568 2044 Et

330 2085 475 2150 coniunx
492 2086 682 2152 Germanici
699 2086 888 2175 Agrippina
901 2085 1106 2152 fecunditate
1122 2109 1160 2151 ac
1176 2084 1265 2152 larua
1282 2085 1413 2152 Liviam
1427 2109 1566 2153 uxorem

331 2191 430 2258 Drusi
450 2193 686 2281 praecellebat.
699 2233 743 2245 -
759 2219 789 2272 2,
812 2197 866 2271 ll.
885 2193 954 2259 Nec
971 2193 1077 2259 multo
1091 2201 1168 2281 post
1193 2192 1324 2258 Drusus
1338 2194 1372 2258 in
1394 2193 1567 2282 lllyrieum

331 2302 454 2367 missus
474 2310 537 2368 est.
555 2342 598 2351 —
620 2327 649 2382 2,
677 2302 730 2379 46.
756 2301 881 2366 blissus
900 2310 1014 2367 tamen
1036 2301 1179 2384 Drusus,
1195 2309 1233 2366 ut
1257 2301 1464 2380 rettulimus,
1495 2302 1567 2391 paci

332 2411 492 2477 lirmalor.
512 2449 554 2460 -
571 2436 602 2492 a,
621 2410 1027 2497 51.(}0r111anicusaa1uc
1045 2409 1233 2492 Drusus...‚
1253 2409 1343 2496 (cuna
1356 2409 1398 2476 de
1413 2417 1568 2498 praetore

330 2517 547 2605 subrogando
565 2519 732 2606 ageretur)
759 2517 934 2583 llaterium
956 2517 1185 2604 Agrippam...
1202 2516 1373 2582 fovebant.
1395 2553 1440 2568 -·
1461 2542 1492 2596 a,
1513 2518 1566 2592 5³,

332 2626 593 2691 Germanicus...
612 2625 685 2690 viso
702 2625 811 2690 Druso
838 2625 941 2690 lratrc
970 2624 1003 2688 in
1033 2624 1201 2690 Delmatia
1229 2633 1391 2712 agente...
1406 2661 1450 2674 -
1463 2649 1495 2706 a,
1512 2623 1566 2690 62.

333 2730 420 2797 Dum
436 2757 472 2798 ea
488 2742 599 2798 aestas
610 2733 810 2798 Germanico
827 2732 941 2821 plures
966 2755 1024 2820 per
1039 2732 1231 2819 provincias
1248 2732 1457 2820 transigitur,
1480 2731 1569 2798 haud

332 2840 406 2905 leve
421 2841 525 2906 decus
551 2841 680 2905 Drusus
698 2841 865 2929 quaesivit
881 2840 1036 2904 inliciens
1055 2841 1244 2904 Germanos
1268 2839 1311 2905 ad
1338 2839 1565 2906 discordias...

329 2983 372 2996 -
387 2973 418 3024 2,
431 2945 486 3025 b'l.
512 2948 697 3013 Decrevere
719 2956 831 3035 patrcs
845 2955 882 3013 nt
900 2948 1121 3013 Germanicus
1136 2955 1238 3036 atquc
1259 2946 1390 3012 Drusus
1421 2956 1562 3015 ovantes

331 3055 450 3121 urbem
468 3055 656 3121 introirent.
679 3095 722 3104 -
739 3081 768 3136 2,
785 3058 838 3133 84.
860 3056 1001 3121 Recenti
1015 3054 1124 3120 adhuc
1146 3057 1202 3144 (ex
1227 3063 1335 3121 morte
1356 3056 1566 3142 Germanici)

331 3163 499 3229 maestitia
524 3187 619 3228 soror
633 3163 824 3229 Germanici
846 3163 953 3240 livia,
977 3170 1082 3251 nupta
1100 3163 1221 3242 Druso,
1240 3162 1326 3228 duos
1341 3163 1449 3240 ‚virilis
1467 3187 1569 3230 sexus

332 3273 433 3338 simul
452 3272 550 3337 enixa
571 3280 663 3338 est...
683 3271 749 3337 sed
764 3272 888 3360 populo
909 3271 969 3337 tali
985 3273 1018 3335 in
1035 3279 1186 3359 tempore
1209 3271 1242 3335 id
1257 3294 1392 3360 quoque
1418 3271 1568 3338 dolorem

332 3381 423 3464 tulit,
442 3389 615 3470 tamquam
630 3389 751 3446 auctus
770 3380 887 3446 liberis
909 3381 1041 3445 Drusus
1069 3380 1207 3445 domum
1235 3380 1428 3445 Germanici
1462 3380 1570 3470 magis

332 3497 479 3577 urgeret.
501 3527 546 3539 -
567 3489 598 3562 3,
618 3514 648 3555 2.
669 3488 799 3553 Drusus
830 3490 882 3572 (ut
911 3488 1046 3553 obviam
1070 3488 1133 3552 iret
1168 3486 1338 3552 cineribus
1359 3488 1569 3578 Germanici)

332 3593 546 3663 Tarracinam
567 3620 765 3684 progressus
780 3603 871 3661 cst...
894 3635 938 3644 -
954 3597 984 3675 3,
1014 3596 1045 3660 3.
1064 3595 1208 3660 blatrcm
1234 3596 1419 3661 Antoniam
1457 3620 1566 3663 non...

332 3705 460 3793 reperio
485 3704 555 3768 ullo
566 3704 689 3791 insigni
704 3704 814 3768 ollicio
831 3704 981 3769 iunctam
994 3704 1040 3787 (in
1063 3703 1233 3792 exsequiis
1246 3703 1467 3792 Germanici),
1489 3727 1566 3771 curn

332 3833 433 3900 snper
447 3812 671 3899 Agrippinam
691 3819 724 3877 ct
752 3812 899 3876 Drusum
922 3819 956 3877 ct
990 3810 1169 3877 Claudium
1196 3811 1297 3877 ceteri
1321 3835 1455 3901 quoque
1488 3835 1569 3878 con*

333 3920 508 4006 sanguinei
526 3921 724 3986 nominatim
741 3921 918 4008 perscripti
940 3921 1020 3985 sint.
1033 3960 1077 3971 —
1095 3920 1127 3996 3,
1142 3945 1172 4009 7.
1192 3921 1358 4008 (Peractis
1374 3919 1568 3987 Germanici

333 4028 519 4114 exsequiis)
540 4027 671 4092 Drusus
688 4027 842 4114 Illyricos
863 4029 904 4092 ad
925 4029 1093 4094 exercitus
1113 4029 1283 4116 proiectus
1311 4037 1374 4094 est.
1406 4068 1448 4078 -
1484 4029 1515 4111 3,
1534 4031 1566 4097 8.

334 4130 426 4223 (Cn.)
446 4134 563 4199 Piso...
582 4135 624 4199 aal
645 4136 793 4200 Drusum
816 4137 936 4222 pergit,
954 4160 1054 4225 quern
1075 4136 1164 4201 haud
1200 4137 1312 4203 fratris
1337 4138 1475 4203 interitu
1500 4146 1570 4204 lru=

335 4265 407 4307 cem
436 4266 536 4331 quarn
565 4251 694 4308 remoto
727 4243 858 4307 aenrulo
886 4245 1077 4332 aequiorem
1108 4246 1170 4309 sibi
1206 4245 1404 4333 sperabat...
1439 4247 1569 4312 Drusus

335 4351 462 4431 Pisoni,
474 4351 502 4414 si
518 4374 594 4415 vera
608 4351 728 4431 lorent,
744 4375 829 4439 (parare
846 4353 1046 4433 iacerentur,
1059 4354 1277 4442 praecipuum
1294 4353 1328 4418 in
1344 4353 1460 4419 dolore
1470 4376 1567 4419 suum

333 4457 444 4524 locum
462 4458 647 4546 respondit,
667 4458 726 4524 sed
744 4459 843 4524 malle
860 4459 985 4526 salsa...
999 4483 1085 4526 csse.
1102 4499 1144 4509 -
1165 4461 1196 4538 3,
1216 4486 1264 4526 rr.
1284 4459 1424 4526 interim
1438 4463 1568 4528 Drusus

334 4567 466 4632 rediens
483 4565 629 4653 lllyrico,
648 4590 851 4656 quamquam
877 4577 990 4656 patres
1010 4569 1264 4636 censuissent...
1281 4577 1318 4635 ut
1331 4592 1437 4636 ovans
1452 4569 1565 4646 iniret,

335 4675 603 4763 prolatohonorc
619 4674 736 4740 urbem
757 4676 907 4744 intravit.
929 4715 970 4728 -
984 4676 1015 4754 3,
1040 4701 1089 4742 12.
1105 4677 1284 4766 (loquitur
1304 4679 1392 4766 apud
1412 4686 1568 4745 senatum

334 4781 486 4848 'liberius
506 4784 539 4847 in
556 4807 656 4848 causa
677 4783 739 4848 Cn.
760 4784 909 4872 Pisonis)
924 4815 984 4854 a...
1009 4783 1115 4850 Nemo
1138 4785 1238 4851 Drusi
1267 4785 1437 4864 lacrimas,
1469 4810 1569 4853 nemo

335 4891 537 4957 maestitiam
565 4913 673 4957 meam
704 4900 908 4979 spectet...»
939 4931 977 4941 -
1009 4894 1040 4975 3,
1065 4895 1113 4957 18.
1147 4893 1336 4959 Addiderat
1364 4893 1570 4961 Messalinus

336 4997 468 5064 Tiberio
482 5007 515 5064 ct
533 5001 707 5086 ¹lugustac
722 5006 755 5065 et
774 5000 943 5067 Antoniae
957 5009 991 5066 ct
1005 5001 1214 5089 Agrippinae
1232 5002 1409 5090 Drusoque
1429 5000 1472 5067 ob
1497 5004 1570 5068 vin-
