3709 6234
795 868 829 917 c.
842 865 946 918 statvs
1459 863 1512 917 625

273 1007 582 1096 praemitterentur,
598 1006 701 1072 exciti
711 1013 745 1071 et
760 1005 802 1070 ob
827 1004 957 1071 bellum
972 1004 1126 1070 Vindicis
1147 1005 1305 1071 revocati.
1333 1042 1375 1057 -·
1395 1008 1437 1085 ll,
1459 1032 1508 1097 ¹7·

274 1117 463 1205 Aperuerat
473 1115 540 1180 iam
558 1114 689 1179 ltaliam
706 1112 902 1200 bellumque
921 1114 1168 1193 transmiserat,
1196 1121 1233 1179 ut
1261 1137 1363 1203 supra
1383 1138 1511 1180 memo·

274 1224 435 1302 ravimus,
458 1222 512 1287 ala
533 1220 673 1287 Siliana.

229 1329 269 1398 C.
283 1330 439 1412 SlLlVS,
475 1328 618 1395 SlLIVS
637 1328 644 1368 ¹
661 1328 736 1414 (A).
754 1367 793 1379 -
817 1353 843 1409 r,
863 1328 916 1394 31.
941 1329 1015 1394 Duo
1036 1329 1126 1418 apud
1152 1330 1259 1419 ripam
1286 1330 1393 1395 ltheni
1415 1354 1510 1396 exer-

272 1440 360 1504 citus
375 1446 487 1521 erant;
505 1438 557 1503 rui
572 1460 696 1502 nomen
717 1436 893 1524 superiori,
927 1436 991 1502 sub
1017 1437 1056 1502 C.
1087 1437 1170 1502 Silio
1197 1436 1351 1526 legato...
1378 1437 1510 1517 Quibus

273 1547 376 1612 Silius
392 1545 642 1625 moderabatur,
662 1551 776 1609 mente
796 1543 956 1630 ambigna
985 1543 1154 1611 fortunam
1185 1545 1361 1610 seditionis
1382 1545 1510 1611 alienae

273 1653 545 1743 speculabantur.
557 1692 600 1702 -—
617 1676 629 1717 ι
635 1704 646 1737 ,
663 1676 716 1741 72.
746 1652 887 1718 Decreta
902 1675 941 1716 eo
967 1675 1055 1717 anno
1090 1652 1306 1740 triumphalia
1322 1653 1507 1739 insignia...

273 1760 312 1827 C.
329 1760 412 1828 Silio
426 1760 470 1826 ob
494 1784 547 1826 res
568 1784 645 1826 oum
666 1760 868 1825 tiermanico
886 1767 1012 1847 gestas,
1027 1800 1068 1811 —
1090 1786 1120 1836 a,
1148 1762 1178 1827 ti.
1197 1760 1301 1825 Silius
1318 1770 1348 1826 et
1367 1763 1510 1828 Anteius

273 1878 306 1935 et
326 1868 470 1935 Carecina
486 1868 700 1935 fabricandae
715 1867 815 1933 classi
837 1869 869 1954 (a
890 1869 1106 1958 Germanico)
1126 1880 1387 1958 praeponuntur.
1416 1909 1458 1919 -
1477 1896 1507 1947 ι,

274 2002 305 2066 7.
337 1979 461 2043 Caesar
492 1976 787 2065 (Ger-maninus)...
823 1975 942 2040 Silium
976 1976 1169 2064 legatum...
1214 1977 1440 2065 inruptionem
1475 1980 1509 2043 in

273 2085 415 2150 Chattos
431 2086 538 2151 tacere
553 2084 687 2150 iubet...
707 2084 823 2171 Nequi·
837 2083 920 2148 Silio
934 2084 977 2149 ob
995 2084 1125 2152 subitos
1141 2085 1265 2150 imbres
1281 2086 1370 2151 aliud
1382 2096 1506 2163 actum,

272 2217 414 2281 quam...
429 2232 471 2241 —
489 2218 521 2272 a,
540 2192 592 2257 25.
612 2193 652 2259 (1.
674 2190 798 2258 Silio...
816 2193 863 2256 ire
880 2192 913 2256 in
930 2192 1073 2258 Chattos
1089 2194 1231 2282 imperat
1247 2195 1506 2279 (Germanicus).

273 2339 314 2348 -
330 2299 361 2377 3,
380 2302 435 2377 da.
458 2300 608 2388 (Treveri
625 2298 841 2365 rebellantes)
861 2300 1063 2387 petebant...
1087 2300 1206 2380 saltus,
1238 2303 1361 2390 quibus
1386 2328 1507 2369 nornen

273 2407 470 2483 Arduenna,
488 2431 565 2473 cum
582 2407 734 2494 legiones
768 2416 909 2497 utroque
935 2408 977 2473 ab
1001 2409 1149 2475 exercitu
1167 2412 1407 2497 tltlerruauico),
1425 2436 1509 2499 quas

272 2513 431 2580 l'isellius
447 2522 479 2580 et
496 2515 534 2580 C.
549 2514 653 2580 Silius
667 2515 820 2581 adversis
835 2515 1012 2581 itineribus
1025 2516 1229 2594 obiecerant,
1247 2527 1438 2585 arcuerunt.
1464 2561 1508 2570 —

272 2622 375 2700 3,.13.
395 2622 621 2708 Augebantur
648 2623 843 2709 tSacroviri)
865 2623 1021 2710 copiae...
1044 2624 1227 2689 certamine
1243 2625 1365 2690 ducum
1384 2626 1507 2691 Itoma-

272 2751 404 2808 norum,
424 2752 510 2817 ques
535 2729 621 2794 inter
655 2729 889 2815 ambigebatur
919 2739 1060 2818 utroque
1097 2731 1220 2796 bellum
1248 2733 1310 2797 sibi
1334 2743 1504 2821 poscente.

270 2836 352 2906 Mox
374 2837 480 2902 Varro
504 2836 674 2901 invalidus
695 2845 831 2902 senecta
855 2837 984 2924 vigenti
1021 2838 1103 2903 Silio
1128 2840 1307 2905 concessit.
1328 2878 1370 2889 -
1392 2841 1424 2920 3,
1450 2842 1504 2919 45.

270 2941 386 3024 Silius,
398 2967 474 3009 eum
488 2943 679 3031 legionibus
694 2944 825 3009 duabus
843 2944 1016 3016 inccdens,
1030 2948 1213 3034 praemissa
1230 2948 1383 3013 auxiliari
1405 2973 1507 3014 ruunu

269 3058 380 3117 vastat
404 3052 637 3139 Sequanorum
657 3075 803 3139 pagos...
826 3052 908 3117 blox
936 3054 1225 3141 Augustodunum
1257 3057 1341 3144 petit
1364 3081 1507 3145 propero

270 3159 447 3246 agmine...
473 3198 516 3207 —
532 3158 563 3232 3,
582 3158 636 3237 46.
655 3158 771 3243 Silius,
784 3160 847 3225 etsi
862 3170 1079 3249 praesumpta
1102 3187 1178 3250 spes
1203 3162 1359 3229 hortandi
1388 3189 1507 3230 causas

270 3273 452 3334 exemerat.
474 3264 712 3331 clamitabat...
729 3304 774 3315 -
801 3269 832 3342 ,1,
866 3272 917 3334 ι8.
934 3267 973 3333 C.
996 3269 1116 3333 Silium
1135 3278 1169 3335 et
1192 3271 1315 3336 'litium
1344 3271 1505 3337 Sabinum

269 3372 465 3460 adgreditur
481 3372 665 3462 (Seianus).
676 3373 836 3439 Amicitia
854 3376 1045 3440 Germanici
1060 3378 1246 3464 perniciosa
1263 3378 1407 3466 utrique.
1423 3379 1507 3444 Silio

270 3488 304 3546 et
315 3479 406 3569 quod
421 3481 570 3568 ingentis
584 3480 754 3547 exercitus
770 3490 899 3570 septem
916 3506 976 3571 per
992 3506 1098 3548 annos
1126 3486 1318 3550 moderator
1333 3487 1506 3575 partisque

269 3587 358 3676 apud
370 3588 589 3654 Germaniam
615 3588 877 3676 triumphalibus
891 3592 1117 3655 Sacroviriani
1138 3591 1218 3656 belli
1240 3593 1388 3660 victor...
1409 3633 1448 3645 -
1471 3599 1503 3672 A,

275 3719 323 3784 ¹9·
343 3695 424 3760 Erat
446 3719 532 3761 uxor
547 3694 631 3760 Silio
649 3695 746 3761 Sosia
766 3695 877 3775 Galla,
895 3698 1034 3764 caritate
1051 3699 1258 3787 Agrippinae
1284 3700 1391 3766 invisa
1416 3703 1503 3789 prin·

269 3802 376 3891 cipi...
404 3801 514 3869 Multa
526 3803 792 3884 adseveratione,
812 3805 909 3892 quasi
929 3814 987 3871 aut
1003 3805 1135 3893 legibus
1150 3831 1225 3871 cum
1241 3807 1325 3873 Silio
1350 3816 1506 3895 ageretur

268 3904 447 3975 autl'arro
469 3910 588 3976 consul
616 3920 674 3977 aut
698 3911 782 3976 illud
811 3913 1000 4000 respublica
1017 3923 1117 3995 esset,
1153 3925 1320 4002 coguntur
1349 3925 1486 4005 patrea..

269 4015 338 4082 Nec
351 4016 452 4083 dubie
468 4019 728 4107 repetundarum
743 4020 942 4086 criminibus
967 4021 1161 4095 haerebant,
1177 4023 1367 4089 sedeunctu
1383 4048 1503 4114 quaes·

268 4124 359 4190 tione
378 4125 566 4191 maiestatis
581 4127 741 4201 exercita,
759 4135 794 4193 et
809 4127 913 4193 Silius
931 4130 1164 4196 imminentem
1181 4131 1433 4198 damnationem
1447 4156 1505 4195 vo·

266 4232 414 4298 luntario
428 4235 493 4298 line
509 4234 703 4321 praevertit.
726 4271 770 4283 -
796 4259 845 4317 rr,
872 4236 926 4303 35.
956 4237 1166 4326 (Narcissus)
1194 4240 1342 4327 patelieri
1366 4239 1504 4304 domum

269 4337 412 4405 adulteri
428 4339 660 4427 (Messalinae)
679 4349 781 4430 atque
810 4343 890 4409 illuc
915 4344 1036 4409 deduci
1062 4346 1299 4434 imperatorem
1326 4347 1430 4412 iubet.
1455 4347 1504 4411 Ac

269 4446 414 4534 primum
430 4447 464 4511 in
483 4447 654 4513 vestibulo
669 4448 815 4536 elligiem
845 4452 950 4538 patris
962 4452 1036 4515 Silii
1052 4453 1208 4519 consulto
1242 4462 1378 4520 senatus
1402 4454 1506 4520 uboli-

269 4562 339 4620 tam
356 4554 630 4623 demonstratl...

226 4662 265 4728 C.
281 4660 436 4741 SlLlVS,
457 4662 618 4728 SlllVS3
631 4665 701 4751 (B).
720 4703 763 4717 -
781 4692 829 4748 rr,
853 4670 884 4738 5.
904 4668 1088 4756 lncipieute
1108 4669 1146 4735 C.
1164 4671 1248 4735 Silio
1259 4672 1396 4737 consule
1419 4671 1505 4737 ‹lesi-

256 4853 306 4902 ¹C.
324 4854 404 4902 Silius
422 4857 454 4903 A.
473 4856 588 4905 Caecina
604 4858 712 4921 Largus.
733 4860 853 4911 l’uosor..
870 4862 926 4924 5⁰7·

255 4932 266 4967 ²
282 4930 315 4981 V.
333 4936 414 4983 etiam
428 4937 451 4983 3.
464 4943 502 4998 17.

255 5012 266 5047 ³
286 5014 409 5070 Proser„
428 5016 486 5066 505.

287 5122 366 5173 Uarr.
385 5137 418 5172 ne
435 5124 519 5175 [που.
535 5152 564 5164 -
584 5126 665 5176 Fama
