3709 6234
821 859 944 913 rantur
1469 853 1519 910 5‘21

292 999 342 1081 13,
365 1001 396 1064 6.
417 1000 442 1064 F
446 1000 500 1064 ine
522 1000 603 1065 anni
624 998 769 1064 turbidis
801 998 992 1064 rumoribus
1017 998 1211 1086 prorupisse
1230 1021 1364 1062 rursum
1377 998 1521 1063 Parthos

286 1116 320 1174 et
330 1108 400 1196 rapi
416 1108 615 1172 Armeniam
626 1106 778 1171 adlatum
790 1113 853 1183 est,
868 1105 1184 1194 pulsolladamisto.
1194 1158 1214 1171 ..
1226 1143 1266 1156 -
1283 1104 1373 1193 ¹3³7·
1387 1105 1519 1173 Nero...

285 1216 412 1282 duos...
439 1223 573 1279 veteres
585 1237 682 1300 reges
698 1214 895 1302 Agrippam¹
912 1223 946 1278 et
975 1213 1183 1278 Antiochum
1212 1211 1369 1298 expedire
1393 1213 1518 1300 copias,

285 1324 362 1411 quis
372 1323 574 1387 Parthorum
585 1322 668 1386 lines
683 1320 771 1386 ultro
786 1321 964 1401 intrarent,
974 1319 1352 1407 (iubet)...Abseessere
1359 1320 1520 1385 Armenia

286 1429 415 1502 Parthi.
442 1436 617 1518 tamquam
647 1428 820 1494 dillerreut
842 1426 1112 1501 belluna-13,
1146 1428 1199 1504 34.
1229 1425 1391 1491 Mollibus
1412 1426 1520 1491 adhuc

286 1537 389 1601 initiis
402 1535 606 1625 prolatatum
623 1535 710 1600 inter
725 1535 866 1600 Parthos
883 1535 1121 1623 llomauosque
1137 1534 1177 1600 dc
1201 1533 1384 1599 obtinenda
1400 1533 1520 1599 Arme·

285 1645 339 1709 nia
362 1643 488 1708 bellum
510 1643 632 1708 acriter
658 1642 880 1708 resumitur...
908 1642 1060 1707 Armenii
1099 1640 1256 1728 ambigua
1286 1640 1350 1705 lide
1378 1648 1521 1730 utraque

284 1773 376 1815 arma
392 1751 594 1822 invitabant.
619 1751 686 1815 situ
702 1757 880 1826 terrarum,
906 1749 1128 1815 similitudine
1146 1773 1277 1814 morum
1294 1749 1428 1815 Parthis
1443 1773 1521 1837 pro-

284 1860 394 1947 piores
409 1857 631 1946 conubiisque
652 1857 852 1944 permixti...
870 1896 912 1905 -
932 1857 983 1932 13,
1002 1857 1056 1945 37.
1087 1856 1294 1922 Tiridates...
1320 1855 1518 1923 mittebat...

285 1965 337 2052 (ad
354 1963 598 2051 Corbulonem)
615 1972 778 2044 oratores,
795 1964 853 2053 qui
869 1988 931 2029 suo
952 1964 1221 2052 Parthorumque
1242 1965 1377 2029 nomine
1398 1986 1521 2052 expos-

284 2058 446 2149 tularent,
461 2096 562 2138 eur...
587 2070 1020 2159 nuper...redintegrata...
1041 2072 1247 2148 amicitia...,
1264 2079 1377 2136 vetere
1402 2074 1520 2136 Arme·

284 2182 357 2246 niae
378 2180 594 2268 possessione
609 2178 846 2267 depelleretur.
878 2182 981 2256 -14,
1011 2179 1063 2245 25.
1088 2179 1182 2257 Quae
1197 2177 1328 2242 facilius
1346 2179 1521 2267 provenie-

286 2287 380 2360 bant,
429 2288 507 2375 quia
539 2286 653 2351 Parthi
683 2287 842 2374 Hyrcano
872 2286 962 2351 bello
993 2285 1252 2356 distinebantur.
1292 2286 1520 2374 miserantque

286 2395 436 2482 llyrcaui
466 2394 508 2458 ad
542 2394 729 2481 principem
752 2393 941 2457 llornanum
976 2392 1175 2480 (legatos)...
1200 2393 1266 2457 llos
1292 2393 1521 2481 regredientes

283 2501 444 2576 Corbulo,
462 2525 504 2565 ne
520 2500 715 2588 Euphraten
731 2501 936 2587 transgressi
948 2500 1097 2565 hostium
1122 2501 1285 2566 custodiis
1300 2502 1519 2566 circumveni·

282 2618 409 2684 rentur,
425 2608 504 2673 dato
515 2608 684 2695 praesidio
703 2608 745 2673 ad
765 2607 863 2672 litora
880 2608 983 2671 maris
999 2608 1104 2673 llubri
1119 2607 1272 2686 deduxit,
1293 2607 1382 2674 unde
1405 2609 1520 2673 vitatis

285 2718 488 2783 Parthorum
504 2716 627 2781 linibus
637 2717 764 2804 patrias
775 2717 809 2781 in
824 2716 922 2780 sedes
938 2739 1140 2782 remeavere.
1155 2753 1199 2765 -
1218 2719 1267 2794 rt,
1287 2716 1340 2783 26.
1365 2716 1520 2805 Plerique

285 2826 555 2911 (Armeniorum)
585 2823 780 2913 superbiam
804 2823 1005 2889 Parthorum
1033 2825 1142 2912 perosi
1174 2824 1291 2889 datum
1319 2850 1337 2888 a
1358 2824 1520 2889 llomanis

284 2956 396 3020 regem
417 2933 615 3019 (Tigranen)
629 2930 842 2997 malebant...
861 2934 966 3010 -15,
993 2955 1021 2996 1.
1041 2932 1115 2997 llex
1129 2931 1330 2997 Parthorum
1354 2931 1520 3019 Vologae·

283 3063 377 3107 sos...
405 3040 588 3128 (Primores
607 3040 759 3126 gentium
782 3040 1028 3127 praecipueque
1057 3039 1264 3104 Monobazus
1288 3062 1346 3105 rex
1371 3038 1519 3105 Adiabe-

278 3171 397 3212 norum
409 3146 650 3236 querebantur)
660 3148 724 3210 iam
744 3145 786 3211 de
798 3147 960 3211 Armenia
971 3169 1168 3211 concessum
1182 3147 1358 3233 (Tigrani),
1366 3148 1518 3235 proxima

279 3256 365 3320 trahi
379 3262 424 3331 et,
444 3255 509 3319 nisi
535 3253 717 3319 defendant
737 3253 866 3329 Parthi,
885 3254 995 3318 levius
1023 3254 1197 3330 servitium
1226 3255 1316 3342 apud
1348 3255 1519 3319 llomanos

278 3363 400 3428 deditis
419 3386 520 3450 quam
542 3361 650 3448 captis
672 3384 756 3426 esse.
780 3362 890 3438 -15,
915 3364 946 3437 ,4.
975 3361 1100 3427 Partho
1114 3362 1156 3427 ad
1172 3361 1403 3449 exsequendas
1431 3360 1520 3426 obsi-

282 3471 400 3535 diones
443 3469 537 3534 nulla
571 3469 762 3532 comminus
784 3468 936 3533 audacia.
959 3508 1002 3517 -
1027 3471 1076 3542 15,
1100 3490 1131 3554 7.
1165 3468 1282 3556 Legati
1306 3468 1516 3557 l‘ologaesis

280 3602 366 3666 quos
382 3577 423 3642 ad
439 3578 623 3665 principem
648 3577 770 3640 missos
800 3577 997 3646 memorari.
1020 3583 1187 3641 revertere
1205 3576 1296 3641 inriti
1324 3576 1518 3665 bellumque

281 3685 453 3773 propalam
479 3692 653 3772 sumptum
685 3708 702 3746 a
726 3683 902 3749 Parthis...
922 3722 967 3734 -
987 3684 1036 3756 15,
1053 3708 1085 3773 9.
1106 3684 1223 3749 Parthi
1251 3685 1376 3748 omisso
1399 3693 1518 3772 paratu

277 3791 488 3856 invadendae
516 3791 634 3877 Syriae
655 3814 751 3877 spem
775 3814 908 3855 ornnem
935 3792 967 3854 in
998 3791 1196 3860 Armeniam
1235 3793 1450 3880 (verterunt).
1473 3832 1519 3843 -

284 3900 333 3968 25.
359 3924 410 3964 ro.
430 3899 580 3962 llctineri
607 3907 717 3962 castra
738 3905 771 3963 et
787 3898 877 3963 eludi
907 3898 1053 3963 Parthus
1081 3905 1188 3963 tractu
1216 3898 1295 3964 belli
1316 3907 1457 3988 poterat,
1490 3900 1518 3964 si

280 4008 381 4072 Paeto
408 4015 465 4071 aut
494 4007 528 4069 in
561 4006 631 4069 suis
656 4015 713 4070 aut
738 4007 771 4070 in
792 4005 910 4070 alienis
926 4006 1077 4071 consiliis
1106 4008 1295 4073 constantia
1326 4008 1457 4074 suisset.
1476 4047 1518 4059 —

282 4114 330 4188 εἴ),
359 4114 408 4178 ι3.
434 4114 548 4201 ltaque
562 4113 738 4179 'intentius
753 4112 958 4200 Vologaeses
974 4136 1125 4201 premere
1145 4115 1359 4188 obsessos...,
1378 4116 1515 4203 propius

277 4220 436 4286 incedens
452 4244 554 4308 quam
576 4243 650 4285 mos
668 4220 814 4300 Parthie,
833 4221 862 4284 si
882 4244 920 4285 ea
940 4222 1130 4287 temeritate
1145 4222 1278 4287 hostem
1295 4223 1329 4287 in
1349 4224 1515 4310 proelium

278 4328 426 4393 eliceret.
444 4330 491 4392 nt
511 4328 618 4401 illi...,
648 4328 700 4393 vis
714 4329 744 4392 si
757 4328 942 4414 ingrueret,
955 4327 1100 4416 provisis
1110 4329 1275 4417 exemplis
1285 4330 1379 4416 pacis
1392 4329 1517 4396 Caudi-

280 4458 341 4500 nae
375 4436 681 4523 Numantinaeque.
721 4459 829 4522 neque
858 4435 1013 4500 eamdem
1041 4436 1111 4500 vim
1142 4436 1362 4517 Samnitibus,
1401 4437 1517 4503 ltalico

282 4542 416 4631 populo.
435 4566 472 4606 ac
494 4542 627 4606 Parthis
642 4543 663 4618 ¹,
682 4542 826 4607 llomani
843 4541 975 4629 imperii
990 4542 1279 4614 aemulis...-15.
1302 4547 1351 4621 rt.
1370 4545 1517 4610 Vasaces

268 4831 273 4863 ¹
292 4830 317 4881 Μ
332 4845 338 4879 2
354 4835 400 4879 aut
415 4832 523 4895 poeuis.
541 4834 617 4881 Corn.
635 4833 796 4883 llulnrius.—
814 4833 851 4881 lo.
870 4832 912 4881 Fr.
926 4832 1060 4880 Gronau:
1073 4835 1121 4881 aut
1139 4832 1274 4897 Hispania.
1291 4850 1374 4899 quam
1392 4835 1517 4888 Parthis:

235 4910 391 4974 Nipperdey
407 4929 412 4960 :
431 4916 459 4959 ut
479 4912 598 4962 Parthis.
615 4940 646 4949 -
663 4914 749 4961 Totus
774 4915 849 4961 locus
865 4916 1013 4975 corruptus
1026 4916 1076 4962 est.
1094 4913 1168 4971 Quae
1184 4918 1212 4964 ct
1225 4929 1275 4982 pro
1286 4915 1388 4967 codicis
1403 4917 1518 4967 lectione

234 4994 262 5048 et
278 4997 373 5041 contra
391 4994 513 5042 camdem
528 4994 582 5041 dici
599 4998 722 5058 possunt,
743 5010 767 5041 r.
787 4993 859 5057 apud
875 4993 1025 5042 Ortmann.
