3709 6234
280 897 335 956 740
812 908 844 960 x.
865 893 1035 959 irrentus

324 1046 358 1111 id
373 1046 456 1112 satis
483 1046 672 1113 videbatur.
691 1087 732 1097 -
748 1046 774 1132 l,
802 1050 851 1125 rt.
874 1046 941 1113 Sed
961 1046 1081 1124 Galba,
1099 1052 1176 1134 post
1189 1043 1326 1111 nuntios
1341 1039 1580 1110 Germanicae

324 1153 512 1232 seditionis
541 1178 747 1245 quamquam
774 1153 859 1220 nihil
892 1154 1001 1219 adhuc
1036 1154 1078 1219 de
1104 1152 1240 1219 Vitellio
1267 1160 1411 1235 certum,
1445 1152 1577 1217 anxius

325 1284 472 1348 quonam
490 1263 697 1328 exercituum
727 1263 778 1327 vis
805 1268 1038 1350 erumperet...
1055 1299 1100 1311 —
1113 1260 1139 1342 1,
1155 1264 1208 1338 44.
1229 1260 1347 1325 Plures
1363 1283 1471 1349 quam
1491 1283 1575 1324 een·

325 1378 397 1433 tum
416 1369 540 1456 viginti
560 1369 695 1435 libellos
710 1370 897 1459 praemium
913 1370 1170 1458 exposcentium
1191 1367 1235 1433 ob
1259 1367 1408 1457 aliquam
1434 1367 1575 1433 notabi-

325 1474 393 1541 lem
419 1476 477 1540 illa
510 1476 563 1541 die
598 1479 677 1566 (qua
707 1476 816 1543 Galba
842 1478 975 1542 occisus
1008 1478 1074 1563 est)
1107 1499 1244 1564 operam
1268 1474 1429 1541 Vitellius
1449 1485 1574 1563 postea

324 1583 468 1664 invenit,
500 1608 686 1673 omnesque
713 1584 866 1675 conquiri
891 1592 926 1649 et
944 1584 1087 1650 interlici
1101 1584 1240 1651 iussit...
1258 1622 1301 1633 -
1325 1582 1351 1659 l,
1368 1566 1423 1649 bo.
1444 1582 1573 1672 Trepi-

323 1691 402 1756 dam
412 1691 573 1759 urbem...
586 1717 694 1758 novus
705 1694 842 1782 insuper
852 1693 893 1759 de
907 1693 1047 1760 Vitellio
1058 1694 1197 1759 nuntius
1208 1693 1413 1759 exterruit...
1426 1715 1443 1755 e
1466 1692 1570 1757 Nune

327 1798 537 1886 proOthone
568 1823 612 1865 an
641 1824 701 1889 pro
722 1800 860 1866 Vitellio
876 1800 910 1865 in
937 1801 1222 1890 templa'ituros‘?
1247 1800 1415 1888 Vtrasque
1443 1799 1569 1887 impias

327 1928 485 1993 preces...
508 1906 596 1972 inter
620 1905 717 1990 duoS,
741 1931 884 1996 quorum
913 1907 1002 1974 bello
1032 1907 1143 1974 solum
1169 1907 1204 1973 id
1231 1908 1345 1984 scires,
1363 1906 1569 1973 deteriorem

328 2014 398 2078 lore
421 2013 478 2101 qui
502 2013 652 2080 vicisset.
671 2053 713 2063 —
741 2014 768 2091 l.
792 2015 846 2081 52.
877 2015 948 2081 Sub
973 2016 1063 2104 ipsas
1083 2016 1265 2103 superioris
1289 2015 1368 2080 anni
1400 2012 1569 2080 kalendas

328 2118 532 2185 Decembres
569 2121 680 2186 Aulus
720 2122 878 2188 Vitellius
915 2122 1109 2188 inferiorem
1142 2124 1358 2188 Germaniam
1389 2122 1568 2208 ingressus

326 2226 467 2291 hiberna
482 2225 654 2314 legionum
672 2252 748 2293 eum
764 2253 844 2295 cura
857 2229 1027 2297 adierat...
1044 2230 1087 2295 Et
1098 2239 1135 2294 ut
1151 2228 1308 2295 Vitellius
1323 2228 1413 2317 apud
1429 2251 1569 2294 severos

326 2332 474 2409 humilis,
494 2333 540 2399 ita
555 2335 749 2401 comitatem
764 2336 1019 2426 bonitatemque
1034 2337 1187 2402 faventes
1198 2335 1477 2425 vocabant‚quod
1494 2336 1568 2400 sine

325 2439 438 2520 modo,
471 2441 543 2506 sine
583 2441 706 2508 iudicio
742 2443 885 2510 donaret
920 2468 992 2521 sua,
1029 2443 1209 2532 largiretur
1247 2443 1397 2510 aliena...
1441 2441 1569 2508 Fabius

327 2546 451 2613 Valens
471 2600 491 2614 ..
513 2549 674 2636 instigare
690 2551 867 2617 Vitellium
886 2573 893 2618 :
966 2581 981 2613 u
1002 2550 1138 2617 Vitellio
1155 2559 1224 2617 tres
1233 2551 1339 2639 patris
1353 2549 1567 2630 consulatus,

328 2682 517 2740 censuram,
541 2659 722 2749 collegium
743 2659 898 2725 Caesaris
921 2667 955 2725 et
978 2659 1151 2748 imponere
1178 2661 1246 2724 iam
1270 2658 1400 2747 pridem
1423 2658 1569 2746 impera·

327 2767 409 2831 toris
423 2766 653 2855 dignationem
673 2774 708 2832 et
727 2767 856 2832 auferre
878 2767 1000 2854 privati
1016 2768 1272 2833 securitatem.»
1289 2805 1333 2815 —
1346 2765 1373 2847 l,
1387 2764 1442 2830 56.
1456 2765 1568 2854 Aqui-

329 2871 404 2939 liler
419 2882 557 2963 quartae
574 2874 717 2962 legionis
746 2874 896 2962 epulanti
917 2873 1053 2940 Vitellio
1075 2875 1251 2941 nuntiat...
1269 2873 1366 2939 Missi
1383 2897 1401 2937 a
1427 2872 1568 2937 Vitellio

329 2980 371 3045 ad
387 2980 538 3068 legiones
562 2981 772 3071 legatosque,
797 2982 856 3069 qui
876 2981 1060 3047 descivisse
1080 3007 1096 3047 a
1119 2982 1228 3049 Galba
1249 2981 1457 3070 superiorem
1470 3002 1570 3045 exer-

328 3088 432 3153 citum
455 3089 707 3155 nuntiarent-
720 3087 746 3155 l.
764 3088 853 3177 521⁴*
855 3088 953 3154 abius
964 3089 1090 3155 Valens
1111 3140 1133 3156 ..
1145 3087 1570 3178 imperatoremVitellium

325 3196 591 3263 consalutauit...
607 3196 766 3284 Superior
785 3198 993 3264 exercitus...
1007 3198 1145 3263 tertium
1159 3221 1267 3263 nonas
1283 3194 1570 3262 lanuariasVitel-

328 3301 373 3367 lio
390 3304 542 3368 accessit.
565 3341 610 3353 —
636 3305 660 3387 Ι,
678 3305 733 3371 58.
752 3302 903 3369 laudata
919 3304 1064 3369 rnilitum
1086 3304 1259 3371 alacritate
1275 3303 1433 3369 Vitellius
1449 3303 1569 3367 minis-

325 3412 408 3475 teria
433 3412 641 3498 principatus
672 3435 730 3497 per
764 3410 910 3476 libertos
936 3412 989 3498 agi
1019 3412 1118 3477 solita
1155 3414 1188 3476 in
1224 3413 1353 3501 equites
1390 3412 1569 3475 llomanos

327 3518 488 3604 disponit.
506 3556 549 3564 -
566 3519 591 3596 l,
607 3518 660 3606 59.
673 3520 855 3582 Accessere
871 3519 1024 3607 partibus
1037 3519 1193 3584 Valerius
1208 3521 1391 3599 Asiaticus,
1410 3517 1570 3606 Belgicae

326 3625 518 3711 provinciae
539 3626 684 3711 legatuS,
714 3648 814 3713 quem
837 3650 915 3689 mox
941 3626 1099 3692 Vitellius
1123 3651 1286 3712 generum
1313 3626 1502 3692 adscivit...
1526 3665 1571 3676 -

327 3732 352 3808 l,
377 3731 429 3797 bo.
455 3731 654 3819 (Trebellius
676 3733 846 3796 Maximus
866 3733 1060 3798 Britanniae
1082 3734 1226 3820 legatus)
1243 3733 1511 3822 adgregantibus
1532 3757 1569 3797 se

327 3838 614 3925 (lamentatio
640 3838 767 3924 (legato
796 3839 939 3926 legionis
968 3841 1189 3905 auxiliaribus
1220 3865 1354 3930 quoque
1384 3840 1570 3922 militibus)

325 3944 520 4009 desertus...
534 3947 575 4008 ad
593 3945 766 4011 Vitellium
794 3948 981 4034 (perfugit).
997 3986 1041 3998 —
1062 3948 1086 4024 l,
1106 3949 1160 4014 61.
1181 3949 1352 4013 Adiuncto
1370 3949 1568 4014 Britannico

326 4053 475 4116 exercitu
510 4054 628 4136 ingens
651 4054 779 4118 viribus
794 4054 981 4143 opibusque
998 4056 1155 4120 Vitellius
1181 4058 1266 4122 duos
1283 4057 1396 4134 duces,
1415 4055 1483 4121 duo
1513 4057 1569 4121 iti·

326 4183 403 4223 nera
421 4159 508 4223 bello
525 4148 751 4227 destinavit...
774 4162 900 4226 Addita
932 4165 1064 4251 utrique
1086 4163 1204 4249 (Fabio
1232 4164 1366 4229 Valenti
1386 4173 1420 4229 et
1440 4164 1569 4229 Alieno

325 4266 504 4351 Caecinae)
525 4270 770 4332 Gernmnorum
791 4270 929 4337 auxilia.
954 4270 1117 4358 equibus
1139 4271 1296 4336 Vitellius
1325 4295 1403 4335 suas
1428 4294 1569 4360 quoque

325 4373 438 4459 copias
459 4374 641 4460 supplerit,
670 4382 739 4439 tota
765 4376 853 4439 mole
878 4375 960 4441 belli
983 4385 1173 4442 secuturus.
1197 4414 1239 4426 —
1261 4377 1286 4457 l,
1319 4377 1372 4443 lia.
1394 4377 1569 4464 Torpebat

326 4479 483 4544 Vitellius
504 4488 537 4544 ct
566 4480 734 4545 fortunam
757 4484 965 4570 principatus
993 4485 1092 4548 inerti
1118 4484 1200 4548 luxu
1220 4507 1258 4549 ac
1281 4484 1433 4572 prodigis
1453 4485 1570 4573 epulis

324 4587 599 4672 praesumebat...
630 4589 790 4655 lnstructi
821 4591 1010 4679 intentique
1039 4592 1174 4677 signum
1204 4591 1423 4679 profectionis
1442 4616 1571 4681 expos-

324 4702 415 4760 cunt.
448 4695 577 4758 Nomen
607 4697 799 4761 Germanici
817 4698 954 4763 Vitellio
986 4700 1101 4762 statim
1123 4698 1288 4776 additum,
1318 4700 1503 4765 Caesarem
1535 4725 1572 4767 se

323 4801 483 4887 appellari
516 4802 616 4866 etiam
658 4804 766 4868 victor
796 4805 978 4890 probibuit.
1007 4844 1050 4856 -
1084 4807 1110 4887 l,
1156 4808 1211 4884 64.
1253 4806 1428 4893 (Nuntiata
1462 4808 1572 4875 caede

323 4908 464 4995 Galbae)
487 4908 595 4973 Gallis
622 4913 792 4976 cunctatio
816 4922 974 5000 exempta
1003 4922 1037 4979 et
1064 4915 1096 4977 in
1128 4914 1296 4980 Othonem
1329 4938 1367 4978 ac
1387 4914 1573 4982 Vitellium

325 5015 441 5079 odium
454 5040 524 5102 par,
540 5041 580 5080 ex
601 5018 738 5083 Vitellio
753 5027 786 5083 ct
801 5030 922 5086 metus
933 5072 953 5085 ..
973 5022 1122 5087 Manlius
1137 5020 1262 5086 Valens
1279 5021 1413 5109 legatus
1429 5021 1577 5093 ltalicae
