3709 6234
295 859 348 916 aaa
763 863 792 915 ι.
811 859 948 931 (rvurs)
962 854 1113 915 vnsurlvs

340 1005 559 1094 regnantibus
585 1004 793 1070 moderatius
812 1003 991 1093 imperium
1018 1004 1174 1093 speratis.
1195 1031 1211 1064 ιι
1232 1037 1273 1052 -
1303 1002 1360 1084 IV,
1389 1001 1442 1089 76.
1474 1000 1580 1090 Apud

340 1114 528 1178 Germanos
564 1113 706 1178 diversis
746 1112 923 1178 sententiis
956 1110 1191 1178 certabatur...
1222 1111 1327 1177 Tutor
1359 1109 1579 1175 cunctatione

337 1245 487 1288 crescere
502 1245 573 1287 rem
589 1221 777 1287 Romanam
801 1220 1041 1298 adfirmabat..
1065 1219 1207 1285 Diremit
1227 1219 1444 1284 consiliorum
1466 1217 1579 1284 diver·

300 1341 302 1343 ’
337 1330 470 1396 sitatem
487 1329 672 1418 adprobata
687 1329 823 1394 Tutoris
842 1329 1009 1394 sententia
1031 1328 1243 1393 Classicus...
1261 1367 1303 1376 —
1325 1326 1383 1408 lV,
1401 1328 1454 1415 78.
1472 1325 1579 1391 Tutor

336 1445 369 1503 et
393 1438 565 1504 Classicus
593 1444 627 1503 et
642 1436 762 1503 Civilis
791 1437 862 1502 suis
881 1437 1025 1525 quisque
1044 1436 1128 1500 locis
1157 1458 1306 1524 pugnam
1326 1433 1505 1499 ciebant...
1533 1471 1579 1482 -

337 1545 378 1626 V,
401 1571 450 1633 ¹9·
468 1546 645 1611 Transiere
669 1545 824 1611 ltlrenum
853 1544 958 1610 Tutor
971 1567 1104 1634 quoque
1131 1552 1165 1608 et
1185 1543 1356 1609 Classicus
1385 1549 1419 1608 et
1438 1549 1577 1607 centum

337 1654 496 1719 tredecim
524 1654 735 1720 Trevirorum
789 1660 973 1719 senatores.
992 1689 1034 1702 -
1068 1653 1109 1730 V,
1133 1676 1185 1718 20.
1219 1651 1432 1717 Praesidio...
1456 1648 1578 1716 Civilis

336 1762 580 1851 quadripertito
608 1762 820 1849 (invasit),...
858 1762 902 1826 ita
933 1760 1051 1825 divisis
1079 1759 1196 1847 copiis,
1227 1766 1265 1824 ut
1298 1759 1369 1847 ipse
1398 1766 1431 1824 et
1463 1757 1577 1823 Verax

336 1893 450 1935 sorore
467 1870 538 1934 eius
555 1871 702 1959 genituS,
719 1869 959 1958 Classicusque
979 1892 1017 1934 ac
1038 1867 1142 1933 Tutor
1162 1890 1258 1932 suam
1273 1867 1416 1956 quisque
1435 1888 1576 1931 manum

336 1976 519 2043 traherent.
538 2016 581 2026 -
600 1978 642 2059 V,
661 2003 714 2043 ar.
738 1977 898 2043 Civilis...
913 1976 1030 2042 relicto
1044 1999 1129 2065 equo
1146 1976 1393 2056 tranatavit...;
1415 1974 1576 2041 Tutorem

336 2084 592 2175 Classicumque
612 2084 774 2173 adpulsae
794 2085 912 2150 lintres
932 2107 1066 2149 vexere.

293 2191 441 2259 IVLIVS
464 2192 765 2265 VALENTlNVS,
796 2193 825 2255 V
828 2190 1098 2256 ALENTINVS.
1120 2230 1162 2239 -
1191 2189 1249 2273 lV,
1272 2189 1328 2254 68.
1360 2189 1576 2256 Trevirorum

336 2299 460 2388 legatio
490 2300 593 2390 (apud
625 2301 763 2387 lteruos)
794 2298 1043 2388 opperiebatur,
1072 2298 1235 2364 acerrimo
1269 2298 1467 2364 instinctore
1492 2297 1575 2364 belli

337 2407 438 2472 lulio¹
456 2408 649 2473 Valentino.
681 2408 712 2472 ls
736 2407 896 2472 meditata
919 2406 1110 2472 oratione...
1134 2405 1397 2471 contumelias...
1424 2414 1457 2471 et
1479 2406 1575 2470 invi-

335 2515 425 2579 diam
439 2516 472 2578 in
487 2514 648 2603 populum
666 2515 855 2578 ltonranurn
870 2513 1001 2592 effudit,
1021 2512 1175 2578 turbidus
1193 2512 1376 2579 miscendis
1397 2513 1574 2579 seditioni·

335 2623 399 2688 bus
432 2631 465 2687 et
490 2622 658 2710 plerisque
686 2628 802 2706 gratus
822 2621 978 2685 vaecordi
999 2621 1167 2686 facundia.
1184 2661 1227 2670 —
1254 2621 1311 2701 lV,
1329 2622 1383 2711 69.
1403 2621 1575 2687 Valentini

336 2731 485 2794 animuin
517 2728 712 2805 laudabant,
752 2728 931 2792 consilium
970 2727 1074 2817 (lulli)
1107 2730 1266 2819 Auspicis
1302 2729 1573 2818 sequebantur...

336 2836 472 2900 lteslitit
501 2833 588 2898 idern
615 2834 814 2900 Valentinus
834 2834 1070 2924 obstruxitque
1088 2837 1235 2903 civitatis
1251 2861 1330 2902 suae
1349 2861 1458 2918 aures.
1482 2837 1573 2902 haud

335 2941 473 3030 perinde
490 2942 687 3006 instruendo
708 2941 796 3006 bello
819 2943 970 3009 intentus
985 2966 1087 3032 quam
1108 2944 1265 3033 frequens
1285 2945 1511 3011 contionibus.
1528 2983 1574 2996 —

338 3049 392 3118 lV.
413 3073 464 3135 7⁰·
484 3047 573 3113 llaec
590 3049 768 3114 Valentino
784 3049 923 3116 absente
946 3059 1042 3138 gesta
1057 3073 1064 3132 ;
1082 3053 1139 3140 qui
1158 3051 1216 3116 ubi
1233 3052 1439 3118 adventabat
1458 3052 1574 3118 furens

332 3162 519 3242 eurrclaquo
541 3179 655 3220 rursus
672 3157 707 3220 in
723 3156 839 3221 turbas
860 3166 893 3223 et
915 3159 1055 3224 exitium
1084 3183 1352 3226 conversurus...
1373 3160 1573 3225 Valentinus

333 3287 370 3326 ιιι·
386 3260 490 3326 'l'ulor
511 3263 543 3326 iu
560 3286 653 3327 arma
668 3264 824 3329 'Treviros
841 3266 1028 3334 retrabunt.
1045 3267 1165 3331 occisis
1182 3268 1350 3332 llerennio
1363 3291 1401 3332 ac
1417 3267 1573 3333 Numisio

335 3370 463 3452 legalis.
481 3408 522 3416 —
541 3370 596 3446 lV,
617 3396 668 3458 7¹·
687 3372 732 3436 Aa
748 3373 868 3437 Civilis
884 3382 917 3438 et
933 3373 1146 3440 Classicus..
1164 3375 1382 3440 Valentinum
1398 3400 1570 3458 monuere,

335 3500 374 3540 ue
396 3500 546 3541 sunuuae
563 3479 609 3542 rei
626 3479 813 3565 perieulum
836 3481 1000 3546 faceret...
1021 3483 1189 3570 tl'etilius)
1214 3482 1365 3550 Cerialis.
1389 3484 1572 3571 .ltigodu-

335 3583 403 3645 lunr
430 3584 535 3651 venit.
565 3608 664 3672 quern
692 3585 805 3651 locuni
841 3612 962 3674 magna
992 3588 1206 3652 'Trevirorum
1237 3613 1339 3654 rnanu
1370 3589 1572 3655 Valentinus

335 3690 544 3756 insederat...
581 3692 663 3756 l’ars
699 3695 892 3782 equiturn...
940 3695 1169 3760 nobilissimos
1209 3696 1400 3783 belgarum,
1430 3698 1462 3761 in
1495 3699 1573 3786 quis

333 3797 452 3861 (luceru
482 3798 712 3879 Valentinum,
743 3803 842 3888 cepit.
862 3842 902 3854 -·
935 3802 991 3876 lV,
1026 3803 1078 3891 76.
1115 3803 1293 3890 (Loquitur
1328 3803 1432 3867 lulius
1452 3804 1572 3892 Tutor)

335 3937 349 3962 a
376 3904 478 3992 ldque
494 3905 617 3991 ipsum,
636 3907 726 3994 quod
752 3907 959 3973 inconditam
987 3932 1094 3996 nuper
1110 3909 1281 3974 Valentini
1299 3933 1434 3975 manum
1452 3919 1570 3978 contra

333 4035 427 4099 spem
443 4035 538 4076 suam
554 4012 741 4080 fuderint...
770 4045 783 4070 ιι
810 4054 837 4062 -
858 4015 914 4095 lV,
935 4016 988 4080 85.
1008 4017 1191 4104 Praeciqua
1214 4018 1372 4081 victoriae
1396 4018 1479 4083 tides
1499 4019 1570 4084 dux

333 4118 479 4184 hostiurn
515 4118 715 4185 Valentinus
741 4145 953 4211 nequaquam
979 4123 1109 4189 abiecto
1129 4125 1282 4190 animo...
1316 4126 1464 4191 Auditus
1495 4126 1571 4191 ideo

335 4234 464 4291 tanturn
484 4229 515 4314 (a
533 4226 715 4292 llonitiano
737 4229 989 4318 bluciauoque).
1007 4239 1044 4295 ut
1070 4240 1265 4297 nosceretur
1290 4233 1462 4319 ingenium
1483 4234 1568 4316 eius,

331 4334 577 4423 damnatusque
609 4336 695 4400 inter
725 4337 836 4423 ipsum
870 4337 1112 4424 supplicium..
1147 4340 1297 4427 accipere
1335 4364 1369 4404 se
1405 4341 1570 4406 solacium

332 4444 450 4506 mortis
465 4443 649 4530 respoudit.

289 4549 465 4634 (lVLlVS)
480 4549 669 4614 ATTICVS
685 4550 711 4609 V
717 4549 913 4632 sss'lln'l's,
937 4575 969 4615 v.
989 4552 1221 4639 (VllS'l'lNVS
1239 4554 1456 4642 ATTICVS).

288 4656 324 4721 L.
344 4655 521 4743 (IVLIVS)
541 4656 769 4737 t'lts'l'lxt's,
786 4683 817 4722 r.
839 4660 875 4725 L.
901 4658 1131 4726 VESTlNVS.

317 4919 324 4952 ¹
344 4919 369 4968 Μ
384 4935 390 4969 :
404 4920 482 4969 lulio.
501 4921 576 4971 Corr.
596 4923 620 4970 b.
643 4950 666 4958 -
685 4924 801 4972 turrea:
818 4948 828 4966 «ι
845 4925 916 4974 Nilril
935 4928 1105 4990 frequentius
1131 4931 1204 4991 apud
1223 4947 1348 4992 proceres
1368 4932 1506 4980 Gallorum
1521 4932 1568 4983 illo

286 5003 408 5062 ternpore
424 5016 504 5063 quarn
519 5017 617 5051 nornen
637 5003 706 5056 lulii.
724 5020 736 5049 a
755 5031 782 5042 -
798 5005 884 5070 Vulgo
902 5012 965 5057 arrte
980 5009 1133 5059 llitteruul:
1155 5011 1253 5059 l'ultio.
