3709 6234
285 852 338 910 57⁸
767 863 907 917 Poei'evs
927 862 1080 918 noutnvs

331 998 654 1087 pulumltomanum
680 1007 871 1071 constantia
901 1007 1192 1094 pertulissent-
1226 1006 1258 1082 3,
1293 1006 1347 1093 73.
1375 1006 1451 1070 Non
1480 1006 1569 1070 alias

331 1108 438 1194 magis
461 1131 520 1174 sua
550 1110 733 1199 populique
756 1113 899 1179 llomani
919 1113 1124 1179 contumelia
1160 1114 1345 1178 indoluisse
1364 1114 1567 1198 (Tiberium)

331 1214 508 1280 Caesarem
525 1217 674 1283 lerunt...
693 1218 743 1284 Ne
758 1220 922 1308 Spartaco
937 1221 1133 1310 quidem...
1155 1244 1403 1309 quamquam...
1434 1220 1569 1285 labaret

330 1345 383 1386 res
403 1322 548 1411 publica,
567 1324 682 1391 datum
705 1336 742 1392 ut
761 1336 860 1415 pacto
887 1329 919 1393 in
951 1328 1051 1393 tidem
1081 1329 1304 1415 acciperetur:
1334 1328 1458 1393 nedum
1490 1327 1569 1416 pul-

329 1430 495 1496 cherrimo
514 1432 629 1521 populi
654 1434 796 1499 llomani
811 1435 946 1522 lastigie
959 1434 1045 1501 latro
1061 1435 1254 1500 'l'aclarinas
1270 1460 1392 1523 pace...
1419 1436 1567 1500 redime-

330 1546 431 1605 retur.
450 1578 491 1588 -
505 1542 538 1617 ά.
557 1540 588 1607 5.
602 1542 739 1606 Mauros
754 1542 835 1608 luba
850 1567 909 1608 rex
934 1552 1109 1630 acceperat
1131 1543 1257 1608 donum
1271 1543 1386 1631 populi
1404 1543 1561 1607 llomani.

329 1680 370 1696 -
387 1649 419 1724 Δ,
438 1648 491 1713 23.
521 1647 552 1712 ls
567 1649 703 1715 demum
720 1674 830 1716 annus
846 1651 1010 1740 populum
1031 1652 1222 1716 ltomanum
1247 1651 1348 1738 longo
1381 1651 1567 1716 adversum

329 1752 509 1820 Numidam
524 1756 770 1824 'l'aclarinatem
799 1757 1063 1825 belloabsolvit.
1095 1797 1139 1811 -
1168 1762 1201 1835 4,
1234 1757 1287 1824 26.
1317 1759 1565 1823 Garamantum

329 1859 486 1944 legati...
501 1886 629 1952 quos...
651 1889 778 1951 gens...
812 1867 855 1931 ad
874 1865 1151 1931 satisfaciendum
1174 1865 1299 1953 populo
1323 1867 1475 1931 ltomano
1498 1866 1566 1930 ini-

328 1978 429 2035 serat.
457 2010 498 2020 -
518 1974 551 2052 4,
583 1972 636 2036 32.
668 1972 774 2038 Nemo
806 1974 947 2039 annales
981 1981 1117 2037 nostros
1146 1996 1222 2037 eum
1252 1975 1417 2061 scriptura
1445 1996 1566 2038 eorum

327 2077 550 2158 contenderit,
567 2081 625 2168 qui
641 2089 771 2146 veteres
783 2081 896 2169 populi
910 2081 1052 2146 llomani
1074 2104 1126 2144 res
1148 2104 1379 2168 composuere.
1397 2120 1438 2131 -—
1453 2083 1486 2158 4,
1506 2082 1563 2147 55.

329 2183 355 2245 V
359 2183 490 2250 nilecim
505 2188 663 2271 urben...,
681 2212 790 2277 neque
806 2188 952 2253 inultum
980 2187 1141 2252 distantia
1167 2188 1254 2252 inter
1273 2212 1309 2252 se
1329 2187 1567 2252 memorabant

327 2291 409 2358 ile...
427 2295 539 2378 studio
564 2296 596 2360 in
621 2296 783 2384 populum
804 2298 993 2361 llomanum
1006 2318 1065 2382 per
1085 2294 1173 2360 bella
1201 2295 1295 2359 Persi
1315 2304 1347 2360 et
1377 2294 1567 2360 Aristonici

326 2399 535 2491 aliorumque
551 2427 680 2488 regum.
702 2443 745 2455 -
765 2406 795 2480 t,
820 2403 873 2469 56.
897 2404 944 2468 ,11
974 2403 1153 2489 Zmyrnaei
1177 2403 1318 2490 repetita
1348 2409 1564 2467 vetustate...

329 2509 563 2575 transcendere
584 2510 626 2575 ad
640 2535 691 2587 ca,
709 2511 785 2598 quis
801 2510 947 2574 maxime
969 2508 1129 2580 lidebant.
1144 2510 1177 2572 in
1190 2510 1352 2597 populum
1370 2510 1565 2574 llomanum

327 2615 503 2698 olliciis...‚
522 2641 624 2706 seque
638 2619 764 2705 primos
784 2617 948 2705 templum
969 2617 1063 2681 urbis
1089 2617 1396 2686 llomaestatuisse.
1412 2616 1459 2681 M.
1481 2615 1566 2679 l'or·

327 2723 379 2787 cio
403 2723 554 2803 consule,
570 2725 702 2811 magnis
717 2723 853 2811 quidem
870 2725 935 2788 iam
955 2723 1069 2812 populi
1086 2724 1227 2788 lloinani
1245 2723 1437 2800 rebus.‚.-
1457 2726 1490 2799 A,
1505 2722 1563 2811 59.

328 2828 452 2912 (Nerot
460 2831 634 2894 lerinanici
650 2829 754 2914 lilius)
769 2854 787 2894 a
808 2829 940 2894 libertis
959 2838 993 2894 et
1010 2828 1203 2906 clientibus,
1221 2828 1421 2917 apiscendae
1440 2836 1567 2916 poten-

328 2936 391 3001 tiae
404 2937 567 3025 properio,
598 2936 892 3014 exstimulatur...‚
920 2936 1008 3001 velle
1028 2936 1063 3000 id
1087 2936 1249 3024 populum
1267 2938 1500 3000 llomanuni...
1519 2974 1556 2985 -

332 3067 341 3107 ι
357 3069 383 3119 ι,
410 3068 436 3109 i.
457 3044 658 3130 (Valerium)
670 3045 901 3122 Asiaticum„
924 3067 992 3108 non
1007 3044 1205 3109 extimuisse
1221 3045 1376 3109 contione
1393 3043 1426 3107 in
1442 3044 1566 3131 populi

329 3151 470 3215 llomani
489 3152 624 3217 lateri..
653 3192 689 3202 -
726 3177 775 3230 ri,
799 3152 852 3216 25.
872 3152 942 3217 Soli
969 3151 1146 3216 Gallorum
1179 3152 1316 3238 (Aedui)
1341 3150 1567 3215 fraternitatis

327 3280 448 3322 nemen
464 3281 542 3322 cum
557 3259 681 3346 populo
699 3259 852 3322 llomano
864 3267 1042 3345 usurpant.
1061 3298 1104 3306 —
1125 3283 1174 3330 ι2,
1189 3283 1219 3346 7.
1240 3257 1472 3344 Conglobatur
1484 3282 1566 3345 pro·

329 3366 454 3430 miscua
472 3366 651 3431 multitudo
668 3366 897 3453 populumque
912 3366 1226 3431 llomanunicailem
1244 3389 1337 3429 orare
1349 3365 1567 3429 clariritat-

333 3498 382 3542 ι2.
401 3499 449 3562 ¹9·
473 3505 485 3532 e
504 3474 624 3560 l’opuli
642 3473 781 3537 llomani
800 3473 1071 3561 imperatoribus
1096 3496 1294 3559 magnarum
1313 3474 1488 3537 nationum
1510 3497 1565 3537 rc-

327 3580 425 3662 gibus
442 3582 583 3667 primam
599 3603 637 3644 ex
661 3581 882 3644 similitudine
907 3583 1058 3645 fortunae
1083 3581 1305 3644 amicitiam...
1327 3605 1343 3642 i>
1369 3618 1412 3630 -
1436 3604 1485 3649 12.
1503 3582 1562 3647 38.

327 3688 515 3775 Syphacem
535 3688 569 3752 l'.
590 3689 714 3774 Scipio,
741 3689 862 3752 l'erscn
880 3689 915 3751 l..
937 3689 1105 3752 Paulus...
1130 3689 1252 3775 populo
1276 3689 1427 3752 lloinano
1447 3697 1566 3751 osten·
1615 3748 1618 3752 .

327 3794 416 3860 (lere.
437 3835 475 3846 -
500 3820 549 3862 io.
568 3796 621 3870 [13.
641 3794 832 3859 ¹lsricam...
852 3803 885 3858 et
901 3797 1098 3882 Aegyptiam
1118 3817 1324 3861 exercemus,
1348 3793 1565 3880 navibusque

327 3911 357 3966 el
375 3902 508 3966 casibus
532 3902 600 3965 vita
623 3901 892 3988 populiltomani
909 3903 1071 3988 permissa
1094 3910 1157 3965 est.
1201 3942 1230 3948 —
1266 3927 1314 3968 ia,
1351 3903 1405 3976 [15.
1438 3901 1564 3966 (ilites-

329 4019 418 4074 lenite
440 4010 612 4095 (hispatio,
628 4010 791 4071 nesoeius
808 4032 876 4084 rex,
893 4033 933 4072 ne
953 4008 1112 4071 .li·1nenia
1134 4007 1257 4070 donam
1281 4007 1395 4094 populi
1417 4008 1564 4072 llomani

327 4116 451 4180 scelere
467 4125 500 4180 et
516 4116 655 4203 pecunia
671 4124 891 4179 verterentur.
905 4155 949 4165 -
969 4141 1019 4192 ι2,
1038 4115 1091 4179 tii.
1108 4116 1223 4201 Neque
1245 4114 1383 4177 dubium
1417 4113 1565 4180 liabetur

327 4223 431 4288 multa
451 4224 625 4311 ttlooium)
639 4222 672 4285 in
694 4222 854 4309 populum
874 4225 1062 4286 ltomanum
1078 4224 1196 4286 merita
1208 4223 1384 4309 sociasque
1400 4223 1564 4288 victorias

328 4331 476 4418 potuisse
503 4330 598 4394 tradi.
620 4367 663 4379 -
684 4331 732 4393 13.
749 4355 781 4416 9.
792 4329 979 4415 (llomitius
993 4330 1140 4394 Corbulo
1154 4337 1187 4394 et
1203 4329 1393 4391 t'mniidius
1407 4329 1564 4405 Quadra-

326 4446 381 4503 tus
401 4460 512 4521 regem
527 4436 736 4522 l'ologaesen
752 4435 990 4504 moncliantl...
1006 4438 1139 4502 solitam
1154 4436 1320 4524 prioribus
1338 4437 1562 4501 reverentiam

327 4547 359 4609 in
377 4544 535 4631 populum
555 4546 740 4607 llomanuni
763 4545 986 4609 conlimiarct.
1005 4585 1046 4591 —
1067 4545 1113 4620 13,
1135 4546 1187 4609 Ili.
1222 4546 1306 4607 Cum
1332 4567 1369 4606 ex
1394 4543 1563 4629 dignitate

327 4651 442 4741 populi
462 4653 602 4715 llomani
615 4660 783 4738 repertum
801 4652 844 4715 sit
863 4676 915 4715 res
932 4652 1092 4716 inlustres·
1126 4650 1346 4715 annalibus...
1384 4650 1560 4717 mandare.

333 4800 367 4809 -
391 4761 439 4834 13,
467 4761 519 4835 aa.
539 4758 687 4823 tlorlmlo
708 4758 847 4844 (lignum
870 4760 1102 4844 magnitudine
1123 4759 1238 4845 populi
1259 4759 1401 4821 ltoinani
1422 4757 1564 4823 rebatur

327 4877 419 4955 parta
442 4866 521 4928 olim
543 4891 559 4927 a
575 4865 712 4928 lucullo
732 4866 957 4953 l'onipeioque
979 4867 1136 4953 recipere.
1153 4903 1196 4915 -
1216 4866 1563 4953 123,50.«l'lerasque

328 4972 542 5059 i·cetigaliiiiii
556 4973 732 5037 societates
748 4999 764 5036 a
778 4973 974 5037 consulibus
992 4982 1025 5038 et
1049 4973 1192 5038 tribunis
1218 4972 1326 5060 plebei
1340 4973 1561 5057 constitutas,
