3709 6234
856 837 1014 892 DOMITIVS
1515 839 1569 895 247

331 978 511 1045 Caesarem
525 978 560 1044 in
571 978 640 1043 acie
660 986 838 1045 stare...-
852 978 909 1060 IV,
927 978 982 1045 86.
1002 979 1052 1045 lta
1065 980 1293 1069 Lugudunum
1308 993 1459 1051 ventum.
1472 983 1569 1049 Vnde

331 1085 480 1152 ereditur
518 1085 731 1151 Domitianus
770 1085 913 1152 occultis
937 1086 980 1151 ad
1007 1087 1172 1154 Cerialem
1202 1089 1331 1155 nuntiis
1358 1091 1460 1156 tidem
1497 1092 1569 1156 eius

330 1194 564 1282 temptavisse,
581 1216 624 1258 an
635 1195 806 1280 praesenti
819 1194 883 1260 sibi
899 1195 1086 1260 exercitum
1106 1196 1352 1286 imperiumque
1380 1198 1568 1264 traditurus

332 1301 457 1367 soret...
477 1301 819 1389 Domitianussperni
844 1325 862 1366 a
892 1302 1083 1367 senioribus
1109 1304 1283 1369 iuventam
1305 1328 1401 1370 suam
1427 1328 1569 1371 cernens

330 1408 464 1474 modica
479 1432 614 1498 quoque
629 1417 663 1475 et
673 1418 835 1498 usurpata
853 1417 952 1475 antea
968 1410 1083 1475 munia
1108 1410 1239 1499 imperii
1262 1412 1451 1492 omittebat,
1486 1413 1568 1477 sim-

329 1516 492 1606 plicitatis
504 1541 542 1582 ae
555 1517 740 1582 modestiae
754 1517 900 1604 imagine
911 1517 945 1581 in
957 1515 1171 1583 altitudinem
1184 1518 1341 1584 conditus
1352 1520 1568 1610 studiumque

331 1624 520 1691 litterarum
548 1631 581 1689 et
627 1647 776 1689 amorem
810 1624 998 1690 carminum
1030 1624 1239 1693 simulans...
1265 1664 1308 1677 —
1339 1627 1384 1694 A.
1408 1653 1439 1717 7.
1470 1627 1568 1693 Initia

330 1732 540 1821 principatus
554 1738 729 1796 aestatum
743 1730 836 1795 urbis
857 1730 1035 1797 Mucianus
1057 1732 1208 1819 regebat,
1238 1733 1359 1800 iuvene
1386 1735 1568 1801 admodum

332 1839 525 1905 Domitiano
540 1846 574 1904 et
588 1862 629 1904 ex
641 1847 781 1925 paterna
797 1838 931 1903 fortuna
960 1845 1092 1903 tantum
1123 1839 1294 1906 licentiam
1314 1850 1510 1931 usurpante.
1524 1881 1569 1893 -

331 1946 501 2035 39.Hunc
523 1970 635 2011 rerum
662 1969 811 2025 cursum,
842 1968 1048 2034 quamquam
1065 1946 1158 2012 nulla
1189 1947 1370 2014 verborum
1408 1950 1569 2016 iactantia

329 2054 484 2143 epistulis
516 2053 695 2142 Agricolae
725 2061 873 2128 auctum,
909 2061 948 2118 ut
975 2054 1168 2119 Domitiano
1198 2056 1300 2120 moris
1331 2064 1414 2134 erat,
1460 2058 1569 2124 fronte

328 2162 450 2244 laetus,
464 2169 599 2250 pectore
621 2162 743 2226 anxius
759 2162 951 2248 excepit.—
966 2163 1020 2237 Io.
1043 2160 1223 2227 Credidere
1244 2162 1566 2253 pleriquelibortum

336 2273 519 2339 ...missum
554 2269 596 2335 ad
625 2268 822 2356 Agricolam
851 2267 1037 2344 codicillos,
1073 2268 1197 2356 quibus
1226 2270 1256 2334 ei
1275 2269 1373 2357 Syria
1410 2272 1565 2353 dabatur,

331 2379 462 2458 tulisse,
484 2403 560 2444 eum
590 2384 768 2466 praecepto
780 2383 828 2456 ut,
860 2376 889 2440 si
918 2377 953 2440 in
993 2376 1166 2441 Britannia
1195 2376 1292 2459 foret,
1326 2379 1565 2461 traderentur;

330 2510 474 2576 eumque
502 2485 662 2551 libertum
703 2486 737 2550 in
777 2485 851 2572 ipso
877 2483 961 2548 freto
992 2482 1116 2549 Oceani
1147 2483 1285 2550 obvium
1320 2487 1499 2575 Agricolae
1527 2511 1568 2554 ne

330 2594 500 2684 appellato
517 2594 654 2683 quidem
677 2617 716 2657 eo
746 2591 788 2657 ad
813 2590 1044 2656 Domitianum
1068 2613 1277 2659 remeasse...
1296 2631 1340 2643 —
1368 2596 1424 2672 Ii.
1441 2594 1568 2661 Crebro

330 2727 389 2794 per
406 2726 464 2770 eos
478 2702 550 2767 dios
569 2702 659 2789 apud
671 2699 904 2765 Domitianum
920 2697 1042 2764 absens
1055 2709 1244 2773 aecusatus,
1259 2701 1381 2765 absens
1391 2701 1568 2769 absolutus

329 2807 618 2899 est(Agricola)...
632 2806 762 2886 Quibus
773 2806 986 2872 sermonibus
996 2805 1078 2870 satis
1088 2814 1221 2872 constat
1238 2807 1420 2874 Domitiani
1434 2832 1568 2898 quoque

329 2941 427 2984 aures
442 2915 647 2983 verberatas.
664 2951 709 2965 -
729 2917 781 2992 Aa.
800 2912 920 2978 Occiso
941 2911 1056 2977 Civica
1072 2936 1180 3001 nuper
1205 2937 1265 2980 nec
1285 2916 1464 3003 Agricolae
1490 2941 1569 2983 con·

332 3026 444 3091 silium
460 3024 647 3089 deeratnee
670 3022 863 3087 Domitiano
887 3019 1124 3108 exemplum...
1154 3020 1300 3100 Quidam
1325 3024 1568 3111 cogitationum

331 3130 645 3221 principisperiti...
663 3127 846 3193 suadentes
858 3124 962 3191 simul
992 3133 1224 3215 terrentesque
1239 3135 1433 3217 pertraxere
1451 3131 1569 3217 (Agri-

329 3237 450 3325 colam)
466 3236 509 3301 ad
523 3235 796 3301 Domitianum...
821 3232 1047 3300 Domitiani...
1063 3239 1184 3299 natura
1199 3257 1359 3325 praeceps
1376 3236 1410 3301 in
1420 3238 1504 3302 iram
1521 3244 1566 3318 et,

328 3370 395 3436 quo
410 3344 595 3426 obscurior,
611 3366 650 3408 eo
666 3339 931 3417 irrevocabilior,
949 3339 1179 3406 moderatione
1191 3348 1304 3408 tamen
1320 3343 1568 3433 prudentiaque

329 3451 508 3541 Agricolae
533 3449 733 3517 leniebatur.
761 3449 872 3526 -ΙὶΙ,
901 3446 992 3512 Satis
1024 3447 1204 3514 constabat
1241 3449 1329 3516 lecto
1363 3458 1568 3518 testamento

330 3558 521 3648 Agricolae,
535 3582 601 3647 quo
626 3556 823 3623 coheredem
848 3555 996 3643 optimae
1017 3555 1116 3620 uxori
1132 3562 1166 3621 et
1185 3557 1356 3643 piissimae
1385 3558 1473 3623 filiae
1502 3558 1568 3623 Do-

330 3668 508 3734 mitianum
524 3665 671 3753 scripsit,
693 3663 856 3729 laetatum
876 3686 954 3728 eum
967 3662 1061 3729 velut
1084 3663 1211 3728 bonore
1235 3663 1437 3755 iudicioque.
1457 3669 1566 3743 -ΙΙ,

330 3773 521 3842 Festinatae
538 3772 655 3838 mortis
675 3771 802 3858 grande
814 3769 976 3835 solacium
994 3769 1069 3835 tulit
1084 3771 1233 3836 evasisse
1248 3779 1459 3861 postremum
1482 3772 1568 3839 illud

329 3890 474 3972 tempus,
502 3903 568 3969 quo
585 3879 800 3944 Domitianus
811 3900 879 3942 non
895 3878 962 3942 iam
977 3901 1037 3965 per
1049 3877 1269 3946 intervalla...
1275 3930 1285 3962 ,
1316 3879 1378 3945 sed
1404 3881 1566 3947 continuo

329 3999 363 4055 et
377 3988 471 4055 velut
490 4011 557 4053 uno
572 3988 642 4053 ictu
657 4009 727 4051 rem
741 3984 913 4073 publicam
928 3984 1098 4052 exhausit.
1125 4021 1167 4037 -
1184 3987 1238 4063 45.
1254 3985 1386 4067 Nero..,
1400 3987 1569 4055 subtraxit

330 4097 446 4163 oculos
465 4120 545 4161 suos
559 4094 724 4182 iussitque
740 4093 878 4172 scelera,
891 4115 959 4157 non
979 4094 1144 4181 spectavit
1159 4116 1166 4175 ;
1184 4095 1363 4184 praecipua
1377 4094 1440 4161 sub
1454 4096 1569 4163 Domi·

329 4205 421 4271 tiano
437 4203 651 4268 miseriarum
666 4225 743 4289 pars
759 4208 832 4265 erat
843 4200 999 4273 videreet
1015 4200 1143 4288 adspici
1155 4201 1208 4268 ¹...

287 4309 538 4378 DOMITIVSQ
561 4349 605 4359 -
620 4308 658 4373 Ο.
676 4307 730 4375 35.
754 4336 769 4367 «
789 4308 853 4386 Qui
870 4308 1020 4372 rhetores
1051 4316 1228 4386 vocantur,
1258 4333 1345 4399 quos
1373 4310 1474 4399 paulo
1490 4320 1568 4377 anto

330 4418 503 4484 Ciceronis
519 4424 671 4504 tempora
687 4415 859 4480 exstitisse
874 4437 936 4479 nec
963 4414 1132 4501 placuisse
1161 4416 1345 4482 maioribus
1375 4418 1500 4482 nostris
1527 4440 1569 4484 ex

329 4550 368 4592 eo
380 4524 598 4590 manifestum
609 4531 672 4603 est,
690 4522 780 4611 quod
792 4523 915 4588 Crasso
931 4529 964 4588 et
980 4522 1130 4587 Domitio
1154 4523 1351 4589 censoribus
1365 4523 1513 4608 eludere,
1530 4534 1569 4591 ut

330 4635 377 4700 ait
398 4633 527 4700 Cicero.
549 4632 667 4696 ludum
684 4629 912 4717 impudentiae
931 4630 1012 4694 iussi
1032 4636 1123 4696 sunt.
1146 4654 1162 4694 »

321 4891 329 4926 ¹
345 4891 379 4942 t'.
398 4889 558 4943 eIIamll,1.
575 4897 667 4959 74.]7;
686 4888 732 4944 ΙΙΙ,
748 4902 794 4951 7⁰3
811 4886 857 4940 lv.
871 4887 899 4950 83
913 4892 944 4937 A.
961 4904 984 4948 a,
996 4887 1019 4947 3,
1036 4889 1075 4944 45.

316 4962 327 4998 ²
342 4962 390 5010 Cn.
410 4962 546 5012 Domitius
565 4960 773 5013 Ahenobarbus.
790 4974 889 5007 censor
903 4974 928 5007 a.
943 4958 989 5007 aaa
1003 4979 1033 5002 -·
1047 4974 1086 5021 92·
