3709 6234
388 854 440 909 lib
948 860 1106 914 MlthllVS

430 999 567 1062 maximi
593 998 799 1086 exemplum.
831 1000 886 1087 qui
917 1000 1046 1065 Aulum
1074 1001 1287 1065 Postumium
1317 999 1489 1065 flaminem
1508 1000 1672 1066 attinuis-

433 1113 524 1171 set...

386 1212 568 1296 (METll'S
585 1213 761 1301 muts.
784 1213 934 1280 catti-'S
946 1214 1142 1280 METlt'S¹.
1163 1254 1206 1263 -
1226 1215 1272 1280 Α.
1296 1213 1351 1292 45.
1374 1213 1451 1279 Non
1466 1215 1553 1281 vidit
1572 1216 1673 1304 Agri·

431 1321 503 1385 cola
537 1321 711 1386 obsessam
746 1321 916 1386 curiam...
959 1322 1032 1385 l'na
1067 1320 1176 1386 adhuc
1205 1321 1344 1386 victoria
1378 1320 1487 1386 Carus
1524 1321 1673 1388 Metius⁹

431 1428 642 1493 censebatur.

386 1534 708 1601 ME'l'ltt'lltOlll'S.
739 1572 784 1584 -
813 1535 851 1599 (l.
893 1535 946 1600 31.
979 1560 995 1598 a
1028 1535 1083 1599 Ad
1115 1537 1268 1622 (sensus)
1303 1534 1594 1621 permovendos...
1630 1559 1672 1601 ne

432 1642 565 1728 Epicuri
582 1642 718 1731 quidem
745 1650 778 1706 et
805 1641 992 1706 Metrodori
1018 1643 1178 1707 honestas
1206 1641 1370 1730 quasdam
1405 1641 1673 1708 exclamationes

431 1749 649 1815 adsumere...
672 1750 821 1814 alienum
842 1749 905 1813 erit
921 1750 1056 1814 oratori.

387 1854 612 1921 Mau-lxta,
641 1894 686 1906 -
714 1857 773 1934 lll,
805 1856 845 1920 55
891 1856 1079 1938 Flagitante
1105 1856 1268 1932 exercitu,
1292 1857 1349 1943 qui
1365 1856 1560 1922 Mevaniam
1575 1857 1671 1922 insc-

431 1964 537 2040 derat,
571 1963 646 2028 ...in
666 1971 775 2027 castra
797 1963 888 2027 renit
920 1962 1179 2049 (t'irellius).-
1209 1964 1269 2034 lll.
1287 1965 1340 2050 59.
1358 1963 1532 2028 Terrorem
1554 1962 1673 2030 ltaliae

430 2094 585 2158 possessa
616 2071 773 2135 Mevania
797 2072 831 2154 (a
848 2069 1097 2156 Vitellianis)...
1115 2070 1286 2136 intulerat.

387 2181 398 2200 '
416 2178 585 2243 Mlil'll'S
602 2177 789 2250 l’t'bltNS.
807 2201 839 2243 v.
857 2177 1062 2242 tlasst'lt's
1079 2176 1269 2243 Pl'llENS.

386 2285 557 2349 MllAESll
595 2322 634 2332 -
657 2285 688 2365 3,
707 2285 760 2350 63.
779 2283 971 2372 (Consules
989 2308 1064 2348 cum
1086 2284 1127 2348 de
1158 2285 1228 2348 iure
1248 2284 1335 2372 asyli
1361 2285 1394 2349 in
1416 2293 1535 2350 senatu
1555 2309 1672 2372 agere-

431 2401 495 2462 tur.
513 2391 801 2479 disseruerunt)...
831 2415 940 2479 neque
965 2392 1077 2455 minus
1098 2390 1250 2456 Milesios
1275 2391 1384 2456 Dareo
1405 2392 1585 2479 regeniti;
1609 2392 1670 2458 sed

430 2500 542 2563 cultus
577 2500 753 2564 numinum
782 2499 934 2586 utrisque
970 2498 1160 2580 (Sardianis
1193 2506 1226 2563 et
1253 2497 1411 2582 Milesiis)
1435 2499 1580 2564 Dianam
1611 2509 1670 2565 aut

430 2608 625 2695 Apollinem
646 2606 840 2671 venerandi.
875 2647 880 2652 -
917 2607 950 2686 d,
967 2609 1020 2682 43.
1043 2605 1204 2670 Messenii
1229 2609 1320 2692 (cum
1338 2606 1615 2672 Lacedaemoniis
1628 2606 1671 2672 de

430 2716 500 2779 iure
533 2713 648 2801 templi
677 2714 803 2778 Dianae
832 2713 1032 2778 Limnatidis
1060 2714 1094 2777 in
1121 2722 1242 2779 senatu
1270 2712 1517 2800 ambigentes).
1549 2723 1670 2802 protu-

430 2822 539 2887 lere...
566 2823 613 2885 sic
647 2821 800 2885 Milesios
829 2821 993 2908 permisso
1018 2820 1150 2907 publice
1179 2819 1359 2886 arbitrio...
1393 2821 1597 2889 decrevisse.
1625 2859 1670 2870 —

431 2932 461 3005 .(,
494 2929 548 2993 55.
583 2928 718 3016 Ephesii
749 2927 953 3015 Milesiique,
981 2928 1014 2992 hi
1045 2928 1227 3015 Apollinis
1250 2926 1299 2991 illi
1317 2927 1444 2994 Dianae
1461 2929 1669 2994 caerimonia

430 3036 648 3124 occupavisse
663 3035 818 3099 civitates
838 3035 914 3100 visi.

386 3143 590 3211 Mttffl't's.
611 3181 653 3190 —
675 3166 705 3208 a.
724 3143 778 3219 51).
796 3141 916 3228 (Clari)
939 3164 1006 3205 non
1031 3140 1212 3212 semina...
1238 3151 1276 3207 ut
1299 3142 1387 3229 apud
1417 3140 1580 3230 Delphos,
1609 3141 1669 3208 sed

429 3252 530 3316 certis
564 3275 580 3314 e
614 3248 751 3314 familiis
784 3257 818 3314 et
847 3249 950 3313 lerme
985 3247 1102 3313 Mileto
1127 3250 1255 3314 accitus
1289 3249 1447 3314 sacerdos
1475 3248 1667 3336 (Apollinis

429 3358 560 3423 oracula
587 3358 681 3441 edit).

385 3466 674 3532 Mll.1(}tlt's.-
704 3467 751 3528 15.
776 3466 827 3539 54.
856 3463 1069 3546 (Scaevinusi
1105 3464 1328 3549 pugionem...
1363 3463 1511 3551 asperari
1538 3488 1663 3531 saxo...

427 3575 524 3639 iussit
556 3595 697 3660 eamque
740 3593 854 3634 curam
900 3570 1021 3634 liberto
1067 3570 1205 3633 Milicho
1238 3571 1450 3636 rriandarit...
1489 3571 1667 3636 Postremo

429 3681 623 3746 ralm·1·ilms
651 3679 844 3764 ligamenta,
878 3677 1068 3765 quibusque
1099 3678 1229 3742 sistitur
1258 3680 1408 3764 sanguis.
1434 3679 1544 3764 parari
1573 3678 1668 3743 iubet

428 3791 527 3876 idque
557 3787 712 3851 cumdem
745 3784 919 3849 Milichum
950 3793 1075 3852 monet.
1099 3786 1169 3848 sire
1199 3809 1342 3870 gratarum
1372 3786 1616 3850 coniurationis
1633 3793 1667 3851 et

428 3897 507 3959 illuc
529 3917 634 3980 usque
663 3893 778 3960 lidum.
806 3915 864 3955 scu
893 3893 1087 3956 nescium...
1124 3891 1209 3955 Cum
1242 3915 1355 3956 secum
1380 3891 1512 3956 servilis
1532 3892 1667 3957 animus

429 4002 575 4090 praemia
603 4000 759 4087 pertidiae
787 4000 968 4086 reputavit,
1000 3999 1143 4063 ...cessit
1178 3999 1228 4062 las
1256 4007 1289 4063 et
1309 3999 1402 4063 salus
1428 3999 1603 4085 patroni...
1622 4038 1667 4047 —

432 4110 480 4178 15.
513 4110 564 4171 55.
597 4107 702 4188 Igitur
735 4114 853 4192 coepta
883 4104 956 4168 luce
989 4105 1147 4169 Milichus
1176 4106 1208 4169 in
1234 4106 1349 4170 hortos
1376 4106 1584 4170 Servilianos
1606 4106 1665 4194 (ad

429 4215 609 4300 Neronem)
656 4213 822 4300 pergit...
872 4236 998 4296 urgens
1040 4212 1239 4298 perieulum,
1276 4237 1396 4296 graves
1426 4213 1661 4279 coniuratos.

427 4324 572 4386 docet...
605 4319 784 4404 (lababat)
814 4319 989 4386 indicium.
1019 4319 1082 4382 nisi
1113 4319 1288 4382 Milichum
1318 4343 1401 4383 uxor
1430 4319 1665 4385 admonuisset

426 4430 613 4494 Antonium
632 4427 784 4490 Natalem
811 4426 916 4490 multa
933 4450 1008 4490 cum
1023 4426 1187 4490 Scaevino
1202 4450 1240 4490 ac
1256 4436 1384 4491 secreta
1400 4426 1661 4494 conlocutum...

427 4576 467 4587 -
488 4538 602 4623 15.:'›9.
623 4533 726 4597 l'uere
742 4534 812 4620 qui,
832 4534 964 4620 prodita
981 4535 1224 4613 coniuratione,
1245 4534 1323 4598 dum
1341 4535 1476 4599 auditur
1489 4532 1661 4615 Milichus,

414 4809 421 4843 ¹
442 4809 564 4864 Pansae„
578 4816 633 4864 402.
654 4808 736 4856 Klebs
752 4809 925 4857 scribendum
942 4813 1051 4859 censet:
1072 4809 1197 4868 Mettius,
1220 4824 1251 4857 cx
1269 4810 1435 4871 optimorum
1454 4809 1533 4857 Plinii
1550 4810 1665 4858 nainoris

382 4890 506 4938 codicum
524 4891 695 4937 arrrtoritutc.

410 4971 420 5005 ²
439 4970 459 5020 Α
472 4971 591 5018 :aturrus
604 4971 696 5018 anitius
708 4977 717 5022 (
723 4970 829 5018 ,tlrttius
847 4986 982 5032 suprascr.
1002 4987 1008 5015 ι
1030 4975 1067 5030 ιιι)
1087 4971 1107 5021 Β
1120 4988 1125 5018 :
1145 4971 1237 5018 clarus
1250 4971 1352 5020 nutius.
1369 4971 1444 5020 Corr.
1457 4971 1613 5020 Rhenanus.
