3709 6234
725 895 829 949 {vtn‘s
848 896 967 949 ctvrtls
1432 897 1485 953 3¹19

252 1039 329 1130 equi
341 1046 542 1127 prostratus
561 1038 687 1103 eredita
702 1061 759 1126 per
771 1047 953 1127 utrumque
973 1040 1156 1104 exercitum
1172 1039 1259 1106 fama
1275 1041 1491 1109 vulneratum

252 1157 310 1214 aut
332 1145 559 1227 intersectum,
587 1147 733 1212 immane
749 1155 913 1234 quantum
935 1147 1005 1211 suis
1028 1148 1163 1236 pavoris
1189 1156 1223 1214 et
1243 1148 1398 1214 hostibus
1415 1150 1491 1216 ale-

251 1254 380 1320 critatis
427 1253 559 1317 indidit.
594 1292 637 1303 -
677 1254 732 1323 lv,
776 1254 829 1319 35.
869 1253 1019 1318 Primum
1046 1278 1166 1340 agmen
1194 1256 1490 1340 (frumentatorum

252 1362 456 1427 Novaesium
485 1360 680 1447 missorum)
713 1383 868 1425 securum
907 1362 1057 1434 incessit,
1097 1361 1247 1427 nondum
1275 1364 1357 1429 satis
1395 1364 1491 1428 firmo

253 1469 372 1536 Civile.
398 1507 437 1519 -
465 1468 521 1551 lv,
549 1467 601 1535 36.
631 1469 768 1534 interim
785 1468 903 1533 Civilis
933 1469 1052 1533 Vetera
1083 1469 1340 1538 circumsedit...
1373 1470 1491 1535 Civilis

252 1578 342 1664 capit
357 1575 576 1641 Geldubam¹.
601 1616 642 1624 -
664 1576 721 1653 IV,
737 1577 790 1662 37.
810 1576 1004 1663 (Legiones)
1026 1576 1230 1642 adventante
1255 1577 1362 1642 Civile
1385 1579 1491 1666 raptis

253 1693 378 1751 temere
407 1684 510 1747 armis
533 1707 570 1747 ac
600 1683 715 1747 statim
745 1684 880 1747 omissis
900 1683 933 1748 in
957 1683 1070 1771 fugam
1085 1692 1274 1750 vertuntur.
1295 1724 1335 1734 -
1358 1685 1416 1758 ll',
1435 1688 1487 1764 51).

253 1792 571 1860 Auditainterim..
600 1815 690 1856 mors
712 1790 879 1857 Vitellii...
918 1791 1037 1857 Civilis
1070 1793 1193 1857 omissa
1222 1793 1491 1860 dissimulatione

253 1901 286 1965 in
303 1898 464 1987 populum
496 1898 686 1963 llomanum
707 1922 844 1975 ruere.,.
866 1936 909 1949 -
940 1899 995 1970 ll',
1016 1901 1068 1965 55.
1093 1900 1272 1966 Interfecto
1298 1900 1491 1966 Hordeonio

254 2031 486 2074 commeavere
507 2007 617 2073 nuntii
635 2008 722 2072 inter
746 2006 887 2072 Civilem
911 2006 1167 2097 Classicumque
1192 2008 1398 2096 praefectum
1419 2009 1491 2075 alae

253 2116 486 2181 Treverorum.
516 2154 559 2163 -
589 2115 645 2189 ll'‚
679 2115 731 2181 58.
760 2114 1001 2201 (Contionatur
1036 2115 1162 2181 l'ocula
1191 2117 1280 2204 apud
1312 2118 1491 2183 seditiosos

254 2223 394 2309 milites)
423 2252 438 2282 u
458 2223 506 2287 Ne
535 2223 596 2286 boe
615 2222 847 2309 prodigium...
872 2221 1043 2309 vulgetur,
1062 2222 1159 2287 vobis
1180 2223 1385 2289 satellitibus
1402 2225 1491 2290 Civi-

254 2330 319 2397 lem
349 2338 383 2396 et
413 2329 600 2396 Classicum
631 2329 763 2394 ltaliam
794 2330 1013 2395 invasurae...
1036 2355 1050 2391 n
1087 2370 1126 2378 -
1160 2330 1215 2410 lv,
1252 2331 1305 2398 60.
1339 2331 1492 2419 (Obsessi

254 2440 379 2506 milites
396 2440 554 2524 Romani)
568 2439 681 2503 missis
701 2438 743 2501 ad
763 2437 906 2503 Civilem
927 2436 1049 2524 legatis
1070 2438 1174 2502 vitam
1196 2447 1373 2505 orantes..
1392 2439 1492 2504 Multi

255 2547 408 2636 palantes
424 2545 630 2624 occubuere;
656 2547 757 2611 ceteri
783 2553 872 2610 retro
903 2545 937 2609 in
962 2553 1072 2610 eastra
1095 2545 1301 2633 perfugiunt,
1332 2554 1507 2635 querente·

255 2679 336 2721 sane
351 2654 459 2719 Civile
484 2664 517 2719 et
533 2655 724 2741 increpante
749 2653 949 2732 Germanos,
974 2661 1144 2742 tamquam
1165 2653 1265 2718 fidem
1295 2677 1354 2742 per
1380 2654 1491 2720 seclus
1557 2657 1562 2667 '

257 2763 507 2850 abrumperent.
526 2802 569 2812 -
590 2761 647 2839 ll',
670 2760 724 2826 61.
743 2759 863 2825 Civilis
878 2759 1020 2825 barbaro
1037 2768 1117 2825 voto
1137 2770 1214 2849 post
1237 2770 1354 2849 coepta
1371 2763 1491 2829 adver·

254 2895 312 2935 sus
328 2871 499 2934 llomanos
509 2893 599 2934 arina
614 2892 799 2956 propexum
811 2867 1053 2956 rutilatumque
1064 2868 1188 2932 crinem
1207 2877 1337 2956 patrata
1351 2870 1489 2937 demum

254 2978 355 3043 caede
382 2976 554 3063 legionum
583 2975 750 3064 deposuit.
768 3016 811 3023 -
836 2974 893 3054 ll',
916 2975 971 3039 63.
991 2975 1110 3041 Civilis
1125 2983 1159 3040 et
1183 2976 1354 3042 Classicus
1390 2978 1491 3044 rebus

254 3084 412 3151 secundis
426 3083 563 3160 sublati,
583 3107 625 3147 an
642 3083 808 3147 coloniam
824 3083 1110 3170 Agrippinensem
1126 3083 1391 3171 diripiendam...
1410 3109 1483 3174 per-

254 3194 438 3271 mitterent,
461 3190 699 3256 dubitavere...
726 3189 869 3254 Civilem
894 3191 996 3256 etiam
1019 3190 1173 3256 beneficii
1199 3193 1358 3257 memoria
1383 3194 1488 3274 flexit,

254 3301 345 3389 quod
362 3299 467 3364 filium
484 3299 555 3363 eius
567 3298 674 3385 primo
688 3321 799 3362 rerum
814 3305 908 3362 motu
921 3298 954 3361 in
971 3298 1101 3362 colonia
1117 3298 1359 3386 Agrippinensi
1374 3300 1491 3388 depre-

254 3408 397 3472 hensum
426 3407 587 3470 honorata
621 3405 773 3470 custodia
800 3404 999 3470 habuerant.
1020 3443 1059 3455 -
1086 3405 1142 3480 ll',
1178 3405 1491 3494 65..(llespondent

252 3515 424 3579 Tencteris
466 3513 750 3601 Agrippinenses)
798 3543 812 3571 a
846 3511 1022 3577 Arbitrum
1055 3511 1254 3577 babebimus
1284 3512 1429 3578 Civilem
1458 3524 1490 3580 et

254 3622 435 3687 Velaedarn
462 3620 550 3707 apud
580 3643 666 3706 quos
690 3627 785 3706 pacta
813 3620 1019 3684 saucientur.
1047 3649 1060 3676 n
1087 3619 1141 3683 Sic
1170 3618 1283 3684 lenitis
1304 3621 1488 3705 Tencteris

252 3732 355 3818 legati
371 3730 413 3794 ad
429 3729 572 3794 Civilem
595 3752 632 3792 ae
650 3727 677 3789 V
680 3728 829 3793 elaedam
847 3729 940 3792 missi
961 3753 1037 3793 cum
1053 3729 1151 3793 donis
1167 3739 1287 3795 cuneta
1309 3754 1349 3796 ex
1367 3731 1490 3796 volun·

254 3846 322 3904 tate
350 3836 653 3923 Agrippinensium
680 3844 924 3923 perpetravere.
949 3876 991 3885 —
1017 3836 1074 3918 ll',
1096 3836 1150 3902 66.
1182 3838 1301 3902 Civilis
1330 3840 1490 3905 societate

254 3943 556 4032 Agrippinensium
586 3951 705 4007 auctus
736 3943 907 4029 proximas
932 3944 1086 4008 civitates
1103 3944 1270 4011 adfectare
1295 3955 1353 4012 aut
1372 3946 1489 4012 adver·

254 4048 408 4114 santibus
424 4048 551 4114 bellum
576 4049 696 4113 inferre
712 4049 872 4115 statuit...
898 4047 1029 4132 Civilis,
1046 4074 1149 4115 ausus
1164 4073 1207 4116 an
1228 4074 1269 4114 ex
1287 4053 1487 4139 composite,

254 4156 369 4222 intulit
398 4180 433 4220 se
461 4157 586 4243 agmini
611 4156 824 4243 Tungrorum
855 4163 888 4220 et
915 4157 1005 4222 clara
1035 4181 1158 4224 voce...
1181 4157 1300 4223 Civilis
1316 4158 1491 4226 Baetasios

253 4287 387 4354 quoque
408 4287 445 4328 ae
475 4263 617 4327 Nervios
645 4265 678 4327 in
703 4263 801 4327 fidem
830 4271 986 4351 acceptos
1005 4265 1111 4351 copiis
1130 4266 1201 4329 suis
1226 4264 1420 4333 adiunxit...
1447 4308 1490 4319 -

256 4374 312 4445 ll',
331 4396 384 4460 70.
413 4371 462 4435 Ne
478 4371 580 4436 duces
596 4370 731 4459 quidem
748 4371 781 4434 in
798 4394 902 4435 unum
919 4371 1107 4452 consulere,
1126 4372 1185 4437 sed
1196 4372 1316 4439 Civilis
1327 4376 1402 4440 avia
1416 4375 1489 4440 Bel-

254 4502 371 4567 garum
394 4479 604 4553 circumibat,
626 4478 707 4542 dum
728 4478 908 4544 Claudium
930 4478 1121 4545 Labeonem
1150 4504 1268 4569 capere
1293 4490 1350 4546 aut
1374 4490 1489 4548 extur-

255 4585 334 4651 bare
363 4586 520 4651 nititur...
553 4587 710 4650 Praeerat
739 4584 825 4670 (alae
859 4586 1103 4673 Singularium)
1135 4587 1241 4653 lulius
1277 4587 1489 4677 Briganticus

253 4717 367 4758 sorore
381 4692 499 4756 Civilis
515 4694 706 4779 genitus..,
724 4693 854 4758 invisus
869 4694 1037 4760 avunculo
1051 4695 1282 4784 infensusque.
1294 4734 1339 4747 -
1358 4697 1414 4776 lt,
1433 4723 1487 4786 7¹·

253 4802 300 4865 At
321 4798 440 4865 Civilis
455 4808 488 4865 et
513 4799 694 4878 Classicus,
717 4800 774 4865 ubi
795 4800 928 4888 pulsum
949 4803 1149 4875 Tutorem...
1173 4827 1342 4892 accepere,
1367 4807 1487 4894 trepidi

242 5042 249 5076 ¹
269 5040 357 5087 Verba
374 5039 468 5087 Civilis
484 5038 556 5104 capit
573 5039 723 5090 Geldubam
743 5042 819 5090 uncis
833 5042 895 5091 incl.
916 5042 1032 5093 l'rlicbe.

228 5203 942 5517 lx.
