<?xml version="1.0" encoding="UTF-8"?>
<!DOCTYPE html PUBLIC "-//W3C//DTD XHTML 1.0 Transitional//EN"
    "http://www.w3.org/TR/xhtml1/DTD/xhtml1-transitional.dtd">
<html xmlns="http://www.w3.org/1999/xhtml" xml:lang="en" lang="en">
 <head>
  <title>
</title>
<meta http-equiv="Content-Type" content="text/html;charset=utf-8" />
  <meta name='ocr-system' content='tesseract 3.04.00' />
  <meta name='ocr-capabilities' content='ocr_page ocr_carea ocr_par ocr_line ocrx_word'/>
</head>
<body>
  <div class='ocr_page' id='page_1' title='image "./onomasticontaci00fabigoog_0522.png"; bbox 0 0 3709 6234; ppageno 0'>
   <div class='ocr_carea' id='block_1_1' title="bbox 371 840 1074 912">
    <p class='ocr_par' dir='ltr' id='par_1_1' title="bbox 371 840 1074 912">
     <span class='ocr_line' id='line_1_1' title="bbox 371 840 1074 912; baseline 0.011 -19"><span class='ocrx_word' id='word_1_1' title='bbox 371 840 422 894; x_wconf 75' lang='lat'>5¹⁴</span> <span class='ocrx_word' id='word_1_2' title='bbox 951 848 1074 912; x_wconf 71' lang='lat' dir='ltr'>Pallas</span> 
     </span>
    </p>
   </div>
   <div class='ocr_carea' id='block_1_2' title="bbox 415 985 1704 3112">
    <p class='ocr_par' dir='ltr' id='par_1_2' title="bbox 415 985 1704 3112">
     <span class='ocr_line' id='line_1_2' title="bbox 416 985 1658 1076; baseline 0.003 -29"><span class='ocrx_word' id='word_1_3' title='bbox 416 1021 460 1034; x_wconf 96' lang='lat'>—</span> <span class='ocrx_word' id='word_1_4' title='bbox 479 1009 528 1063; x_wconf 65' lang='grc' dir='ltr'>ια,</span> <span class='ocrx_word' id='word_1_5' title='bbox 551 1010 582 1051; x_wconf 82' lang='lat'>2.</span> <span class='ocrx_word' id='word_1_6' title='bbox 606 985 654 1050; x_wconf 85' lang='lat' dir='ltr'>At</span> <span class='ocrx_word' id='word_1_7' title='bbox 674 985 788 1051; x_wconf 87' lang='lat' dir='ltr'>Pallas</span> <span class='ocrx_word' id='word_1_8' title='bbox 803 986 838 1052; x_wconf 94' lang='lat' dir='ltr'>id</span> <span class='ocrx_word' id='word_1_9' title='bbox 854 988 1000 1052; x_wconf 87' lang='lat' dir='ltr'>maxime</span> <span class='ocrx_word' id='word_1_10' title='bbox 1020 988 1055 1052; x_wconf 93' lang='lat' dir='ltr'>in</span> <span class='ocrx_word' id='word_1_11' title='bbox 1076 986 1269 1076; x_wconf 82' lang='lat' dir='ltr'>Agrippina</span> <span class='ocrx_word' id='word_1_12' title='bbox 1287 987 1437 1065; x_wconf 88' lang='lat' dir='ltr'>laudare,</span> <span class='ocrx_word' id='word_1_13' title='bbox 1455 986 1547 1075; x_wconf 89' lang='lat' dir='ltr'>quod</span> <span class='ocrx_word' id='word_1_14' title='bbox 1565 987 1658 1052; x_wconf 87' lang='lat' dir='ltr'>Ger-</span> 
     </span>
     <span class='ocr_line' id='line_1_3' title="bbox 415 1092 1657 1183; baseline 0.003 -28"><span class='ocrx_word' id='word_1_15' title='bbox 415 1092 538 1156; x_wconf 90' lang='lat' dir='ltr'>manici</span> <span class='ocrx_word' id='word_1_16' title='bbox 563 1100 719 1181; x_wconf 79' lang='lat' dir='ltr'>nepotem</span> <span class='ocrx_word' id='word_1_17' title='bbox 752 1117 866 1159; x_wconf 89' lang='lat' dir='ltr'>secum</span> <span class='ocrx_word' id='word_1_18' title='bbox 895 1096 1083 1163; x_wconf 86' lang='lat' dir='ltr'>traheret...</span> <span class='ocrx_word' id='word_1_19' title='bbox 1115 1132 1159 1145; x_wconf 95' lang='lat'>-</span> <span class='ocrx_word' id='word_1_20' title='bbox 1192 1120 1241 1175; x_wconf 77' lang='grc' dir='ltr'>ια,</span> <span class='ocrx_word' id='word_1_21' title='bbox 1273 1094 1326 1161; x_wconf 86' lang='lat'>25.</span> <span class='ocrx_word' id='word_1_22' title='bbox 1353 1095 1502 1183; x_wconf 78' lang='lat' dir='ltr'>Adoptio</span> <span class='ocrx_word' id='word_1_23' title='bbox 1526 1095 1561 1159; x_wconf 92' lang='lat' dir='ltr'>in</span> <span class='ocrx_word' id='word_1_24' title='bbox 1585 1093 1657 1181; x_wconf 90' lang='lat' dir='ltr'>(L)</span> 
     </span>
     <span class='ocr_line' id='line_1_4' title="bbox 417 1198 1657 1292; baseline 0.002 -29"><span class='ocrx_word' id='word_1_25' title='bbox 417 1198 602 1265; x_wconf 90' lang='lat' dir='ltr'>Domitium</span> <span class='ocrx_word' id='word_1_26' title='bbox 627 1202 827 1267; x_wconf 87' lang='lat' dir='ltr'>auctoritate</span> <span class='ocrx_word' id='word_1_27' title='bbox 849 1201 1014 1268; x_wconf 89' lang='lat' dir='ltr'>Pallantis</span> <span class='ocrx_word' id='word_1_28' title='bbox 1034 1201 1224 1280; x_wconf 87' lang='lat' dir='ltr'>festinatur,</span> <span class='ocrx_word' id='word_1_29' title='bbox 1247 1203 1306 1292; x_wconf 92' lang='lat' dir='ltr'>qui</span> <span class='ocrx_word' id='word_1_30' title='bbox 1325 1202 1508 1267; x_wconf 87' lang='lat' dir='ltr'>obstrictus</span> <span class='ocrx_word' id='word_1_31' title='bbox 1529 1202 1657 1289; x_wconf 79' lang='lat' dir='ltr'>Agrip-</span> 
     </span>
     <span class='ocr_line' id='line_1_5' title="bbox 415 1306 1656 1397; baseline 0 -27"><span class='ocrx_word' id='word_1_32' title='bbox 415 1306 514 1392; x_wconf 88' lang='lat' dir='ltr'>pinae</span> <span class='ocrx_word' id='word_1_33' title='bbox 544 1316 581 1372; x_wconf 94' lang='lat' dir='ltr'>ut</span> <span class='ocrx_word' id='word_1_34' title='bbox 610 1307 808 1373; x_wconf 90' lang='lat' dir='ltr'>conciliator</span> <span class='ocrx_word' id='word_1_35' title='bbox 837 1310 1032 1397; x_wconf 82' lang='lat' dir='ltr'>nuptiarum</span> <span class='ocrx_word' id='word_1_36' title='bbox 1061 1317 1095 1374; x_wconf 90' lang='lat' dir='ltr'>et</span> <span class='ocrx_word' id='word_1_37' title='bbox 1123 1333 1202 1373; x_wconf 86' lang='lat' dir='ltr'>mox</span> <span class='ocrx_word' id='word_1_38' title='bbox 1232 1318 1351 1397; x_wconf 92' lang='lat' dir='ltr'>stupro</span> <span class='ocrx_word' id='word_1_39' title='bbox 1379 1309 1451 1374; x_wconf 90' lang='lat' dir='ltr'>eius</span> <span class='ocrx_word' id='word_1_40' title='bbox 1480 1307 1656 1393; x_wconf 85' lang='lat' dir='ltr'>inligatus,</span> 
     </span>
     <span class='ocr_line' id='line_1_6' title="bbox 415 1413 1658 1505; baseline 0.002 -30"><span class='ocrx_word' id='word_1_41' title='bbox 415 1413 613 1480; x_wconf 89' lang='lat' dir='ltr'>stimulabat</span> <span class='ocrx_word' id='word_1_42' title='bbox 627 1414 851 1483; x_wconf 88' lang='lat' dir='ltr'>Claudium...</span> <span class='ocrx_word' id='word_1_43' title='bbox 866 1455 910 1464; x_wconf 94' lang='lat'>—</span> <span class='ocrx_word' id='word_1_44' title='bbox 928 1441 977 1490; x_wconf 83' lang='lat'>12,</span> <span class='ocrx_word' id='word_1_45' title='bbox 995 1416 1047 1483; x_wconf 80' lang='lat'>53.</span> <span class='ocrx_word' id='word_1_46' title='bbox 1066 1416 1225 1497; x_wconf 87' lang='lat' dir='ltr'>Pallanti,</span> <span class='ocrx_word' id='word_1_47' title='bbox 1243 1439 1345 1505; x_wconf 92' lang='lat' dir='ltr'>quem</span> <span class='ocrx_word' id='word_1_48' title='bbox 1362 1423 1567 1503; x_wconf 80' lang='lat' dir='ltr'>repertorem</span> <span class='ocrx_word' id='word_1_49' title='bbox 1584 1415 1658 1479; x_wconf 88' lang='lat' dir='ltr'>eius</span> 
     </span>
     <span class='ocr_line' id='line_1_7' title="bbox 416 1520 1657 1612; baseline 0.002 -29"><span class='ocrx_word' id='word_1_50' title='bbox 416 1520 588 1587; x_wconf 77' lang='lat' dir='ltr'>relationis</span> <span class='ocrx_word' id='word_1_51' title='bbox 602 1522 752 1588; x_wconf 78' lang='lat' dir='ltr'>ediderat</span> <span class='ocrx_word' id='word_1_52' title='bbox 768 1522 903 1596; x_wconf 81' lang='lat' dir='ltr'>Caesar,</span> <span class='ocrx_word' id='word_1_53' title='bbox 921 1525 1087 1612; x_wconf 90' lang='lat' dir='ltr'>praetoria</span> <span class='ocrx_word' id='word_1_54' title='bbox 1103 1524 1249 1610; x_wconf 83' lang='lat' dir='ltr'>insignia</span> <span class='ocrx_word' id='word_1_55' title='bbox 1270 1532 1303 1589; x_wconf 92' lang='lat' dir='ltr'>et</span> <span class='ocrx_word' id='word_1_56' title='bbox 1323 1524 1475 1588; x_wconf 84' lang='lat' dir='ltr'>centiens</span> <span class='ocrx_word' id='word_1_57' title='bbox 1490 1523 1657 1611; x_wconf 88' lang='lat' dir='ltr'>quinqua-</span> 
     </span>
     <span class='ocr_line' id='line_1_8' title="bbox 415 1627 1657 1718; baseline 0 -26"><span class='ocrx_word' id='word_1_58' title='bbox 415 1629 511 1714; x_wconf 90' lang='lat' dir='ltr'>giens</span> <span class='ocrx_word' id='word_1_59' title='bbox 527 1630 718 1695; x_wconf 85' lang='lat' dir='ltr'>sestertium</span> <span class='ocrx_word' id='word_1_60' title='bbox 739 1632 870 1696; x_wconf 89' lang='lat' dir='ltr'>censuit</span> <span class='ocrx_word' id='word_1_61' title='bbox 889 1630 1008 1695; x_wconf 94' lang='lat' dir='ltr'>consul</span> <span class='ocrx_word' id='word_1_62' title='bbox 1024 1631 1221 1718; x_wconf 87' lang='lat' dir='ltr'>designatus</span> <span class='ocrx_word' id='word_1_63' title='bbox 1244 1632 1349 1696; x_wconf 88' lang='lat' dir='ltr'>Barea</span> <span class='ocrx_word' id='word_1_64' title='bbox 1367 1631 1529 1696; x_wconf 79' lang='lat' dir='ltr'>Soranus</span> <span class='ocrx_word' id='word_1_65' title='bbox 1548 1627 1657 1693; x_wconf 82' lang='lat' dir='ltr'>Addi-</span> 
     </span>
     <span class='ocr_line' id='line_1_9' title="bbox 416 1735 1657 1826; baseline -0.004 -24"><span class='ocrx_word' id='word_1_66' title='bbox 416 1746 488 1802; x_wconf 94' lang='lat' dir='ltr'>tum</span> <span class='ocrx_word' id='word_1_67' title='bbox 512 1762 530 1801; x_wconf 91' lang='lat' dir='ltr'>a</span> <span class='ocrx_word' id='word_1_68' title='bbox 558 1738 714 1824; x_wconf 86' lang='lat' dir='ltr'>Scipione</span> <span class='ocrx_word' id='word_1_69' title='bbox 740 1737 897 1803; x_wconf 88' lang='lat' dir='ltr'>Cornelio</span> <span class='ocrx_word' id='word_1_70' title='bbox 923 1747 1037 1826; x_wconf 87' lang='lat' dir='ltr'>grates</span> <span class='ocrx_word' id='word_1_71' title='bbox 1058 1738 1191 1826; x_wconf 87' lang='lat' dir='ltr'>publice</span> <span class='ocrx_word' id='word_1_72' title='bbox 1216 1739 1378 1825; x_wconf 69' lang='lat' dir='ltr'>agendas</span> <span class='ocrx_word' id='word_1_73' title='bbox 1404 1737 1494 1825; x_wconf 90' lang='lat' dir='ltr'>quod</span> <span class='ocrx_word' id='word_1_74' title='bbox 1518 1735 1657 1822; x_wconf 88' lang='lat' dir='ltr'>regibus</span> 
     </span>
     <span class='ocr_line' id='line_1_10' title="bbox 416 1844 1654 1934; baseline 0 -26"><span class='ocrx_word' id='word_1_75' title='bbox 416 1844 580 1910; x_wconf 77' lang='lat' dir='ltr'>Arcadiae</span> <span class='ocrx_word' id='word_1_76' title='bbox 596 1853 691 1911; x_wconf 90' lang='lat' dir='ltr'>ortus</span> <span class='ocrx_word' id='word_1_77' title='bbox 703 1846 919 1910; x_wconf 85' lang='lat' dir='ltr'>veterrimam</span> <span class='ocrx_word' id='word_1_78' title='bbox 935 1845 1146 1911; x_wconf 82' lang='lat' dir='ltr'>nobilitatem</span> <span class='ocrx_word' id='word_1_79' title='bbox 1159 1848 1234 1911; x_wconf 92' lang='lat' dir='ltr'>usui</span> <span class='ocrx_word' id='word_1_80' title='bbox 1246 1845 1380 1934; x_wconf 92' lang='lat' dir='ltr'>publico</span> <span class='ocrx_word' id='word_1_81' title='bbox 1392 1852 1654 1933; x_wconf 87' lang='lat' dir='ltr'>postponeret...</span> 
     </span>
     <span class='ocr_line' id='line_1_11' title="bbox 417 1951 1657 2039; baseline -0.001 -24"><span class='ocrx_word' id='word_1_82' title='bbox 417 1951 643 2018; x_wconf 70' lang='lat' dir='ltr'>Adseveravit</span> <span class='ocrx_word' id='word_1_83' title='bbox 659 1953 823 2017; x_wconf 90' lang='lat' dir='ltr'>Claudius</span> <span class='ocrx_word' id='word_1_84' title='bbox 836 1961 1033 2030; x_wconf 90' lang='lat' dir='ltr'>contentum</span> <span class='ocrx_word' id='word_1_85' title='bbox 1049 1953 1175 2021; x_wconf 90' lang='lat' dir='ltr'>honore</span> <span class='ocrx_word' id='word_1_86' title='bbox 1191 1952 1380 2018; x_wconf 86' lang='lat' dir='ltr'>Pallantem</span> <span class='ocrx_word' id='word_1_87' title='bbox 1403 1954 1491 2017; x_wconf 88' lang='lat' dir='ltr'>intra</span> <span class='ocrx_word' id='word_1_88' title='bbox 1508 1951 1657 2039; x_wconf 89' lang='lat' dir='ltr'>priorem</span> 
     </span>
     <span class='ocr_line' id='line_1_12' title="bbox 418 2059 1657 2148; baseline 0 -26"><span class='ocrx_word' id='word_1_89' title='bbox 418 2068 648 2147; x_wconf 85' lang='lat' dir='ltr'>paupertatem</span> <span class='ocrx_word' id='word_1_90' title='bbox 674 2059 871 2134; x_wconf 82' lang='lat' dir='ltr'>subsistere,</span> <span class='ocrx_word' id='word_1_91' title='bbox 894 2068 927 2125; x_wconf 93' lang='lat' dir='ltr'>et</span> <span class='ocrx_word' id='word_1_92' title='bbox 948 2060 1050 2126; x_wconf 85' lang='lat' dir='ltr'>lixum</span> <span class='ocrx_word' id='word_1_93' title='bbox 1073 2069 1124 2126; x_wconf 89' lang='lat' dir='ltr'>est</span> <span class='ocrx_word' id='word_1_94' title='bbox 1147 2084 1222 2125; x_wconf 86' lang='lat' dir='ltr'>aere</span> <span class='ocrx_word' id='word_1_95' title='bbox 1246 2059 1380 2148; x_wconf 90' lang='lat' dir='ltr'>publico</span> <span class='ocrx_word' id='word_1_96' title='bbox 1406 2068 1545 2124; x_wconf 92' lang='lat' dir='ltr'>senatus</span> <span class='ocrx_word' id='word_1_97' title='bbox 1568 2081 1657 2122; x_wconf 92' lang='lat' dir='ltr'>con-</span> 
     </span>
     <span class='ocr_line' id='line_1_13' title="bbox 417 2164 1658 2255; baseline 0.001 -27"><span class='ocrx_word' id='word_1_98' title='bbox 417 2164 557 2246; x_wconf 90' lang='lat' dir='ltr'>sultum,</span> <span class='ocrx_word' id='word_1_99' title='bbox 587 2190 653 2255; x_wconf 95' lang='lat' dir='ltr'>quo</span> <span class='ocrx_word' id='word_1_100' title='bbox 680 2166 857 2232; x_wconf 88' lang='lat' dir='ltr'>libertinus</span> <span class='ocrx_word' id='word_1_101' title='bbox 884 2168 1031 2233; x_wconf 86' lang='lat' dir='ltr'>sestertii</span> <span class='ocrx_word' id='word_1_102' title='bbox 1058 2175 1109 2233; x_wconf 87' lang='lat' dir='ltr'>ter</span> <span class='ocrx_word' id='word_1_103' title='bbox 1134 2167 1267 2231; x_wconf 91' lang='lat' dir='ltr'>miliens</span> <span class='ocrx_word' id='word_1_104' title='bbox 1296 2190 1470 2254; x_wconf 87' lang='lat' dir='ltr'>possessor</span> <span class='ocrx_word' id='word_1_105' title='bbox 1496 2166 1658 2253; x_wconf 90' lang='lat' dir='ltr'>antiquae</span> 
     </span>
     <span class='ocr_line' id='line_1_14' title="bbox 419 2272 1656 2362; baseline -0.001 -25"><span class='ocrx_word' id='word_1_106' title='bbox 419 2276 642 2362; x_wconf 82' lang='lat' dir='ltr'>parsimoniae</span> <span class='ocrx_word' id='word_1_107' title='bbox 668 2274 825 2340; x_wconf 89' lang='lat' dir='ltr'>laudibus</span> <span class='ocrx_word' id='word_1_108' title='bbox 851 2275 1100 2341; x_wconf 85' lang='lat' dir='ltr'>cumulabatur.</span> <span class='ocrx_word' id='word_1_109' title='bbox 1128 2315 1170 2327; x_wconf 90' lang='lat'><em>-</em></span> <span class='ocrx_word' id='word_1_110' title='bbox 1200 2301 1247 2344; x_wconf 67' lang='grc' dir='ltr'>ια,</span> <span class='ocrx_word' id='word_1_111' title='bbox 1279 2274 1333 2339; x_wconf 87' lang='grc'>65.</span> <span class='ocrx_word' id='word_1_112' title='bbox 1363 2274 1544 2362; x_wconf 88' lang='lat' dir='ltr'>(Loquitur</span> <span class='ocrx_word' id='word_1_113' title='bbox 1572 2272 1656 2337; x_wconf 76' lang='lat' dir='ltr'>Nar-</span> 
     </span>
     <span class='ocr_line' id='line_1_15' title="bbox 418 2381 1704 2471; baseline -0.001 -26"><span class='ocrx_word' id='word_1_114' title='bbox 418 2383 540 2469; x_wconf 86' lang='lat' dir='ltr'>cissus)</span> <span class='ocrx_word' id='word_1_115' title='bbox 564 2409 579 2446; x_wconf 84' lang='lat' dir='ltr'>a</span> <span class='ocrx_word' id='word_1_116' title='bbox 605 2382 859 2470; x_wconf 85' lang='lat' dir='ltr'>...Quamquam</span> <span class='ocrx_word' id='word_1_117' title='bbox 880 2405 921 2447; x_wconf 92' lang='lat' dir='ltr'>ne</span> <span class='ocrx_word' id='word_1_118' title='bbox 947 2382 1190 2470; x_wconf 88' lang='lat' dir='ltr'>impudicitiam</span> <span class='ocrx_word' id='word_1_119' title='bbox 1212 2382 1348 2471; x_wconf 91' lang='lat' dir='ltr'>quidem</span> <span class='ocrx_word' id='word_1_120' title='bbox 1372 2406 1461 2446; x_wconf 93' lang='lat' dir='ltr'>nunc</span> <span class='ocrx_word' id='word_1_121' title='bbox 1481 2381 1599 2446; x_wconf 90' lang='lat' dir='ltr'>abesse</span> <span class='ocrx_word' id='word_1_122' title='bbox 1623 2387 1656 2468; x_wconf 82' lang='lat' dir='ltr'>(a</span> <span class='ocrx_word' id='word_1_123' title='bbox 1701 2416 1704 2420; x_wconf 56' lang='lat'><em>&gt;</em></span> 
     </span>
     <span class='ocr_line' id='line_1_16' title="bbox 417 2489 1657 2578; baseline -0.001 -25"><span class='ocrx_word' id='word_1_124' title='bbox 417 2489 518 2554; x_wconf 88' lang='lat' dir='ltr'>domo</span> <span class='ocrx_word' id='word_1_125' title='bbox 540 2490 700 2576; x_wconf 82' lang='lat' dir='ltr'>Claudii),</span> <span class='ocrx_word' id='word_1_126' title='bbox 720 2490 873 2554; x_wconf 89' lang='lat' dir='ltr'>Pallante</span> <span class='ocrx_word' id='word_1_127' title='bbox 889 2490 1042 2555; x_wconf 89' lang='lat' dir='ltr'>adultero</span> <span class='ocrx_word' id='word_1_128' title='bbox 1059 2491 1338 2578; x_wconf 73' lang='lat' dir='ltr'>(Agrippinael...</span> <span class='ocrx_word' id='word_1_129' title='bbox 1359 2519 1374 2549; x_wconf 74' lang='lat' dir='ltr'>u</span> <span class='ocrx_word' id='word_1_130' title='bbox 1390 2528 1435 2540; x_wconf 97' lang='lat'>-</span> <span class='ocrx_word' id='word_1_131' title='bbox 1455 2489 1503 2566; x_wconf 73' lang='lat'>13,</span> <span class='ocrx_word' id='word_1_132' title='bbox 1522 2514 1553 2554; x_wconf 79' lang='lat' dir='ltr'>a.</span> <span class='ocrx_word' id='word_1_133' title='bbox 1575 2490 1657 2553; x_wconf 72' lang='lat' dir='ltr'>(Jer-</span> 
     </span>
     <span class='ocr_line' id='line_1_17' title="bbox 420 2595 1657 2686; baseline -0.002 -25"><span class='ocrx_word' id='word_1_134' title='bbox 420 2607 530 2662; x_wconf 89' lang='lat' dir='ltr'>tamen</span> <span class='ocrx_word' id='word_1_135' title='bbox 563 2599 696 2686; x_wconf 91' lang='lat' dir='ltr'>utrique</span> <span class='ocrx_word' id='word_1_136' title='bbox 729 2598 850 2682; x_wconf 89' lang='lat' dir='ltr'>(Burro</span> <span class='ocrx_word' id='word_1_137' title='bbox 877 2605 911 2662; x_wconf 89' lang='lat' dir='ltr'>et</span> <span class='ocrx_word' id='word_1_138' title='bbox 937 2599 1097 2685; x_wconf 86' lang='lat' dir='ltr'>Senecae)</span> <span class='ocrx_word' id='word_1_139' title='bbox 1128 2621 1231 2661; x_wconf 90' lang='lat' dir='ltr'>unum</span> <span class='ocrx_word' id='word_1_140' title='bbox 1252 2607 1323 2663; x_wconf 89' lang='lat' dir='ltr'>erat</span> <span class='ocrx_word' id='word_1_141' title='bbox 1351 2605 1467 2662; x_wconf 90' lang='lat' dir='ltr'>contra</span> <span class='ocrx_word' id='word_1_142' title='bbox 1497 2595 1657 2660; x_wconf 82' lang='lat' dir='ltr'>ferociam</span> 
     </span>
     <span class='ocr_line' id='line_1_18' title="bbox 419 2703 1658 2793; baseline -0.002 -25"><span class='ocrx_word' id='word_1_143' title='bbox 419 2704 638 2792; x_wconf 70' lang='lat' dir='ltr'>Agrippinae,</span> <span class='ocrx_word' id='word_1_144' title='bbox 663 2728 789 2793; x_wconf 85' lang='lat' dir='ltr'>quae...</span> <span class='ocrx_word' id='word_1_145' title='bbox 812 2703 959 2769; x_wconf 89' lang='lat' dir='ltr'>habebat</span> <span class='ocrx_word' id='word_1_146' title='bbox 978 2706 1012 2768; x_wconf 93' lang='lat' dir='ltr'>in</span> <span class='ocrx_word' id='word_1_147' title='bbox 1032 2704 1185 2792; x_wconf 90' lang='lat' dir='ltr'>partibus</span> <span class='ocrx_word' id='word_1_148' title='bbox 1206 2704 1407 2783; x_wconf 85' lang='lat' dir='ltr'>Pallantem,</span> <span class='ocrx_word' id='word_1_149' title='bbox 1428 2727 1495 2792; x_wconf 83' lang='lat' dir='ltr'>quo</span> <span class='ocrx_word' id='word_1_150' title='bbox 1519 2712 1658 2768; x_wconf 87' lang='lat' dir='ltr'>auctore</span> 
     </span>
     <span class='ocr_line' id='line_1_19' title="bbox 420 2810 1654 2899; baseline 0 -24"><span class='ocrx_word' id='word_1_151' title='bbox 420 2810 583 2875; x_wconf 78' lang='lat' dir='ltr'>Claudius</span> <span class='ocrx_word' id='word_1_152' title='bbox 604 2812 731 2899; x_wconf 89' lang='lat' dir='ltr'>nuptiis</span> <span class='ocrx_word' id='word_1_153' title='bbox 748 2812 884 2877; x_wconf 87' lang='lat' dir='ltr'>incestis</span> <span class='ocrx_word' id='word_1_154' title='bbox 900 2819 935 2877; x_wconf 89' lang='lat' dir='ltr'>et</span> <span class='ocrx_word' id='word_1_155' title='bbox 953 2811 1132 2899; x_wconf 91' lang='lat' dir='ltr'>adoptione</span> <span class='ocrx_word' id='word_1_156' title='bbox 1153 2813 1294 2877; x_wconf 84' lang='lat' dir='ltr'>exitiosa</span> <span class='ocrx_word' id='word_1_157' title='bbox 1310 2820 1417 2877; x_wconf 90' lang='lat' dir='ltr'>semet</span> <span class='ocrx_word' id='word_1_158' title='bbox 1432 2817 1654 2898; x_wconf 86' lang='lat' dir='ltr'>perverterat.</span> 
     </span>
     <span class='ocr_line' id='line_1_20' title="bbox 420 2917 1658 3012; baseline -0.002 -28"><span class='ocrx_word' id='word_1_159' title='bbox 420 2919 486 2984; x_wconf 84' lang='lat' dir='ltr'>Sed</span> <span class='ocrx_word' id='word_1_160' title='bbox 510 2942 618 3008; x_wconf 89' lang='lat' dir='ltr'>neque</span> <span class='ocrx_word' id='word_1_161' title='bbox 646 2920 771 2984; x_wconf 80' lang='lat' dir='ltr'>Neroni</span> <span class='ocrx_word' id='word_1_162' title='bbox 796 2920 881 2983; x_wconf 88' lang='lat' dir='ltr'>infra</span> <span class='ocrx_word' id='word_1_163' title='bbox 907 2942 1023 2984; x_wconf 87' lang='lat' dir='ltr'>servos</span> <span class='ocrx_word' id='word_1_164' title='bbox 1048 2920 1233 3006; x_wconf 81' lang='lat' dir='ltr'>ingenium,</span> <span class='ocrx_word' id='word_1_165' title='bbox 1257 2927 1290 2984; x_wconf 88' lang='lat' dir='ltr'>et</span> <span class='ocrx_word' id='word_1_166' title='bbox 1309 2918 1423 2984; x_wconf 88' lang='lat' dir='ltr'>Pallas</span> <span class='ocrx_word' id='word_1_167' title='bbox 1448 2918 1534 3012; x_wconf 85' lang='lat' dir='ltr'>tristi</span> <span class='ocrx_word' id='word_1_168' title='bbox 1558 2917 1658 2982; x_wconf 90' lang='lat' dir='ltr'>adro·</span> 
     </span>
     <span class='ocr_line' id='line_1_21' title="bbox 419 3023 1654 3112; baseline 0 -22"><span class='ocrx_word' id='word_1_169' title='bbox 419 3026 532 3109; x_wconf 86' lang='lat' dir='ltr'>gantia</span> <span class='ocrx_word' id='word_1_170' title='bbox 554 3025 692 3090; x_wconf 89' lang='lat' dir='ltr'>modurn</span> <span class='ocrx_word' id='word_1_171' title='bbox 714 3026 825 3090; x_wconf 88' lang='lat' dir='ltr'>liberti</span> <span class='ocrx_word' id='word_1_172' title='bbox 848 3049 1006 3112; x_wconf 83' lang='lat' dir='ltr'>egressus</span> <span class='ocrx_word' id='word_1_173' title='bbox 1028 3026 1175 3091; x_wconf 89' lang='lat' dir='ltr'>taedium</span> <span class='ocrx_word' id='word_1_174' title='bbox 1196 3027 1247 3091; x_wconf 92' lang='lat' dir='ltr'>sui</span> <span class='ocrx_word' id='word_1_175' title='bbox 1271 3033 1432 3090; x_wconf 86' lang='lat' dir='ltr'>moverat.</span> <span class='ocrx_word' id='word_1_176' title='bbox 1456 3063 1499 3075; x_wconf 91' lang='lat'>-</span> <span class='ocrx_word' id='word_1_177' title='bbox 1525 3023 1575 3096; x_wconf 81' lang='lat'>13,</span> <span class='ocrx_word' id='word_1_178' title='bbox 1602 3027 1654 3101; x_wconf 67' lang='grc'>14.</span> 
     </span>
    </p>
   </div>
   <div class='ocr_carea' id='block_1_3' title="bbox 419 3132 1657 3849">
    <p class='ocr_par' dir='ltr' id='par_1_3' title="bbox 419 3132 1657 3849">
     <span class='ocr_line' id='line_1_22' title="bbox 419 3132 1657 3222; baseline -0.001 -26"><span class='ocrx_word' id='word_1_179' title='bbox 419 3132 508 3197; x_wconf 77' lang='lat' dir='ltr'>Nero</span> <span class='ocrx_word' id='word_1_180' title='bbox 529 3133 680 3198; x_wconf 88' lang='lat' dir='ltr'>infensus</span> <span class='ocrx_word' id='word_1_181' title='bbox 704 3134 756 3207; x_wconf 86' lang='lat' dir='ltr'>iis,</span> <span class='ocrx_word' id='word_1_182' title='bbox 779 3133 902 3221; x_wconf 85' lang='lat' dir='ltr'>quibus</span> <span class='ocrx_word' id='word_1_183' title='bbox 927 3134 1085 3222; x_wconf 91' lang='lat' dir='ltr'>superbia</span> <span class='ocrx_word' id='word_1_184' title='bbox 1111 3134 1284 3198; x_wconf 90' lang='lat' dir='ltr'>muliebris</span> <span class='ocrx_word' id='word_1_185' title='bbox 1306 3133 1541 3222; x_wconf 69' lang='lat' dir='ltr'>(Agrippinae)</span> <span class='ocrx_word' id='word_1_186' title='bbox 1566 3132 1657 3196; x_wconf 91' lang='lat' dir='ltr'>inni-</span> 
     </span>
     <span class='ocr_line' id='line_1_23' title="bbox 421 3240 1657 3329; baseline -0.002 -25"><span class='ocrx_word' id='word_1_187' title='bbox 421 3240 563 3311; x_wconf 81' lang='lat' dir='ltr'>tebatur.</span> <span class='ocrx_word' id='word_1_188' title='bbox 579 3240 738 3305; x_wconf 84' lang='lat' dir='ltr'>demovet</span> <span class='ocrx_word' id='word_1_189' title='bbox 754 3240 944 3305; x_wconf 87' lang='lat' dir='ltr'>Pallantem</span> <span class='ocrx_word' id='word_1_190' title='bbox 960 3265 1176 3317; x_wconf 83' lang='lat' dir='ltr'>curararum,</span> <span class='ocrx_word' id='word_1_191' title='bbox 1194 3242 1270 3329; x_wconf 92' lang='lat' dir='ltr'>quis</span> <span class='ocrx_word' id='word_1_192' title='bbox 1286 3265 1303 3306; x_wconf 91' lang='lat' dir='ltr'>a</span> <span class='ocrx_word' id='word_1_193' title='bbox 1320 3240 1461 3306; x_wconf 90' lang='lat' dir='ltr'>Claudio</span> <span class='ocrx_word' id='word_1_194' title='bbox 1475 3240 1657 3327; x_wconf 89' lang='lat' dir='ltr'>impositus</span> 
     </span>
     <span class='ocr_line' id='line_1_24' title="bbox 420 3347 1655 3435; baseline 0 -25"><span class='ocrx_word' id='word_1_195' title='bbox 420 3347 513 3411; x_wconf 82' lang='lat' dir='ltr'>velut</span> <span class='ocrx_word' id='word_1_196' title='bbox 528 3348 703 3413; x_wconf 88' lang='lat' dir='ltr'>arbitrium</span> <span class='ocrx_word' id='word_1_197' title='bbox 721 3349 814 3434; x_wconf 85' lang='lat' dir='ltr'>regni</span> <span class='ocrx_word' id='word_1_198' title='bbox 827 3347 964 3432; x_wconf 74' lang='lat' dir='ltr'>agebat:</span> <span class='ocrx_word' id='word_1_199' title='bbox 981 3349 1227 3435; x_wconf 80' lang='lat' dir='ltr'>ferebaturque.</span> <span class='ocrx_word' id='word_1_200' title='bbox 1246 3348 1463 3433; x_wconf 83' lang='lat' dir='ltr'>degrediente</span> <span class='ocrx_word' id='word_1_201' title='bbox 1478 3371 1517 3412; x_wconf 91' lang='lat' dir='ltr'>eo</span> <span class='ocrx_word' id='word_1_202' title='bbox 1533 3369 1655 3433; x_wconf 88' lang='lat' dir='ltr'>magna</span> 
     </span>
     <span class='ocr_line' id='line_1_25' title="bbox 421 3454 1653 3544; baseline 0.003 -26"><span class='ocrx_word' id='word_1_203' title='bbox 421 3457 696 3544; x_wconf 84' lang='lat' dir='ltr'>prosequentium</span> <span class='ocrx_word' id='word_1_204' title='bbox 719 3456 948 3526; x_wconf 80' lang='lat' dir='ltr'>multitudiue,</span> <span class='ocrx_word' id='word_1_205' title='bbox 972 3480 1038 3520; x_wconf 88' lang='lat' dir='ltr'>non</span> <span class='ocrx_word' id='word_1_206' title='bbox 1065 3456 1209 3520; x_wconf 89' lang='lat' dir='ltr'>absurde</span> <span class='ocrx_word' id='word_1_207' title='bbox 1232 3457 1358 3519; x_wconf 83' lang='lat' dir='ltr'>dixisse</span> <span class='ocrx_word' id='word_1_208' title='bbox 1381 3457 1427 3520; x_wconf 92' lang='lat' dir='ltr'>ire</span> <span class='ocrx_word' id='word_1_209' title='bbox 1451 3454 1653 3522; x_wconf 84' lang='lat' dir='ltr'>Pallantem.</span> 
     </span>
     <span class='ocr_line' id='line_1_26' title="bbox 421 3563 1655 3650; baseline 0 -25"><span class='ocrx_word' id='word_1_210' title='bbox 421 3571 457 3625; x_wconf 91' lang='lat' dir='ltr'>ut</span> <span class='ocrx_word' id='word_1_211' title='bbox 479 3564 633 3627; x_wconf 88' lang='lat' dir='ltr'>eiuraret.</span> <span class='ocrx_word' id='word_1_212' title='bbox 657 3565 743 3628; x_wconf 85' lang='lat' dir='ltr'>Sane</span> <span class='ocrx_word' id='word_1_213' title='bbox 767 3565 940 3649; x_wconf 82' lang='lat' dir='ltr'>pepigerat</span> <span class='ocrx_word' id='word_1_214' title='bbox 962 3563 1084 3630; x_wconf 69' lang='lat' dir='ltr'>Pallas„</span> <span class='ocrx_word' id='word_1_215' title='bbox 1110 3588 1150 3627; x_wconf 88' lang='lat' dir='ltr'>ne</span> <span class='ocrx_word' id='word_1_216' title='bbox 1173 3564 1268 3627; x_wconf 87' lang='lat' dir='ltr'>cuius</span> <span class='ocrx_word' id='word_1_217' title='bbox 1289 3563 1366 3627; x_wconf 89' lang='lat' dir='ltr'>facti</span> <span class='ocrx_word' id='word_1_218' title='bbox 1387 3564 1419 3626; x_wconf 92' lang='lat' dir='ltr'>in</span> <span class='ocrx_word' id='word_1_219' title='bbox 1437 3563 1655 3650; x_wconf 86' lang='lat' dir='ltr'>praeteritum</span> 
     </span>
     <span class='ocr_line' id='line_1_27' title="bbox 420 3669 1652 3758; baseline 0.001 -26"><span class='ocrx_word' id='word_1_220' title='bbox 420 3670 680 3756; x_wconf 76' lang='lat' dir='ltr'>interrogaretur</span> <span class='ocrx_word' id='word_1_221' title='bbox 693 3694 857 3757; x_wconf 80' lang='lat' dir='ltr'>paresque</span> <span class='ocrx_word' id='word_1_222' title='bbox 871 3671 1017 3734; x_wconf 89' lang='lat' dir='ltr'>rationes</span> <span class='ocrx_word' id='word_1_223' title='bbox 1032 3694 1108 3734; x_wconf 89' lang='lat' dir='ltr'>eum</span> <span class='ocrx_word' id='word_1_224' title='bbox 1122 3695 1156 3735; x_wconf 92' lang='lat' dir='ltr'>re</span> <span class='ocrx_word' id='word_1_225' title='bbox 1169 3670 1302 3758; x_wconf 88' lang='lat' dir='ltr'>publica</span> <span class='ocrx_word' id='word_1_226' title='bbox 1315 3670 1464 3735; x_wconf 86' lang='lat' dir='ltr'>haberet.</span> <span class='ocrx_word' id='word_1_227' title='bbox 1475 3709 1518 3719; x_wconf 93' lang='lat'><em>-</em></span> <span class='ocrx_word' id='word_1_228' title='bbox 1536 3669 1583 3744; x_wconf 81' lang='lat'>13,</span> <span class='ocrx_word' id='word_1_229' title='bbox 1598 3671 1652 3733; x_wconf 81' lang='lat'>23.</span> 
     </span>
     <span class='ocr_line' id='line_1_28' title="bbox 423 3775 1655 3849; baseline -0.002 -10"><span class='ocrx_word' id='word_1_230' title='bbox 423 3776 625 3842; x_wconf 76' lang='lat' dir='ltr'>lleferuntur</span> <span class='ocrx_word' id='word_1_231' title='bbox 654 3777 773 3840; x_wconf 82' lang='lat' dir='ltr'>deliine</span> <span class='ocrx_word' id='word_1_232' title='bbox 801 3778 1013 3841; x_wconf 87' lang='lat' dir='ltr'>consensisse</span> <span class='ocrx_word' id='word_1_233' title='bbox 1042 3777 1154 3840; x_wconf 86' lang='lat' dir='ltr'>Pallas</span> <span class='ocrx_word' id='word_1_234' title='bbox 1184 3802 1220 3841; x_wconf 89' lang='lat' dir='ltr'>ae</span> <span class='ocrx_word' id='word_1_235' title='bbox 1247 3779 1384 3849; x_wconf 84' lang='lat' dir='ltr'>llurrus,</span> <span class='ocrx_word' id='word_1_236' title='bbox 1413 3785 1450 3841; x_wconf 92' lang='lat' dir='ltr'>ut</span> <span class='ocrx_word' id='word_1_237' title='bbox 1476 3775 1655 3841; x_wconf 88' lang='lat' dir='ltr'>Cornelius</span> 
     </span>
    </p>
   </div>
   <div class='ocr_carea' id='block_1_4' title="bbox 420 3883 1656 4804">
    <p class='ocr_par' dir='ltr' id='par_1_4' title="bbox 420 3883 1656 4804">
     <span class='ocr_line' id='line_1_29' title="bbox 420 3883 1656 3971; baseline 0 -24"><span class='ocrx_word' id='word_1_238' title='bbox 420 3883 553 3949; x_wconf 78' lang='lat' dir='ltr'>Sulla...</span> <span class='ocrx_word' id='word_1_239' title='bbox 580 3884 621 3948; x_wconf 87' lang='lat' dir='ltr'>ad</span> <span class='ocrx_word' id='word_1_240' title='bbox 646 3885 824 3971; x_wconf 89' lang='lat' dir='ltr'>imperinm</span> <span class='ocrx_word' id='word_1_241' title='bbox 840 3892 1057 3949; x_wconf 77' lang='lat' dir='ltr'>vocaretur...</span> <span class='ocrx_word' id='word_1_242' title='bbox 1079 3885 1146 3948; x_wconf 82' lang='lat' dir='ltr'>Nec</span> <span class='ocrx_word' id='word_1_243' title='bbox 1167 3892 1235 3948; x_wconf 88' lang='lat' dir='ltr'>tarn</span> <span class='ocrx_word' id='word_1_244' title='bbox 1257 3893 1351 3970; x_wconf 89' lang='lat' dir='ltr'>grata</span> <span class='ocrx_word' id='word_1_245' title='bbox 1377 3883 1540 3948; x_wconf 88' lang='lat' dir='ltr'>Pallantis</span> <span class='ocrx_word' id='word_1_246' title='bbox 1562 3884 1656 3947; x_wconf 90' lang='lat' dir='ltr'>inno·</span> 
     </span>
     <span class='ocr_line' id='line_1_30' title="bbox 421 3991 1652 4079; baseline 0.004 -26"><span class='ocrx_word' id='word_1_247' title='bbox 421 3991 529 4054; x_wconf 89' lang='lat' dir='ltr'>centia</span> <span class='ocrx_word' id='word_1_248' title='bbox 546 4014 645 4077; x_wconf 90' lang='lat' dir='ltr'>quam</span> <span class='ocrx_word' id='word_1_249' title='bbox 663 3992 775 4074; x_wconf 77' lang='lat' dir='ltr'>gravis</span> <span class='ocrx_word' id='word_1_250' title='bbox 794 3991 951 4076; x_wconf 85' lang='lat' dir='ltr'>superbia</span> <span class='ocrx_word' id='word_1_251' title='bbox 973 3992 1045 4054; x_wconf 83' lang='lat' dir='ltr'>fuit.</span> <span class='ocrx_word' id='word_1_252' title='bbox 1069 3992 1199 4079; x_wconf 77' lang='lat' dir='ltr'>Quippe</span> <span class='ocrx_word' id='word_1_253' title='bbox 1221 3992 1402 4055; x_wconf 86' lang='lat' dir='ltr'>nominatis</span> <span class='ocrx_word' id='word_1_254' title='bbox 1424 3991 1553 4055; x_wconf 91' lang='lat' dir='ltr'>libertis</span> <span class='ocrx_word' id='word_1_255' title='bbox 1567 3992 1652 4058; x_wconf 76' lang='lat' dir='ltr'>eius.</span> 
     </span>
     <span class='ocr_line' id='line_1_31' title="bbox 421 4097 1656 4185; baseline 0.002 -27"><span class='ocrx_word' id='word_1_256' title='bbox 421 4122 505 4184; x_wconf 77' lang='lat' dir='ltr'>quos</span> <span class='ocrx_word' id='word_1_257' title='bbox 525 4099 678 4161; x_wconf 87' lang='lat' dir='ltr'>conscios</span> <span class='ocrx_word' id='word_1_258' title='bbox 693 4097 841 4173; x_wconf 76' lang='lat' dir='ltr'>lndreret,</span> <span class='ocrx_word' id='word_1_259' title='bbox 861 4097 1034 4184; x_wconf 89' lang='lat' dir='ltr'>respondit</span> <span class='ocrx_word' id='word_1_260' title='bbox 1051 4098 1132 4161; x_wconf 89' lang='lat' dir='ltr'>nihil</span> <span class='ocrx_word' id='word_1_261' title='bbox 1149 4122 1308 4185; x_wconf 88' lang='lat' dir='ltr'>umquam</span> <span class='ocrx_word' id='word_1_262' title='bbox 1329 4123 1363 4162; x_wconf 88' lang='lat' dir='ltr'>se</span> <span class='ocrx_word' id='word_1_263' title='bbox 1378 4098 1468 4160; x_wconf 91' lang='lat' dir='ltr'>domi</span> <span class='ocrx_word' id='word_1_264' title='bbox 1490 4098 1554 4161; x_wconf 90' lang='lat' dir='ltr'>nisi</span> <span class='ocrx_word' id='word_1_265' title='bbox 1571 4105 1656 4161; x_wconf 87' lang='lat' dir='ltr'>nutu</span> 
     </span>
     <span class='ocr_line' id='line_1_32' title="bbox 422 4204 1655 4290; baseline -0.002 -24"><span class='ocrx_word' id='word_1_266' title='bbox 422 4215 479 4267; x_wconf 89' lang='lat' dir='ltr'>aut</span> <span class='ocrx_word' id='word_1_267' title='bbox 504 4228 605 4268; x_wconf 84' lang='lat' dir='ltr'>mmm</span> <span class='ocrx_word' id='word_1_268' title='bbox 624 4204 843 4286; x_wconf 81' lang='lat' dir='ltr'>significasse,</span> <span class='ocrx_word' id='word_1_269' title='bbox 868 4204 918 4266; x_wconf 78' lang='lat' dir='ltr'>rel</span> <span class='ocrx_word' id='word_1_270' title='bbox 941 4205 966 4266; x_wconf 85' lang='lat' dir='ltr'>si</span> <span class='ocrx_word' id='word_1_271' title='bbox 992 4204 1088 4290; x_wconf 88' lang='lat' dir='ltr'>plura</span> <span class='ocrx_word' id='word_1_272' title='bbox 1108 4205 1371 4269; x_wconf 84' lang='lat' dir='ltr'>demonstranda</span> <span class='ocrx_word' id='word_1_273' title='bbox 1386 4213 1510 4278; x_wconf 83' lang='lat' dir='ltr'>essent,</span> <span class='ocrx_word' id='word_1_274' title='bbox 1529 4206 1655 4290; x_wconf 86' lang='lat' dir='ltr'>scripto</span> 
     </span>
     <span class='ocr_line' id='line_1_33' title="bbox 421 4311 1654 4399; baseline 0 -25"><span class='ocrx_word' id='word_1_275' title='bbox 421 4335 532 4385; x_wconf 89' lang='lat' dir='ltr'>usum,</span> <span class='ocrx_word' id='word_1_276' title='bbox 555 4334 595 4374; x_wconf 88' lang='lat' dir='ltr'>ne</span> <span class='ocrx_word' id='word_1_277' title='bbox 617 4335 732 4374; x_wconf 82' lang='lat' dir='ltr'>vocem</span> <span class='ocrx_word' id='word_1_278' title='bbox 754 4312 974 4375; x_wconf 88' lang='lat' dir='ltr'>consociaret.</span> <span class='ocrx_word' id='word_1_279' title='bbox 998 4351 1040 4359; x_wconf 92' lang='lat'>-</span> <span class='ocrx_word' id='word_1_280' title='bbox 1059 4314 1110 4387; x_wconf 65' lang='lat'>14.</span> <span class='ocrx_word' id='word_1_281' title='bbox 1129 4338 1159 4375; x_wconf 79' lang='lat' dir='ltr'>a.</span> <span class='ocrx_word' id='word_1_282' title='bbox 1179 4312 1380 4399; x_wconf 69' lang='lat' dir='ltr'>(Agrippina</span> <span class='ocrx_word' id='word_1_283' title='bbox 1398 4311 1654 4396; x_wconf 87' lang='lat' dir='ltr'>dominationis)</span> 
     </span>
     <span class='ocr_line' id='line_1_34' title="bbox 421 4417 1653 4506; baseline 0 -24"><span class='ocrx_word' id='word_1_284' title='bbox 421 4418 576 4505; x_wconf 84' lang='lat' dir='ltr'>cupidine</span> <span class='ocrx_word' id='word_1_285' title='bbox 603 4442 708 4506; x_wconf 87' lang='lat' dir='ltr'>usque.</span> <span class='ocrx_word' id='word_1_286' title='bbox 729 4417 771 4482; x_wconf 88' lang='lat' dir='ltr'>ad</span> <span class='ocrx_word' id='word_1_287' title='bbox 791 4417 884 4482; x_wconf 87' lang='lat' dir='ltr'>libita</span> <span class='ocrx_word' id='word_1_288' title='bbox 907 4418 1071 4482; x_wconf 86' lang='lat' dir='ltr'>Pallantis</span> <span class='ocrx_word' id='word_1_289' title='bbox 1091 4419 1279 4505; x_wconf 81' lang='lat' dir='ltr'>provoluta.</span> <span class='ocrx_word' id='word_1_290' title='bbox 1304 4457 1346 4467; x_wconf 93' lang='lat'><em>-</em></span> <span class='ocrx_word' id='word_1_291' title='bbox 1375 4422 1423 4494; x_wconf 71' lang='lat'>14,</span> <span class='ocrx_word' id='word_1_292' title='bbox 1449 4417 1502 4481; x_wconf 78' lang='lat'>65.</span> <span class='ocrx_word' id='word_1_293' title='bbox 1526 4418 1653 4482; x_wconf 81' lang='lat' dir='ltr'>Eodem</span> 
     </span>
     <span class='ocr_line' id='line_1_35' title="bbox 421 4524 1656 4612; baseline 0.001 -24"><span class='ocrx_word' id='word_1_294' title='bbox 421 4549 509 4589; x_wconf 76' lang='lat' dir='ltr'>:rnna</span> <span class='ocrx_word' id='word_1_295' title='bbox 550 4524 747 4589; x_wconf 86' lang='lat' dir='ltr'>libertorum</span> <span class='ocrx_word' id='word_1_296' title='bbox 788 4525 979 4612; x_wconf 85' lang='lat' dir='ltr'>potissimos</span> <span class='ocrx_word' id='word_1_297' title='bbox 1018 4548 1147 4588; x_wconf 76' lang='lat' dir='ltr'>veneno</span> <span class='ocrx_word' id='word_1_298' title='bbox 1182 4525 1389 4589; x_wconf 81' lang='lat' dir='ltr'>interfecisse</span> <span class='ocrx_word' id='word_1_299' title='bbox 1420 4525 1568 4589; x_wconf 85' lang='lat' dir='ltr'>creditus</span> <span class='ocrx_word' id='word_1_300' title='bbox 1604 4535 1656 4589; x_wconf 85' lang='lat' dir='ltr'>est</span> 
     </span>
     <span class='ocr_line' id='line_1_36' title="bbox 421 4631 1653 4719; baseline 0.001 -25"><span class='ocrx_word' id='word_1_301' title='bbox 421 4631 594 4716; x_wconf 63' lang='lat' dir='ltr'>(Norat...</span> <span class='ocrx_word' id='word_1_302' title='bbox 624 4632 823 4701; x_wconf 81' lang='lat' dir='ltr'>Pallantem,</span> <span class='ocrx_word' id='word_1_303' title='bbox 851 4632 940 4718; x_wconf 85' lang='lat' dir='ltr'>quod</span> <span class='ocrx_word' id='word_1_304' title='bbox 969 4633 1165 4696; x_wconf 85' lang='lat' dir='ltr'>immensam</span> <span class='ocrx_word' id='word_1_305' title='bbox 1189 4635 1365 4719; x_wconf 88' lang='lat' dir='ltr'>pecuniam</span> <span class='ocrx_word' id='word_1_306' title='bbox 1395 4633 1492 4716; x_wconf 88' lang='lat' dir='ltr'>longa</span> <span class='ocrx_word' id='word_1_307' title='bbox 1517 4642 1653 4697; x_wconf 84' lang='lat' dir='ltr'>senecta</span> 
     </span>
     <span class='ocr_line' id='line_1_37' title="bbox 422 4739 621 4804; baseline 0.01 -2"><span class='ocrx_word' id='word_1_308' title='bbox 422 4740 587 4802; x_wconf 87' lang='lat' dir='ltr'>detineret</span> <span class='ocrx_word' id='word_1_309' title='bbox 600 4739 621 4804; x_wconf 84' lang='lat'>¹.</span> 
     </span>
    </p>
   </div>
   <div class='ocr_carea' id='block_1_5' title="bbox 410 4980 681 5038">
    <p class='ocr_par' dir='ltr' id='par_1_5' title="bbox 410 4980 681 5038">
     <span class='ocr_line' id='line_1_38' title="bbox 410 4980 681 5038; baseline 0.011 -13"><span class='ocrx_word' id='word_1_310' title='bbox 410 4983 417 5014; x_wconf 88' lang='lat'>¹</span> <span class='ocrx_word' id='word_1_311' title='bbox 439 4980 471 5028; x_wconf 83' lang='lat' dir='ltr'>l&#39;.</span> <span class='ocrx_word' id='word_1_312' title='bbox 488 4983 567 5029; x_wconf 78' lang='lat' dir='ltr'>etium</span> <span class='ocrx_word' id='word_1_313' title='bbox 591 4999 624 5030; x_wconf 75' lang='lat' dir='ltr'>re».</span> <span class='ocrx_word' id='word_1_314' title='bbox 644 4984 681 5038; x_wconf 67' lang='grc'>54.</span> 
     </span>
    </p>
   </div>
   <div class='ocr_carea' id='block_1_6' title="bbox 0 0 1863 6228">
    <p class='ocr_par' dir='ltr' id='par_1_6' title="bbox 0 0 1863 6228">
     <span class='ocr_line' id='line_1_39' title="bbox 0 0 1863 6228; baseline 0 0"><span class='ocrx_word' id='word_1_315' title='bbox 0 0 1863 6228; x_wconf 95' lang='lat' dir='ltr'> </span> 
     </span>
    </p>
   </div>
  </div>
 </body>
</html>
