3709 6234
820 865 934 919 OlllllltS
1466 862 1520 918 495

238 1002 453 1071 ORFlDlVS
482 1003 723 1086 BENIGNVS‚
750 1005 1001 1075 Oltululvst
1016 1045 1059 1057 -
1083 1005 1126 1086 ll,
1143 1005 1198 1084 43.
1232 1005 1410 1072 lnterleeto
1434 1004 1520 1072 Orti-

283 1111 339 1176 dio
355 1111 507 1200 Benigno
536 1113 648 1201 lcgato
666 1114 824 1203 (legionis
845 1115 976 1203 primae
1001 1114 1191 1180 Adiutricis
1208 1138 1270 1203 pro
1297 1113 1430 1181 Othone
1458 1115 1521 1179 Be-

282 1218 387 1284 driaci
415 1222 626 1309 pugnantis).
655 1260 698 1270 —
728 1221 770 1304 ll,
799 1223 853 1299 45.
871 1221 1087 1311 llequisitum
1114 1220 1234 1287 Orfidii
1266 1221 1370 1308 legati
1398 1245 1520 1310 corpus

282 1326 408 1392 honore
425 1327 525 1393 solito
541 1336 723 1394 crematur.

239 1431 443 1510 OllFlTVS,
460 1460 493 1503 v.
512 1434 767 1502 CORNELIVS
784 1435 990 1502 Ottl'lTvS.

239 1539 417 1607 ORIENS.
439 1580 483 1592 -
509 1567 539 1623 2,
576 1568 603 1608 ι.
630 1544 773 1609 Sisenna
806 1544 942 1610 Statilio
971 1544 1080 1609 Tauro
1117 1543 1155 1609 L.
1173 1542 1301 1610 Libone
1325 1541 1522 1609 consulibus

285 1655 376 1714 rnota
397 1648 547 1715 Orientis
577 1675 679 1739 regna
713 1652 975 1740 provinciaeque
1005 1652 1190 1716 Romanae.
1212 1675 1303 1733 -2‚
1323 1651 1354 1718 5.
1386 1650 1521 1716 Tiberio

284 1755 373 1821 lraud
389 1757 560 1844 ingratum
575 1758 697 1824 accidit
717 1760 846 1825 turbari
859 1782 912 1823 rcs
926 1759 1088 1824 Orientis.
1107 1797 1150 1807 —
1166 1783 1198 1836 2,
1223 1761 1279 1835 la.
1305 1757 1331 1822 F
1334 1758 1463 1823 lorente
1479 1759 1519 1823 C.

285 1862 428 1929 Caesare
464 1866 634 1954 missoque
664 1866 705 1931 ad
731 1889 785 1931 res
815 1866 977 1932 Orientis.
1007 1904 1050 1914 —
1076 1889 1107 1942 2,
1143 1866 1197 1943 153.
1222 1865 1405 1954 (Tiberius)
1432 1864 1523 1953 apud

284 1979 397 2058 patres
427 1972 585 2037 disseruit
609 1974 709 2060 (non)
741 1997 839 2061 posse
871 1980 1001 2039 motum
1031 1973 1204 2038 Orientem
1235 1974 1300 2036 nisi
1330 1973 1523 2038 Germanici

285 2078 450 2166 sapientia
470 2082 640 2168 componi.
665 2120 709 2129 -
734 2082 764 2154 3,
791 2105 841 2146 ια.
866 2080 1034 2166 (Tiberius
1060 2080 1149 2168 apud
1175 2088 1331 2146 senatum
1362 2080 1523 2144 disseruit

287 2186 366 2272 Cn.)
407 2186 606 2253 Pisonem...
634 2187 864 2255 adiutorem...
898 2187 1099 2252 Germanico
1124 2187 1241 2252 datum
1270 2211 1289 2252 a
1322 2211 1357 2252 se
1387 2197 1524 2253 auctore

287 2299 406 2358 senatu
420 2293 520 2359 rebus
536 2295 623 2383 opud
644 2294 816 2361 Orientem
842 2294 1132 2360 administrandis.
1154 2332 1198 2345 -
1211 2297 1243 2371 3,
1271 2295 1326 2372 aa.
1345 2295 1525 2382 (Loquitur

288 2399 459 2466 insenatu
480 2402 666 2487 Drusus)...
691 2403 894 2481 «Quotiens
923 2402 1047 2466 Divum
1082 2402 1276 2489 Augustum
1296 2402 1331 2466 in
1352 2400 1524 2466 Occiden-

290 2515 357 2572 tem
384 2518 486 2597 atque
514 2510 687 2575 Orientem
721 2510 886 2575 meavisse
911 2510 1034 2575 comite
1061 2508 1166 2575 Livia.
1191 2534 1209 2575 n
1241 2548 1272 2559 —
1297 2508 1329 2589 6,
1355 2509 1409 2575 32.
1432 2509 1525 2574 Tibe·

289 2613 402 2682 rius...
428 2617 572 2698 cunetis
604 2640 691 2706 quae
719 2617 808 2707 apud
835 2617 1008 2683 Orientem
1036 2615 1254 2704 parabantur,
1282 2617 1320 2681 L.
1349 2616 1524 2683 Vitellium

288 2723 461 2810 praefecit.
492 2763 535 2772 —
565 2724 596 2800 a,
620 2723 673 2801 34.
708 2725 854 2790 Parthus
883 2725 1061 2811 imperium
1091 2723 1251 2804 Orientis,
1290 2723 1525 2790 claritudinem

289 2830 571 2899 Arsacidarum...
604 2832 804 2899 disserebat.
849 2858 958 2909 -ιι,
985 2856 1017 2920 9.
1045 2832 1138 2897 Tune
1175 2832 1347 2898 distractis
1377 2832 1525 2897 Orientis

290 2939 418 3005 viribus
433 2947 466 3004 et
488 2963 635 3028 quonam
650 2941 854 3006 inclinarent
874 2940 1024 3020 incertis,
1041 2962 1140 3005 casus
1151 2940 1340 3005 Mithridati
1359 2940 1459 3007 datus
1474 2947 1526 3004 est

290 3047 476 3134 occupandi
491 3048 699 3114 Armeniam.
718 3089 761 3099 -
783 3050 831 3126 13,
850 3073 882 3137 7.
905 3048 1035 3116 Nero...
1055 3048 1263 3114 iuventutem
1284 3048 1456 3135 proximas
1468 3070 1527 3135 per

289 3154 481 3240 provincias
499 3154 686 3241 quaesitam
707 3152 906 3243 supplendis
921 3153 1071 3221 Orientis
1091 3152 1282 3242 legionibus
1303 3152 1524 3220 admovere...

291 3259 395 3325 iubet.
412 3298 457 3311 -
485 3264 535 3341 1³,
561 3263 593 3326 8.
617 3261 742 3351 Copiae
774 3261 923 3327 Orientis
943 3263 990 3327 ita
1019 3260 1229 3340 dividuntur,
1248 3268 1284 3327 ut
1313 3284 1391 3349 pars
1421 3260 1525 3348 (apud

292 3365 500 3431 meidium
521 3367 731 3447 Quadratum
752 3370 870 3456 Syriae
885 3368 1035 3456 legatum
1061 3376 1163 3449 esset,
1179 3390 1257 3456 pars
1291 3368 1381 3457 apud
1411 3368 1527 3433 llorni-

293 3474 375 3538 tium
393 3474 648 3562 Corbulonem).
663 3514 704 3522 -
726 3478 774 3552 nl,
793 3476 847 3563 57.
871 3474 1100 3563 Tigellinus..
1132 3482 1347 3563 comperto...
1368 3475 1527 3540 Plautum

292 3588 324 3645 et
360 3581 489 3647 Sullam
537 3582 682 3647 maxime
728 3583 837 3648 timeri
874 3584 906 3670 (a
948 3581 1107 3669 Nerone).
1145 3582 1304 3648 Plautum
1333 3582 1368 3646 in
1394 3582 1525 3660 Asiam,

293 3688 423 3754 Sullam
453 3690 486 3753 in
519 3688 664 3753 Galliam
703 3690 959 3756 Narbonensem
988 3713 1095 3779 nuper
1127 3698 1271 3772 amotos,
1312 3688 1527 3755 nobilitatem

293 3820 408 3860 eorum
444 3804 477 3861 ct
515 3797 723 3884 propinquos
764 3798 839 3863 huic
883 3797 1043 3878 Orientis,
1085 3797 1134 3861 illi
1166 3797 1367 3862 Germaniae
1405 3798 1530 3863 exerci-

293 3911 348 3969 tus
364 3911 617 3969 commemorat.
636 3943 679 3952 -
704 3904 755 3985 15,
779 3903 833 3970 36.
850 3905 920 3970 Nec
940 3904 1048 3970 multo
1063 3913 1152 3993 post,
1170 3905 1296 3968 oruissa
1313 3904 1347 3969 in
1368 3926 1531 3992 praesens

293 4012 479 4089 rlclraia...,
505 4010 621 4098 (Nero)
651 4011 767 4076 urbem
801 4012 928 4096 revisit,
959 4011 1151 4102 provincias
1187 4010 1347 4086 Orientis,
1385 4012 1529 4077 maxime

293 4119 502 4206 Aegyptum,
532 4119 672 4183 secretis
701 4119 1002 4207 imaginationibus
1020 4120 1167 4206 agitans
1191 4158 1227 4168 -
1250 4119 1276 4199 l,
1296 4143 1326 4184 a.
1344 4118 1530 4207 Prosperae

295 4227 326 4290 in
354 4226 503 4307 Oriente.
531 4225 692 4291 adversae
712 4227 745 4291 in
775 4226 959 4293 Occidente
985 4250 1050 4292 res,
1069 4264 1110 4276 -
1132 4225 1158 4302 Ι,
1195 4251 1244 4291 ro.
1273 4226 1395 4292 Oriens
1420 4226 1530 4292 adhuc

293 4335 454 4399 immotus
484 4372 526 4381 —-
543 4332 567 4398 l.
587 4333 640 4398 50.
660 4335 763 4400 Erant
779 4335 838 4423 qui
851 4334 1096 4422 Vespasianum
1112 4341 1145 4399 et
1160 4357 1253 4398 arma
1265 4333 1415 4400 Orientis
1426 4358 1532 4422 augu-

295 4449 460 4505 rarentur.
480 4479 521 4488 -
538 4439 564 4518 Ι,
583 4440 636 4529 76.
659 4441 838 4529 Aegyptus
862 4465 1049 4532 omnesque
1070 4464 1186 4507 versae
1205 4441 1240 4505 in
1259 4440 1433 4507 Orientem
1452 4466 1531 4531 pro-

295 4550 425 4613 vinciae
456 4547 591 4611 nomine
621 4548 795 4636 (Othonis)
827 4551 1042 4616 tenebantur.
1069 4586 1114 4599 -
1134 4556 1159 4624 1,
1177 4552 1233 4638 89.
1261 4548 1346 4612 Tum
1380 4548 1532 4636 legiones

295 4656 531 4743 classesque...
551 4654 584 4717 in
604 4656 708 4719 aciem
723 4656 930 4746 (deductae).
960 4656 1081 4722 Oriens
1111 4655 1344 4744 Occidensque
1373 4663 1407 4721 et
1434 4657 1529 4747 quid·

296 4763 378 4852 quid
393 4765 564 4851 utrimque
582 4765 701 4829 virium
716 4773 798 4830 esta
815 4773 966 4852 terge...,
978 4764 1080 4854 longo
1099 4762 1189 4829 bello
1206 4763 1357 4829 materia.
1375 4800 1419 4813 -
1441 4765 1484 4842 ll,
1498 4765 1530 4831 6.

286 4994 292 5025 ¹
311 4992 339 5040 C.
357 4992 474 5041 Ortldius
491 4993 635 5052 llenignus.
648 4992 819 5049 Pnesor.,88.
833 5017 862 5028 -
876 4990 956 5054 l'ulg.
972 5006 977 5040 :
998 4988 1158 5055 Orpbidius.
