3709 6234
848 869 958 924 ltalia
1488 863 1539 919 361

302 1034 375 1076 sare
389 1010 630 1099 (Maroboduo)
645 1020 753 1077 tutam
769 1012 799 1076 ei
827 1011 1093 1099 honoratamque
1115 1010 1228 1075 sedern
1253 1010 1288 1074 in
1305 1008 1401 1074 ltalia
1428 1009 1539 1075 lore...

305 1118 426 1184 Exstat
445 1119 553 1184 oratio
569 1117 734 1207 (Tiberii),
751 1142 844 1207 qua..
873 1142 974 1208 quam
988 1119 1198 1207 propinquus
1219 1116 1544 1204 ltaliachostis(Ma·

305 1225 478 1292 roboduus
498 1225 855 1314 luisset)...extulit...
887 1224 1143 1312 (Maroboduus)
1174 1249 1240 1290 non
1270 1225 1415 1290 excessit
1448 1225 1544 1290 ltalia

303 1357 362 1424 per
375 1333 609 1421 duodeviginti
625 1356 744 1398 annos,
767 1373 810 1382 -
831 1357 862 1411 α,
879 1333 933 1399 8ἢ.
956 1334 1081 1398 Actum
1098 1341 1129 1398 ct
1155 1332 1196 1397 de
1232 1332 1336 1397 sacris
1364 1333 1544 1420 Aegyptiis

303 1441 514 1529 Iudaicisque
527 1441 693 1529 pellendis
712 1440 905 1529 factumque
944 1449 1077 1529 patrum
1092 1439 1298 1521 consultum,
1331 1447 1369 1504 ut
1383 1448 1544 1528 quattuor

259 1587 262 1592 <
302 1549 437 1616 milia...
453 1571 492 1614 ea
506 1549 746 1637 superstitione
762 1548 943 1629 inlecta...,
962 1549 1063 1614 ceteri
1083 1548 1240 1614 cederent
1254 1548 1363 1625 ltalia,
1387 1548 1451 1611 nisi
1465 1571 1520 1613 cer
1537 1588 1543 1596 ·

303 1663 372 1722 tani
391 1664 469 1722 ante
488 1656 577 1721 diem
593 1655 751 1743 profanos
775 1656 860 1720 ritus
876 1656 1062 1722 exuissent.
1089 1693 1133 1706 -
1158 1655 1189 1736 3,
1215 1656 1268 1722 28.
1300 1655 1403 1743 (Lege
1441 1655 1544 1743 Papia

260 1803 264 1810 ·
305 1764 460 1851 Poppaea
480 1764 578 1830 inditi
592 1763 763 1849 custodes)
785 1763 944 1830 urbem..
981 1772 1015 1829 et
1043 1763 1175 1829 ltaliam
1213 1772 1256 1832 et.
1286 1762 1377 1851 quod
1400 1786 1543 1851 usquam

304 1871 442 1948 civium,
459 1872 702 1959 corripuerant,
725 1870 978 1958 multorumque
993 1871 1097 1937 excisi
1127 1878 1250 1939 status.
1265 1908 1306 1923 -
1329 1870 1360 1949 3,
1392 1870 1445 1935 31.
1463 1871 1544 1936 Cor·

306 1977 387 2043 bulo
403 1978 548 2066 plurima
564 2002 623 2067 per
640 1977 772 2044 ltaliam
788 1977 1034 2043 itineralraude
1051 1978 1244 2065 mancipum
1264 1984 1297 2042 et
1319 1978 1446 2043 incuria
1475 2002 1545 2042 ma-

259 2125 263 2134 ·
307 2086 512 2172 gistratuum
530 2087 717 2173 interrupta
742 2093 776 2150 et
800 2085 962 2173 impervia
979 2085 1228 2152 clamitando...
1246 2124 1289 2135 -
1314 2084 1345 2164 3,
1367 2085 1420 2150 33.
1443 2086 1546 2152 Seve-

306 2216 363 2257 rus
379 2193 565 2261 Caecina...
584 2194 840 2281 (commemorat
861 2217 896 2258 se
913 2216 1052 2257 uxorem
1067 2191 1271 2281 cohibuisse)
1294 2193 1382 2259 intra
1399 2192 1542 2268 ltaliam,

306 2323 514 2390 quamquam
549 2302 620 2389 ipse
654 2300 768 2391 plures
806 2324 864 2388 per
900 2300 1090 2389 provincias
1126 2299 1349 2388 quadraginta
1379 2301 1546 2388 stipendia

305 2408 523 2497 explevisset.
545 2448 587 2458 -
602 2409 633 2488 3,
647 2413 700 2488 do.
717 2407 853 2494 (Florus
869 2415 902 2473 et
917 2408 1075 2472 Sacrovir
1086 2407 1175 2496 apud
1186 2406 1317 2494 Gallos)
1334 2407 1546 2473 disserebant

308 2516 480 2603 egregium
503 2517 723 2582 resumendae
737 2514 885 2581 libertati
901 2523 1048 2603 tempus
1076 2515 1105 2579 si
1134 2515 1198 2602 ipsi
1232 2516 1403 2595 florentes,
1444 2539 1545 2603 quam

310 2623 407 2711 inops
426 2623 535 2701 ltalia,
553 2647 655 2711 quam
671 2622 808 2688 inbellis
828 2622 956 2688 urbana
977 2621 1133 2710 plebes...
1156 2623 1356 2708 cogitarent.
1372 2660 1417 2673 -
1438 2623 1469 2700 3,
1488 2622 1542 2700 54.

311 2730 492 2820 (Loquitur
506 2730 673 2818 Tiberius)
693 2755 709 2795 a
730 2731 842 2798 ...Cur
866 2754 947 2817 ergo
963 2729 1043 2794 olim
1055 2730 1261 2819 parsimonia
1277 2728 1546 2819 pollebatlQuia

309 2837 373 2903 sibi
389 2839 531 2927 quisque
552 2837 802 2920 moderabatur,
824 2839 902 2927 quia
917 2838 1019 2903 unius
1035 2837 1128 2902 urbis
1144 2838 1234 2903 cives
1251 2861 1397 2914 eramus,
1408 2861 1450 2903 ne
1466 2838 1546 2903 inri-

308 2952 458 3011 tamenta
473 2945 609 3035 quidem
631 2945 749 3011 eadem
765 2947 851 3011 intra
869 2945 1001 3011 ltaliam
1016 2944 1283 3010 dominantibus,
1307 2947 1377 3011 ..lt
1410 2945 1545 3011 hercule

306 3076 405 3118 nemo
425 3052 538 3132 refert,
556 3053 648 3141 quod
663 3052 759 3118 ltalia
773 3060 933 3118 externae
953 3052 1027 3141 opis
1044 3051 1184 3140 indiget.
1208 3105 1214 3118 .
1232 3080 1247 3111 »
1264 3092 1306 3102 —
1334 3051 1365 3132 3,
1379 3055 1432 3118 58.
1466 3055 1544 3118 Ser-

304 3160 380 3224 vius
391 3159 765 3247 Maluginensisllamen
778 3158 896 3232 Dialis,
905 3159 1070 3224 utAsiam
1082 3167 1171 3223 sorte
1183 3159 1332 3236 haberet,
1343 3159 1541 3246 postulavit,

305 3267 428 3331 lrustra
447 3266 624 3353 vulgatum
640 3266 799 3332 dictitans
816 3290 883 3331 non
899 3265 998 3332 licere
1028 3264 1183 3331 Dialibus
1221 3266 1334 3353 egredi
1372 3266 1480 3332 ltalia.
1503 3306 1545 3316 -

306 3375 337 3452 3,
356 3373 409 3462 73.
428 3373 650 3462 NeSpartaco
665 3374 802 3462 quidem
819 3381 896 3461 post
912 3379 962 3438 tot
977 3372 1205 3438 consularium
1215 3374 1545 3439 exercituuniclades

305 3480 448 3546 inultam
469 3480 600 3546 ltaliam
615 3480 765 3547 urenti...
780 3480 909 3558 datum,
926 3489 964 3545 ut
986 3488 1083 3567 pacto
1099 3480 1132 3544 in
1145 3480 1245 3544 lidern
1262 3482 1481 3569 acciperetur.
1507 3522 1543 3532 -

305 3591 337 3665 d.
361 3587 391 3652 5.
411 3588 542 3654 ltaliam
558 3599 700 3674 u¹roque
721 3587 805 3652 nutri
820 3587 905 3652 duae
917 3586 1056 3662 classes,
1077 3588 1245 3652 hlisenum
1259 3588 1348 3674 apud
1364 3600 1396 3653 et
1411 3587 1544 3653 Raven-

305 3719 425 3761 nam...
464 3694 744 3784 praesidebant...
781 3693 936 3780 (Duabus
969 3692 1174 3782 legionibus)
1219 3693 1308 3782 apud
1344 3694 1545 3761 Delmatiam

306 3802 439 3878 locatis,
457 3826 600 3891 quae...‚
619 3803 646 3866 si
665 3802 877 3889 repentinum
893 3801 1056 3865 auxilium
1075 3800 1172 3866 ltalia
1188 3809 1353 3888 posceret,
1367 3802 1456 3867 haud
1471 3827 1547 3891 pro·

305 3908 360 3975 cul
379 3911 578 3975 accirentur.
602 3947 644 3960 -
662 3912 693 3986 ά,
710 3908 742 3973 6,
762 3908 842 3972 llari
857 3932 916 3996 per
934 3907 1066 3973 ltaliam
1085 3909 1240 3973 Caesaris
1258 3909 1341 3995 agri.
1374 3946 1415 3958 —
1440 3912 1473 3990 4,
1494 3914 1543 3988 ¹d·

306 4017 400 4082 Pulsi
418 4026 488 4084 tum
506 4018 686 4082 histriones
710 4014 819 4082 ltalia.
844 4018 935 4094 —d,
954 4040 1006 4105 ²7·
1043 4015 1169 4081 Eadem
1202 4024 1329 4082 aestate
1367 4026 1458 4083 mota
1487 4041 1546 4106 per

308 4123 439 4190 ltaliam
456 4125 588 4189 servilis
599 4123 679 4189 belli
691 4123 819 4188 semina
834 4122 903 4187 lors
919 4124 1145 4210 oppressit-
1158 4126 1189 4202 ά,
1200 4123 1252 4191 31.
1267 4124 1487 4214 (P.Suillius)
1507 4176 1544 4205 ..,

307 4255 383 4296 cum
404 4231 501 4297 ltalia
517 4240 686 4297 arceretur
701 4231 877 4295 convictus
897 4231 1073 4318 pecuniam
1099 4230 1226 4295 obrem
1256 4230 1469 4297 iudicandam
1493 4257 1547 4298 cc-

307 4339 409 4426 pisse.
436 4378 472 4388 -
488 4342 519 4419 d,
535 4340 589 4405 55.
605 4337 759 4404 Sardiani
775 4337 949 4403 decretum
962 4338 1115 4403 Etruriae
1146 4338 1329 4403 recitavere
1344 4347 1383 4404 ut
1403 4363 1547 4405 consan-

306 4446 444 4531 guinei3
471 4446 683 4532 Tyrrhenum
699 4444 957 4533 Lydumque...‚
980 4453 1013 4510 et
1032 4445 1157 4511 ducum
1179 4469 1196 4511 e
1218 4445 1412 4511 nominibus
1441 4447 1546 4514 indita

305 4552 469 4618 vocabula
486 4553 553 4616 illis
569 4576 627 4640 per
644 4552 773 4628 Asiam,
797 4551 848 4615 his
864 4553 897 4615 in
926 4550 1064 4618 ltalia...
1094 4592 1137 4601 —
1163 4554 1195 4632 ά,
1219 4551 1271 4617 56.
1295 4552 1343 4618 At
1369 4554 1548 4640 Zmyrnaei

305 4660 446 4748 repetita
468 4667 679 4725 vetustate...
697 4658 935 4723 transcendere
952 4658 994 4723 ad
1014 4681 1065 4736 ea,
1090 4659 1166 4748 quis
1195 4659 1343 4724 maxime
1382 4659 1545 4739 lidebant,

309 4768 342 4831 in
368 4766 533 4855 populum
553 4766 746 4831 Romanum
771 4765 905 4844 officiis,
932 4765 1035 4831 missa
1071 4765 1184 4830 navali
1213 4767 1322 4853 copia,
1351 4790 1419 4832 non
1447 4769 1548 4834 modo

307 4881 447 4939 externa
467 4872 509 4938 ad
524 4872 626 4948 bella,
644 4871 703 4937 sed
719 4893 804 4959 quae
823 4871 858 4935 in
875 4869 973 4937 ltalia
993 4870 1237 4940 tolerabantur.
1261 4912 1305 4922 —
1326 4877 1357 4952 5,
1375 4898 1426 4942 ro.
1442 4876 1548 4965 (Pop-

308 5003 411 5068 paeus
428 4978 589 5065 Sabinus)
613 4979 788 5064 cognoscit
804 4976 940 5062 (lalsum
977 4979 1183 5067 Drusum)...
1201 4980 1318 5047 multis
1340 4990 1546 5048 sectatorum

466 5163 991 5517 Α
