3709 6234
286 833 319 887 Zl
819 837 1036 890 aascvtanvs

331 960 523 1036 Nouellum,
538 961 723 1025 Aemilium
740 962 925 1027 Pacensem
938 962 1042 1026 duces
1057 960 1198 1027 dederat
1208 959 1341 1050 (Otho).
1357 959 1426 1025 Sed
1437 960 1563 1029 Pacene

331 1069 377 1131 sis
392 1091 451 1156 per
471 1067 642 1134 licentiam
659 1068 806 1134 militum
819 1070 966 1135 vinctus,
985 1109 1025 1119 -
1044 1069 1105 1142 lll.
1127 1068 1181 1158 73.
1197 1068 1322 1157 (Capto
1337 1091 1356 1133 a
1371 1066 1562 1134 Vitellianis

330 1175 511 1264 Capitolio)
524 1176 620 1263 pauci
632 1176 829 1242 militarium
840 1177 1002 1257 virorum,
1019 1177 1107 1242 inter
1119 1200 1204 1265 quos
1213 1176 1359 1240 maxime
1368 1174 1559 1261 insignes...

330 1281 497 1347 aemilius
518 1283 733 1360 Pacensis...
750 1308 900 1373 pugnam
920 1285 993 1350 ausi
1009 1283 1267 1350 obtruncantur.

285 1390 323 1456 L.
342 1390 591 1480 (nlttnth's')
609 1392 819 1472 PAVLVSQ
834 1417 868 1458 v.
887 1394 925 1460 L.
945 1392 1133 1457 PAVLVS.

285 1497 337 1583 (L.
356 1499 591 1584 AEMILIVS)
610 1500 819 1574 Pnt'Lt'S·².
837 1525 870 1564 v.
891 1499 1028 1565 Pnt'lt
1044 1500 1198 1566 basilica.

285 1605 541 1671 nlnalsslnlt's
561 1606 809 1694 (nlttlllnt's)
838 1608 1059 1687 SCAVRVS,
1082 1632 1115 1673 v.
1135 1607 1253 1674 tutti.
1276 1606 1495 1672 SCAVRVS.

286 1712 333 1775 hl.
350 1711 602 1800 (nsstlntt's)
617 1714 836 1785 sttit'nt's.
857 1738 887 1778 v.
903 1714 950 1779 hl.
973 1713 1191 1779 SCAVRVS.

285 1819 478 1885 ,inanis
503 1860 546 1869 -
574 1824 606 1897 cl.
630 1846 661 1910 9.
681 1821 796 1885 Funus
826 1822 943 1904 (Drusi
968 1821 1091 1885 'riberii
1113 1822 1268 1886 Caesaris
1284 1821 1360 1908 lilii)
1376 1820 1563 1909 imaginum

329 1950 452 2014 pompa
486 1928 631 1992 maxime
666 1928 808 1994 inlustre
838 1928 912 1995 luit.
945 1952 1020 1994 cum
1052 1929 1146 2015 origo
1174 1928 1278 1993 luliae
1303 1929 1415 2013 gentis
1430 1929 1564 1993 Aeneas

329 2055 512 2122 omnesque
545 2034 754 2100 Albanorum
785 2059 923 2123 reges..
960 2043 1206 2123 spectarentur.
1231 2034 1563 2114 —12‚58.Nero...

328 2163 428 2205 causa
461 2142 806 2230 lliensiumsuscepta
835 2143 1026 2207 ltomanum
1056 2143 1154 2208 'l'roia
1182 2143 1367 2208 demissum
1400 2149 1433 2208 et
1461 2140 1565 2206 Iuliae

329 2249 445 2336 stirpis
459 2259 630 2314 auctorem
642 2252 835 2316 Aeneam...
853 2259 1078 2316 exsecutus..

286 2355 449 2422 AENl'S.
467 2397 508 2406 —
528 2357 586 2435 lll,
605 2359 636 2422 b.
657 2358 778 2445 ltipam
795 2355 903 2421 Aeni³
917 2358 1080 2434 numinis,
1098 2358 1188 2445 quod
1210 2362 1335 2423 Raetos
1354 2358 1564 2445 Noricosque

332 2463 506 2530 interlluit.

287 2569 439 2648 ,inuti
455 2611 482 2619 -
504 2573 617 2647 ruat.
635 2570 1003 2660 (Loquiturtllaudius)
1022 2593 1028 2637 :
1045 2601 1059 2628 α
1079 2574 1126 2636 nt
1140 2595 1216 2637 cum
1230 2572 1421 2638 Senonibus
1440 2597 1569 2662 pugna·

331 2679 454 2744 vimus.
473 2680 609 2744 Scilicet
626 2677 742 2743 l'ulsci
758 2687 792 2743 et
804 2681 915 2767 Aequi
941 2702 1125 2769 numquam
1151 2679 1327 2745 adversam
1351 2678 1448 2744 nobis
1462 2682 1567 2746 aciem

337 2791 539 2862 instruxere,
566 2812 581 2849 u

288 2895 470 2964 altinas.
495 2933 537 2942 -
572 2895 602 2974 3,
636 2894 688 2959 62.
722 2894 838 2983 Cyprii
870 2895 1115 2984 (disseruerunt
1148 2896 1183 2960 in
1218 2896 1350 2982 senatu)
1386 2896 1495 2960 tribus
1527 2896 1569 2962 dc

333 3003 494 3072 delubris.
526 3026 670 3089 quorum
695 3004 963 3068 vetustissimum
991 3004 1136 3091 Paphiae
1153 3002 1276 3066 Veneri
1296 3010 1414 3067 auctor
1434 3003 1567 3084 Aerias,

332 3120 409 3201 post
422 3110 510 3174 filius
521 3110 593 3174 eius
604 3111 772 3175 Amathus
784 3111 904 3175 Veneri
922 3111 1155 3175 Amathusiae.
1165 3111 1456 3198 ..posuissent.—
1469 3110 1514 3177 ll.
1532 3111 1566 3176 3.

335 3219 553 3286 Conditorem
593 3218 710 3305 templi
747 3218 909 3307 (Paphiae
943 3218 1097 3305 l'cneris)
1126 3241 1240 3303 regern
1273 3218 1435 3283 Aeriam'·
1471 3228 1569 3285 vetus

336 3326 510 3400 memoria,
525 3326 662 3412 quidam
679 3327 786 3412 ipsius
802 3326 882 3391 deae
899 3350 1022 3391 nomen
1035 3326 1069 3390 id
1088 3326 1279 3414 perhibent.

292 3431 557 3499 AESCHINES.
586 3474 621 3483 —
652 3437 689 3496 (Ι.
723 3436 772 3500 ιε’),
796 3434 976 3522 (Loquitur
1000 3433 1397 3520 l'ipstanushlessalla):
1423 3458 1439 3498 u
1464 3434 1570 3500 l'ideo

337 3543 438 3606 etiam
454 3540 566 3604 Graiis
586 3539 762 3621 accidisse,
791 3548 827 3605 ut
847 3541 982 3627 longius
1002 3540 1091 3607 absit
1110 3542 1154 3606 ab
1176 3541 1345 3606 Aeschine
1369 3549 1403 3606 et
1428 3542 1570 3607 Demos-

340 3650 437 3715 thene
462 3648 626 3713 Sacerdos
645 3648 709 3712 istc
732 3648 906 3714 Nicetes..
925 3672 1027 3737 quam
1042 3648 1241 3735 (Domitius)
1253 3648 1335 3714 Ater
1352 3659 1411 3716 aut
1432 3649 1572 3739 (lulius)

338 3757 519 3821 Ahicanus
533 3764 591 3821 ant
605 3780 666 3820 ros
680 3757 743 3843 ipsi
767 3781 785 3820 a
807 3756 967 3821 Cicerone
988 3766 1045 3821 aul
1061 3757 1180 3821 Asinio
1200 3757 1399 3823 recessistis.
1420 3783 1436 3821 n
1456 3796 1495 3808 -
1516 3757 1569 3823 25.

339 3893 354 3924 κ
373 3865 608 3929 lnter·.ltticos
624 3865 909 3951 oratoresprimae
926 3864 1144 3929 ltemostheni
1161 3863 1365 3944 tribuuntur,
1379 3866 1572 3953 proximum

339 3982 451 4038 autem
481 3973 591 4036 locum
626 3971 812 4036 aescinnes
832 3981 866 4036 et
897 3973 1086 4061 l·l·vpcrides
1114 3981 1147 4038 ct
1185 3974 1302 4059 Lysias
1332 3981 1366 4038 et
1397 3973 1573 4061 Lycurgus

340 4080 506 4146 obtinent.
538 4107 552 4136 ι»

298 4185 619 4253 alllSCl'thll'S.
648 4225 690 4233 —
725 4167 839 4254 asta.
873 4188 1039 4253 Consules
1068 4212 1169 4277 super
1207 4214 1263 4255 eas
1292 4190 1456 4269 civitates,
1489 4211 1575 4277 quaa

341 4296 524 4361 memoravi
550 4295 606 4382 (cl.
624 4292 661 4357 6ι
696 4304 730 4360 ct
759 4294 830 4377 lla).
857 4297 946 4385 apud
970 4297 1171 4382 Pergamum
1197 4296 1392 4384 Aesculapii
1420 4319 1574 4384 comper-

341 4413 412 4469 tum
434 4404 564 4490 asylum
594 4404 811 4471 rettulerunt.
831 4441 866 4452 -
887 4409 918 4482 t,
955 4405 1003 4479 rt.
1029 4404 1061 4467 ls
1087 4427 1222 4492 quoque
1253 4427 1361 4468 annus
1387 4402 1575 4490 legationes

340 4513 543 4575 Graecarum
575 4512 762 4577 civitatium
784 4511 956 4581 hahuit...
975 4509 1054 4575 Cois
1075 4510 1270 4599 Aesculapii
1298 4510 1439 4576 delubro
1459 4519 1576 4577 vetus·

327 4706 336 4740 ¹
354 4705 556 4753 Macedonicus.

327 4787 337 4820 ²
355 4786 418 4833 Cos.
434 4802 458 4834 n.
474 4792 519 4849 70(
530 4806 560 4830 z
572 4787 609 4834 ao.

326 4866 396 4916 NJ:
416 4866 504 4922 rheni,
523 4867 599 4914 Corr.
617 4866 770 4915 llhenunns.

327 4946 395 4996 lffl:
413 4947 577 5002 ruriam:
593 4946 741 5000 aeriarum).
759 4948 833 4999 tlorr.
853 4948 1006 4995 llhrnunus.
1026 4974 1055 4981 -
1078 4944 1183 5004 terian,
1201 4946 1250 4997 lar.
1268 4948 1433 4997 (honorius.
