3709 6234
286 815 337 870 ll2
839 822 1010 874 Arursrrs

328 960 488 1046 Augusto
510 960 599 1048 apud
628 961 777 1026 Bovillas
800 962 968 1028 dicantur.
997 1001 1040 1013 -
1066 988 1097 1040 2,
1121 966 1174 1040 42.
1205 964 1277 1029 llex
1301 963 1564 1053 (Cappadociae)

331 1066 562 1131 Archelaus...
579 1067 766 1154 Tiberium)
795 1069 906 1134 Rhodi
934 1077 1091 1156 agentem
1112 1069 1206 1134 nullo
1222 1069 1333 1135 officio
1345 1071 1566 1157 (coluerat)...

330 1173 372 1239 ab
406 1175 536 1240 intimis
579 1176 728 1262 Augusti
760 1178 951 1243 monitus...
974 1216 1018 1227 -
1051 1202 1086 1254 α,
1115 1178 1168 1257 43.
1198 1177 1306 1264 (Piso,
1331 1178 1396 1244 Cn.
1435 1179 1569 1244 Pisonis

330 1285 439 1370 pater)
484 1282 647 1371 petitione
695 1284 860 1349 honorum
900 1284 1081 1363 abstinuit,
1116 1285 1224 1350 donec
1260 1285 1350 1351 ultro
1383 1284 1569 1351 ambiretur

329 1389 478 1455 delatum
501 1390 542 1454 ab
566 1390 723 1478 Augusto
747 1391 962 1457 consulatum
983 1393 1176 1481 accipere...
1192 1394 1447 1480 (Germanicus)
1466 1417 1567 1459 avum

330 1498 378 1562 hl.
391 1498 592 1579 Antonium,
608 1501 811 1566 arunculam
837 1501 1033 1586 Augustum
1052 1499 1174 1565 ferens.
1199 1539 1241 1548 —
1264 1525 1295 1579 2,
1313 1504 1367 1591 49.
1386 1500 1567 1586 (Tiberius)

331 1606 431 1671 deum
459 1606 559 1671 aedes
578 1614 746 1672 vetustate
770 1614 827 1672 aut
851 1607 922 1694 igni
943 1607 1086 1672 abolitas
1106 1615 1311 1696 coeptasque
1334 1607 1376 1672 ab
1409 1609 1567 1695 Augusto

331 1712 514 1789 dedicarit,
542 1753 583 1763 —
626 1740 661 1796 a,
696 1714 749 1779 50.
791 1715 994 1801 Appuleiam
1032 1713 1213 1794 berillum,
1251 1715 1376 1780 sororis
1418 1716 1566 1803 Augusti

330 1828 481 1909 neptem,
523 1822 601 1910 quia
640 1822 812 1911 probrosis
865 1820 1079 1886 sermonibus
1127 1822 1250 1886 llivum
1290 1824 1485 1910 Augustum
1529 1846 1565 1887 ac

330 1928 500 1993 Tiberium
545 1937 578 1995 et
624 1939 765 1995 matrem
810 1930 882 1995 eius
925 1929 1156 2000 inlusisset...
1204 1929 1390 1996 maiestatis
1437 1929 1567 1996 delator

330 2036 561 2103 arcessebat...
612 2038 802 2103 Maiestatis
847 2038 975 2102 crimen
1018 2036 1181 2123 distingui
1225 2037 1349 2102 Caesar
1383 2037 1567 2125 postularit

335 2146 566 2233 damnarique,
594 2145 623 2210 si
644 2169 710 2233 qua
736 2144 776 2209 de
805 2146 962 2232 Augusto
994 2143 1181 2230 irreligiose
1208 2144 1415 2210 dixisset·
1445 2169 1478 2218 a,
1511 2144 1562 2209 53.

330 2254 593 2322 Germanicus..
629 2253 724 2316 sinus
761 2253 897 2317 Artiaca
927 2252 1069 2317 victoria
1097 2250 1244 2316 inclutos
1272 2259 1307 2317 et
1342 2260 1492 2317 sacratas
1525 2250 1565 2316 ab

332 2368 488 2451 Augusto
503 2359 680 2425 manubias
696 2368 874 2447 castraque
892 2360 1034 2424 Antonii
1050 2383 1126 2424 cum
1143 2359 1376 2425 recordatione
1401 2361 1564 2426 maiorum

332 2494 467 2536 suorum
503 2467 597 2532 adiit.
638 2465 832 2554 Namque..
860 2467 888 2530 ei
910 2520 931 2533 ..
961 2466 1149 2532 avunculus
1170 2468 1389 2553 Augustus..
1410 2505 1454 2515 —
1475 2465 1562 2551 2‚55.

332 2579 396 2643 un.
416 2578 536 2641 Piso...
567 2573 703 2662 oblique
726 2575 966 2640 Germanicum
991 2574 1238 2662 perstringens,
1266 2574 1357 2663 quod
1378 2575 1565 2661 (civitatem

332 2683 649 2768 Atheniensium)...
679 2682 838 2747 comitate
870 2682 975 2747 nimia
1003 2682 1164 2747 coluisset
1190 2702 1197 2748 τ
1233 2682 1294 2746 hos
1324 2681 1414 2746 enim
1448 2705 1563 2748 esse...

333 2792 473 2858 Antonii
503 2790 665 2855 adrcrsus
690 2789 813 2854 Dirum
835 2791 1030 2877 Angustum
1056 2790 1177 2856 socios,
1209 2825 1253 2839 -
1277 2813 1308 2869 2,
1339 2788 1393 2878 59.
1413 2789 1566 2855 Tiberius

333 2897 643 2987 (tierrnanicuml...
666 2898 826 2962 acerrime
852 2898 1031 2986 increpuit,
1062 2897 1154 2985 quod
1174 2905 1292 2961 contra
1315 2897 1473 2962 instituta
1495 2897 1566 2961 Au-

333 3009 422 3096 gusti
439 3031 505 3071 non
527 3014 647 3093 sponte
670 3006 832 3093 principis
852 3004 1095 3070 Alexandriam
1121 3005 1306 3070 introisset.
1324 3004 1410 3069 Nam
1431 3005 1567 3093 Augus·

335 3124 389 3181 tus
410 3116 497 3179 inter
526 3113 590 3177 alia
611 3111 852 3177 dominationis
881 3135 1016 3194 arcana,
1036 3112 1151 3177 vetitis
1171 3112 1235 3176 nisi
1253 3116 1418 3201 permissu
1435 3112 1565 3200 ingredi

334 3218 1564 3308 senatoribusautequitihnsllonianisinlustribus,seposuitAegyptum,

333 3358 375 3399 ne
402 3331 489 3398 sanic
520 3337 655 3417 urgeret
682 3327 826 3397 ltaliam.
853 3328 1007 3416 quisquis
1031 3351 1102 3392 earn
1134 3327 1384 3416 provinciam...
1415 3327 1566 3394 insedis-

333 3450 396 3508 set.
412 3480 455 3489 -
469 3465 500 3517 2,
520 3437 574 3513 65.
588 3434 858 3524 (Rhoemetalce)
868 3435 1027 3500 defuncto
1041 3436 1219 3522 Augustus
1238 3443 1367 3524 partem
1378 3434 1565 3501 Thraecum

333 3544 577 3635 llhescuporidi
594 3544 687 3608 tratri
703 3544 789 3613 eius,
804 3551 933 3630 partem
952 3542 1021 3607 tilio
1037 3543 1137 3629 (lutri
1153 3544 1306 3630 permisit
1324 3594 1347 3620 ‚.
1371 3543 1566 3633 Rhescupo-

333 3657 419 3722 ris...
433 3662 563 3719 rertere
584 3653 617 3716 in
649 3676 684 3716 sc
705 3651 804 3737 tlotri
823 3650 959 3729 data...‚
983 3657 1182 3715 cunctanter
1196 3650 1259 3715 sub
1275 3652 1444 3739 Augusto,
1465 3674 1566 3741 quem

334 3770 504 3828 auctorem
521 3761 694 3848 utriusque
715 3758 821 3846 regni,
845 3758 871 3821 si
889 3766 1115 3845 sperneretur,
1136 3758 1304 3823 vindicem
1321 3758 1506 3825 metuebat.
1524 3797 1567 3809 -

335 3896 366 3940 a.
394 3892 447 3958 7¹·
466 3869 643 3957 (Loquitur
668 3866 889 3931 Germanicus
910 3865 1000 3954 apud
1023 3867 1161 3954 anricus)
1184 3899 1197 3928 a
1236 3864 1414 3932 Ostendite
1439 3867 1565 3956 populo

334 3977 487 4042 Romano
515 3974 592 4040 Diri
618 3974 765 4060 Augusti
793 3980 928 4060 neptem
956 3974 1176 4063 eamdemque
1200 3974 1379 4062 coniugem
1400 3997 1523 4041 meum.
1548 4002 1565 4034 u

334 4084 424 4160 -3‚
449 4086 477 4160 t.
516 4083 607 4159 hies,
639 4105 705 4170 quo
735 4080 895 4168 reliquiae.
930 4080 1150 4170 (Germanici)
1176 4080 1306 4147 tumulo
1329 4083 1476 4170 Augusti
1507 4083 1565 4148 in-

334 4190 569 4259 serebantur...
583 4188 700 4254 Solum
716 4187 864 4275 Augusti
877 4187 1077 4274 sanguinem
1090 4188 1330 4277 (Agrippinam
1347 4189 1567 4278 appellabant

335 4299 477 4365 ltonrani
496 4299 530 4362 in
555 4296 672 4362 sunere
692 4296 912 4383 Germanici).
932 4334 975 4344 —
991 4297 1022 4363 3.
1043 4295 1074 4361 5.
1103 4297 1209 4361 Fuere
1224 4297 1323 4384 qui...
1346 4298 1438 4381 (cum
1463 4320 1565 4364 exse·

333 4406 423 4498 quiis
438 4405 645 4493 Germanici)
662 4412 898 4492 compararent
917 4453 954 4478 ..,
969 4427 1053 4493 quac
1068 4407 1102 4470 in
1117 4407 1265 4470 llrusum
1274 4414 1404 4494 patrem
1417 4406 1566 4473 Germa·

334 4517 399 4582 nici
434 4516 561 4579 honora
589 4521 623 4578 ct
643 4513 821 4600 magnilica
847 4511 1027 4600 Augustus
1056 4512 1200 4578 lecisset.
1223 4550 1266 4560 —
1284 4512 1315 4596 3,
1341 4512 1374 4580 6.
1398 4513 1567 4600 (Tiberius

333 4623 514 4713 populum)
534 4622 666 4686 monuit
685 4621 837 4687 edictu...
864 4619 1076 4685 referendum
1094 4621 1161 4686 iam
1187 4621 1336 4687 animum
1357 4619 1400 4685 ud
1424 4623 1567 4689 firmitu-

332 4731 459 4806 dinem,
484 4739 521 4796 ut
547 4729 717 4819 quondam
738 4780 760 4794 ..
788 4728 894 4793 Divus
912 4728 1091 4817 Augustus
1123 4730 1248 4819 ereptis
1271 4727 1453 4817 nepotibus
1475 4731 1566 4821 (abs-

336 4839 487 4924 truserit)
503 4838 689 4903 tristitiam.
705 4875 747 4887 —
764 4835 796 4918 3,
824 4836 872 4901 16.
891 4836 945 4922 (Ιιι
958 4836 1123 4902 codicillis
1142 4861 1162 4902 a
1181 4837 1244 4905 Cn.
1266 4837 1388 4904 Pisone
1403 4837 1447 4903 ad
1468 4839 1566 4908 Tibe

334 4949 422 5014 rium
442 4947 529 5012 datis
541 4947 703 5033 scriptum
718 4945 805 5032 erat)
818 4970 834 5007 «
899 4943 962 5010 Per
973 4944 1153 5032 collegium
1166 4944 1376 5024 consulatus
1395 4949 1565 5035 quondam
