3709 6234
379 845 432 897 528
858 850 1006 904 PETlllVS
1027 850 1175 904 cantatas

422 990 511 1078 quiis
527 990 719 1055 Germanici
735 992 903 1056 exercitus
919 992 1111 1080 legiones...
1130 1032 1172 1042 -
1200 992 1259 1065 lV,
1276 1017 1329 1082 77.
1363 991 1446 1056 Tam
1483 991 1661 1080 improvisi

422 1097 600 1176 adsiluere,
617 1105 656 1163 ut
671 1099 705 1163 in
720 1098 876 1164 cubiculo
891 1123 930 1164 ao
947 1100 1072 1166 lectulo
1093 1100 1248 1181 Cerialis,
1271 1122 1382 1188 neque
1408 1100 1498 1164 enim
1523 1105 1659 1164 noctem

421 1206 588 1271 incastris
613 1215 742 1292 egerat.
762 1208 907 1293 pugnari
925 1208 1028 1272 simul
1039 1209 1198 1295 vincique
1209 1230 1289 1272 suos
1303 1205 1489 1271 audierit...
1509 1205 1654 1271 Cerialis

423 1313 567 1378 turbidis
595 1312 695 1379 rebus
726 1314 913 1401 intrepidus
941 1323 975 1380 et
1003 1315 1172 1403 fugientes
1191 1337 1295 1379 manu
1321 1314 1536 1379 retrahens..
1566 1313 1660 1378 lelici

421 1421 651 1486 temeritate...
669 1438 711 1470 -’-
726 1420 787 1502 lv,
804 1422 857 1508 78.
876 1422 1031 1498 Cerialis,
1047 1431 1084 1488 ut
1098 1422 1229 1487 incuria
1240 1444 1345 1510 prope
1359 1443 1431 1486 rem
1448 1420 1592 1498 adllixit,
1611 1421 1658 1486 ita

421 1528 609 1594 constantia
630 1528 789 1594 restituit.
807 1568 850 1578 -
867 1528 924 1612 IV,
941 1554 995 1619 79.
1013 1528 1155 1595 Cerialis
1167 1552 1309 1618 propero
1338 1529 1472 1615 agmine
1499 1526 1660 1593 subvenit

419 1635 798 1724 (Agrippinensibus)...
817 1635 1030 1706 Classicus...
1060 1636 1224 1702 adversus
1244 1636 1374 1725 equites
1398 1635 1603 1700 Novaesium
1640 1659 1658 1698 a

420 1742 550 1808 Ceriale
567 1743 772 1831 praemissos
793 1743 980 1809 secundum
995 1744 1160 1831 proelium
1174 1744 1317 1809 fecit—
1328 1742 1386 1822 IV,
1402 1742 1457 1808 86.
1473 1741 1522 1808 lta
1543 1741 1658 1829 Lugu-

419 1850 548 1915 dunum
564 1861 714 1915 ventum.
737 1850 833 1916 Vnde
847 1851 995 1916 creditur
1009 1851 1222 1916 Domitianus
1247 1849 1389 1915 occultis
1423 1849 1464 1914 ad
1489 1847 1658 1914 Cerialem

420 1958 548 2023 nuntiis
581 1958 682 2023 fidem
716 1959 787 2023 eius
817 1958 1047 2047 temptavisse,
1083 1982 1124 2023 an
1158 1957 1327 2046 praesenti
1369 1955 1433 2020 sibi
1471 1956 1657 2021 exereitum

420 2065 665 2153 imperiumque
684 2066 870 2131 traditurus
889 2064 1017 2131 soret...
1047 2064 1189 2130 Cerialis
1228 2063 1354 2129 salubri
1387 2070 1657 2151 temperamento

419 2171 531 2243 elusit.
550 2180 587 2238 ut
606 2196 693 2237 vana
711 2172 885 2260 pueriliter
900 2173 1103 2261 cupientem.
1134 2211 1176 2221 -
1208 2172 1249 2250 V,
1275 2173 1325 2247 ld·
1362 2173 1409 2236 At
1429 2169 1550 2235 Civilis
1579 2178 1658 2259 post

420 2280 544 2345 malam
558 2281 591 2345 in
624 2281 778 2345 Treveris
815 2302 1008 2368 pugnam...
1049 2280 1138 2369 apud
1167 2279 1289 2344 Vetera
1327 2286 1437 2343 castra
1460 2276 1656 2343 consedit...

417 2388 561 2453 Secutus
589 2396 641 2453 est
669 2388 786 2453 eodem
807 2387 962 2460 Cerialis,
985 2387 1166 2476 duplicatis
1186 2386 1333 2475 copiis..
1361 2425 1404 2434 —
1420 2386 1461 2462 V,
1485 2385 1536 2450 15.
1572 2384 1656 2449 Eius

417 2494 534 2583 proelii
550 2503 691 2561 eventus
712 2503 892 2583 utrumque
907 2495 1027 2560 ducem
1041 2494 1184 2560 diversis
1199 2494 1302 2559 animi
1319 2492 1468 2559 motibus
1487 2491 1531 2557 ad
1545 2498 1656 2557 matu-

416 2603 559 2668 randum
575 2626 726 2668 summae
748 2603 796 2668 rei
817 2603 1000 2668 discrimen
1030 2603 1148 2669 erexit.
1180 2601 1299 2667 Civilis
1332 2603 1458 2666 instare
1485 2600 1653 2682 fortunae,

416 2710 576 2777 Cerialis¹
593 2710 726 2775 abolere
748 2711 1009 2797 ignominiam...
1026 2747 1070 2759 -
1090 2712 1130 2792 V,
1158 2710 1207 2775 16.
1227 2710 1366 2775 Postera
1390 2708 1465 2774 luce
1485 2706 1656 2773 Cerialis⁹

416 2819 527 2907 equite
543 2828 577 2883 et
592 2818 777 2883 auxiliariis
791 2816 987 2883 cohortibus
996 2818 1142 2883 lrontem
1151 2816 1304 2904 explet...
1320 2815 1484 2883 Cerialis³
1503 2823 1653 2880 veterem

419 2925 562 2990 llomani
583 2926 731 2990 nominis
754 2925 909 3013 gloriam,
933 2926 1090 3014 antiquas
1112 2932 1333 3014 recentesque
1354 2924 1514 2989 victorias
1547 2924 1654 3010 (apud

417 3056 497 3097 suos
512 3032 775 3118 memorabat)...
800 3072 839 3084 -
861 3033 901 3113 V,
925 3037 975 3098 18.
1000 3032 1091 3098 lnter
1110 3054 1195 3122 quae
1213 3032 1353 3119 perfuga
1386 3032 1535 3096 Batavus
1570 3030 1654 3095 adiit

417 3140 623 3205 Cerialem...
637 3180 679 3189 —
693 3140 722 3202 V
727 3193 734 3222 ‚
755 3165 804 3229 ¹9·
820 3141 946 3219 Quarta
962 3141 1093 3206 decima
1116 3140 1204 3225 legio
1230 3140 1263 3203 in
1289 3139 1494 3226 superiorem
1513 3138 1654 3224 provin-

414 3248 499 3312 ciam
514 3247 613 3313 Gallo
629 3248 742 3311 Annio
759 3248 873 3312 missa.
897 3247 1038 3312 Cerialis
1058 3248 1243 3312 exercitum
1264 3245 1392 3310 decima
1420 3269 1462 3310 ex
1487 3244 1652 3333 Ilispania

413 3353 501 3439 legio
517 3354 698 3442 supplevit.
722 3394 764 3402 —
789 3356 829 3429 V,
847 3379 898 3418 20.
936 3355 1082 3441 (Civilis,
1112 3353 1296 3435 Classicus,
1331 3352 1447 3440 Tutor)
1484 3352 1651 3416 Cerialem

414 3486 520 3549 neque
536 3463 619 3527 satis
634 3471 769 3526 cardum
783 3470 816 3526 ct
831 3461 985 3548 pluribus
1005 3463 1134 3527 nuntiis
1148 3461 1212 3524 huc
1228 3459 1308 3524 illuc
1342 3467 1534 3524 cursantem
1551 3483 1651 3546 posse

413 3570 521 3633 medio
538 3570 690 3655 intercipi
711 3569 933 3657 (sperabant).
960 3609 1002 3616 -
1018 3570 1058 3634 l'.
1086 3593 1145 3633 ar.
1160 3567 1224 3631 l'bi
1241 3567 1381 3632 Cerialis
1410 3590 1487 3631 cunr
1519 3566 1649 3631 delecta

412 3677 563 3763 equiturn
580 3699 681 3740 manu
697 3676 867 3750 subvenit,
890 3700 987 3740 versa
1010 3675 1186 3740 fortuna...
1207 3674 1348 3738 Cerialis
1373 3697 1489 3760 parurn
1518 3683 1650 3760 tempo-

410 3785 454 3846 ris
474 3783 515 3847 ad
531 3783 908 3870 exsequendaimperia
928 3782 1044 3852 dabat.
1082 3782 1213 3846 subitus
1245 3781 1407 3853 consitiis,
1444 3780 1502 3845 sed
1524 3790 1650 3845 eventu

411 3890 564 3955 clarus...
587 3930 629 3937 —
651 3891 690 3964 l',
711 3916 763 3954 22.
782 3889 924 3954 Cerialis
942 3889 1022 3953 alibi
1040 3898 1173 3953 noctem
1190 3897 1316 3973 egerat,
1339 3897 1377 3952 ut
1396 3887 1548 3975 plerique
1576 3911 1648 3951 ere-

410 3998 535 4070 didere,
549 3997 591 4060 ob
614 4008 767 4083 stuprum
784 3996 944 4061 Claudiae
962 3999 1118 4061 Sacratae
1139 3995 1289 4059 mulieris
1316 3995 1431 4059 Vbiac.
1454 4032 1492 4045 -
1527 3996 1568 4062 Υ,
1592 3996 1646 4061 all.

411 4104 552 4168 Cerialis
573 4103 733 4167 miraculo
750 4105 858 4189 magis
887 4127 988 4191 quarm
1013 4111 1105 4167 metu
1133 4103 1264 4167 derexit
1290 4101 1475 4166 classem...
1507 4102 1649 4166 Cerialis

410 4212 554 4274 insulam
581 4211 782 4275 llatavorum
804 4211 975 4275 hostiliter
1004 4209 1184 4297 populatus
1208 4232 1306 4293 agros
1333 4209 1499 4297 villasque
1529 4208 1648 4273 Civilis

409 4320 553 4383 intactas
570 4327 646 4382 nota
669 4327 738 4381 arte
758 4319 881 4382 ducum
898 4317 1031 4381 sinebat
1065 4356 1104 4364 -
1136 4318 1248 4393 istd·
1273 4315 1415 4381 Cerialis
1453 4339 1511 4402 per
1534 4317 1647 4380 occul-

410 4435 462 4490 tos
483 4428 620 4489 nuntios
650 4427 785 4490 llatavis
806 4415 935 4513 pacem.
954 4425 1054 4489 Civili
1071 4425 1202 4488 veniam
1224 4432 1441 4488 ostentans..
1474 4463 1514 4471 —
1542 4426 1587 4488 Α.
1610 4426 1644 4489 8.

410 4532 643 4596 ltrevideinde
675 4533 848 4596 Britannia
873 4533 1085 4595 consularem
1123 4531 1279 4595 Petilium
1303 4529 1469 4594 Cerialem
1499 4532 1642 4617 accepit.

396 4819 401 4849 ¹
421 4814 446 4865 M
460 4833 464 4865 :
479 4817 601 4865 cerealis.

393 4888 404 4921 ²
421 4888 462 4937 Ιι
481 4889 605 4938 cerealis.

393 4967 403 4998 ³¹
418 4965 443 5016 Μ
458 4984 462 5014 :
482 4969 605 5015 cerealis.
