3709 6234
821 812 1015 864 Aarauaavs

330 953 491 1030 Orientis,
531 952 766 1018 claritudinem
798 954 1082 1020 Arsacidarum...
1119 953 1319 1019 disserebat.
1360 993 1403 1004 -
1437 954 1472 1032 6,
1510 959 1568 1034 (a.

329 1059 589 1127 Seleucenses...
613 1061 734 1148 probra
751 1061 783 1125 in
806 1060 1018 1126 Artabanum
1040 1059 1239 1144 fundebant,
1265 1069 1419 1127 materna
1435 1063 1571 1151 origine

329 1167 528 1242 Arsaciden,
551 1175 660 1232 cetera
698 1168 911 1255 degenerem.
942 1207 984 1217 -
1014 1167 1046 1244 6,
1068 1167 1119 1244 (3.
1155 1168 1240 1232 Tum
1262 1167 1364 1234 lliero
1384 1170 1569 1257 pueritiam

328 1275 487 1341 Tiridatis
508 1276 670 1364 increpat,
699 1300 806 1364 neque
826 1300 930 1365 penes
962 1276 1147 1341 Arsaciden
1169 1276 1361 1364 imperium,
1384 1277 1444 1342 sed
1465 1279 1568 1343 inane

329 1407 451 1448 nomen
484 1384 574 1471 apud
606 1383 776 1449 imbellem
796 1393 935 1449 externa
969 1384 1121 1451 mollitia.
1158 1406 1269 1464 -ιι,
1297 1409 1345 1450 ιο.
1371 1384 1568 1473 (Vardanes

329 1492 496 1579 pervenit)
530 1492 571 1555 ad
613 1494 734 1556 llumen
769 1492 940 1558 Sinden...
977 1491 1083 1578 lgitur
1113 1493 1296 1558 exstructis
1330 1492 1564 1564 monimentis,

330 1598 453 1685 quibus
482 1623 562 1686 opes
602 1624 681 1664 suas
715 1598 902 1665 testabatur
925 1623 986 1664 nec
1013 1602 1171 1688 cuiquam
1204 1608 1283 1665 ante
1322 1600 1565 1665 Arsacidarum

330 1705 454 1770 tributa
483 1706 550 1769 illis
580 1706 797 1792 degentibus
826 1716 934 1795 parta,
962 1707 1190 1795 regreditur...
1208 1744 1253 1757 -
1282 1732 1331 1780 ιο,
1360 1731 1409 1773 ιο.
1448 1707 1566 1794 Legati

328 1813 529 1877 Parthorum
549 1814 591 1878 ad
617 1815 884 1902 expetendum...
911 1815 1132 1880 Meherdaten
1160 1814 1255 1878 missi
1281 1821 1438 1880 senatum
1454 1815 1566 1902 ingre·

328 1921 507 1986 diuntur...
528 1942 534 1986 :
554 1951 568 1976 κ
589 1922 664 1985 Non
695 1945 729 1985 se
750 1922 893 1986 foederis
932 1924 1158 2010 ignaros,neo
1178 1921 1408 1988 delectionea
1438 1921 1564 1987 familia

330 2026 570 2092 Arsacidarum
599 2029 754 2094 venire...
787 2056 801 2087 o
838 2067 874 2076 -
900 2031 949 2104 13,
978 2057 1010 2116 9.
1039 2028 1257 2114 Vologacses,
1280 2052 1347 2118 quo
1374 2028 1504 2093 bellum
1524 2052 1564 2093 ex

329 2135 506 2198 commodo
537 2144 682 2223 pararet,
716 2160 757 2199 an
800 2145 838 2201 ut
875 2136 1110 2202 aemulationis
1142 2145 1318 2223 suspectos
1348 2159 1409 2223 per
1442 2159 1564 2201 nomen

328 2242 483 2307 obsidum
511 2253 694 2325 amoveret,
718 2246 818 2310 tradit
849 2246 1028 2333 (ltomanis
1062 2243 1218 2329 ducibus)
1257 2243 1489 2308 nobilissimos
1525 2267 1564 2308 ex

329 2348 453 2413 lamilia
469 2350 720 2415 Arsacidarum.
742 2390 785 2401 -
810 2352 859 2429 13,
882 2351 937 2437 37.
960 2350 1176 2436 (Testabatur
1198 2350 1363 2415 Tiridates
1393 2350 1509 2414 missis
1523 2347 1564 2415 ad

330 2457 556 2522 Corbulonem
588 2458 782 2545 legatis)....
812 2460 863 2523 sin
897 2467 1104 2546 perstaretur
1135 2458 1167 2521 in
1205 2456 1308 2532 bello,
1349 2480 1419 2521 non
1452 2457 1564 2522 delore

329 2564 504 2627 Arsacidis
543 2566 702 2630 virtutem
745 2567 983 2654 fortunamque
1023 2565 1158 2653 saepius
1197 2565 1262 2628 iam
1279 2564 1374 2629 clade
1413 2565 1562 2629 Romana

330 2679 514 2756 expertam.
535 2710 574 2721 -
596 2676 644 2750 14.
666 2673 718 2739 26.
736 2674 898 2760 'l'igranes
913 2698 932 2737 a
952 2673 1084 2737 Nerone
1104 2672 1145 2736 ad
1166 2671 1410 2760 capessendum
1431 2673 1564 2761 (Arme-

330 2777 420 2862 niae)
433 2777 609 2864 imperium
630 2779 822 2846 delectus...
842 2780 909 2845 Nec
924 2803 1091 2845 consensu
1111 2785 1282 2867 acceptus,
1299 2778 1443 2844 durante
1476 2778 1563 2868 apud

330 2884 493 2972 quosdam
506 2885 996 2964 sataneArsacidarum.-15,
1012 2913 1038 2951 ι.
1051 2887 1124 2952 ltex
1140 2886 1343 2952 Parthorum
1359 2885 1563 2974 Vologaeses

333 2992 476 3058 ...fratre
492 2993 638 3059 'l'iridatc
655 2995 753 3081 pulso
769 3003 920 3081 spretum
936 2994 1176 3059 Arsacidarum
1198 2993 1369 3080 fastigium
1391 2993 1440 3059 ire
1455 2993 1564 3059 ultum

330 3098 491 3164 rolens..
517 3101 625 3173 -15,
665 3106 712 3178 rt.
750 3101 804 3165 Ad
825 3125 863 3166 ca
884 3101 1131 3186 Vologaescs...
1162 3101 1375 3188 rescripsit...
1404 3101 1565 3166 adiecisse

331 3205 412 3270 deos
438 3205 578 3292 (lignum
618 3208 870 3284 Arsacidarum,
902 3207 1005 3272 simul
1039 3216 1075 3272 ut
1107 3207 1148 3271 de
1177 3204 1368 3292 legionibus
1403 3205 1564 3270 Romanis

330 3320 527 3379 statuerent.
556 3352 576 3359 —
601 3314 650 3393 15,
666 3315 717 3379 28.
733 3315 913 3396 (Tiridates
928 3313 1100 3402 pollicitus
1113 3313 1226 3398 estse)
1238 3313 1404 3378 iturum...
1423 3313 1564 3378 llomam

330 3423 544 3508 laturumque
566 3444 690 3485 norum
707 3423 841 3486 Caesari
859 3422 975 3502 decus,
994 3445 1060 3485 non
1077 3421 1229 3485 aduersis
1245 3420 1450 3485 Parthorum
1467 3420 1565 3484 rebus

331 3529 517 3616 supplicem
552 3528 750 3593 Arsaciden.
787 3570 827 3580 -
866 3528 890 3603 l,
920 3533 973 3605 lo.
1012 3529 1119 3614 Igitur
1149 3528 1274 3592 milites
1295 3525 1565 3615 llomani‚quasi

331 3635 556 3720 Vologaesum
578 3643 632 3699 aut
653 3636 816 3700 Pacorum
834 3637 924 3699 avito
939 3635 1179 3700 Arsacidarum
1199 3634 1284 3698 solio
1303 3632 1520 3720 depulsuri...

287 3743 612 3808 AltSAhltlSAl'A.
635 3784 670 3792 -
699 3742 748 3820 15,
771 3764 818 3807 ro.
838 3743 995 3806 Coniunx
1012 3766 1049 3806 ac
1077 3743 1166 3806 lilius
1186 3739 1327 3806 castello
1341 3739 1563 3828 (Armeniae),

331 3851 382 3912 cui
406 3850 641 3913 Arsamosata¹
666 3873 787 3913 nomen
808 3859 872 3928 est,
889 3849 994 3914 abditi
1016 3851 1048 3937 (a
1065 3850 1254 3914 Caesennio
1275 3846 1406 3934 Paeto),
1433 3847 1514 3913 data
1533 3847 1565 3911 in

332 3955 535 4042 praesidium
552 3956 701 4020 cohorte.

288 4060 532 4126 AltSANlAS.
552 4062 662 4139 -15,
686 4066 735 4126 15.
778 4062 925 4127 Flumini
952 4061 1150 4143 Arsaniael,
1172 4062 1201 4125 is
1216 4069 1325 4126 castra
1346 4061 1565 4148 praelluebat,

330 4176 466 4257 pontem
483 4169 640 4256 imposuit
654 4169 877 4254 (Caesennius
893 4170 1071 4256 Pactus)...
1084 4169 1198 4234 Parthi
1215 4169 1311 4257 quasi
1323 4168 1567 4234 documentum

333 4277 491 4341 victoriae
524 4277 730 4342 iusserant...
767 4277 1012 4363 Vologaeses...
1037 4278 1160 4340 llumen
1190 4276 1371 4340 Arsaniam
1387 4275 1568 4364 elephanto

333 4385 495 4461 insidens,
518 4386 692 4471 proximus
712 4386 854 4472 quisque
870 4409 982 4469 regem
998 4385 1030 4448 vi
1051 4407 1213 4472 equorum
1231 4405 1453 4471 perrupere...

290 4492 599 4557 Alt'l'tlttxt'st.
619 4533 659 4540 -
678 4518 707 4558 2.
727 4493 757 4558 3.
776 4493 970 4557 Artabanus
987 4492 1226 4556 Arsacidarum
1254 4489 1453 4575 esanguine
1479 4487 1569 4577 apud

322 4669 329 4702 ¹
351 4669 426 4730 ltyck
441 4684 446 4717 :
461 4671 612 4716 :lrmosata
626 4670 677 4715 soa
692 4671 726 4718 rs.
745 4669 823 4724 l'lin.,
838 4669 870 4717 N.
886 4669 928 4719 11..
945 4670 968 4724 o,
985 4669 1022 4715 ab.
1043 4669 1118 4717 llctt.
1135 4668 1264 4730 qnidam:
1280 4667 1454 4715 Asamoaala.

322 4748 395 4800 ’Mt
420 4750 568 4798 Arsanirli.
594 4750 668 4796 Corr.
700 4749 839 4796 Acirlalias
864 4749 925 4798 coll.
947 4750 1043 4807 Plinio,
1066 4748 1223 4806 Plutarcho,
1238 4747 1333 4794 Ilione.
1354 4746 1395 4793 Cl.
1420 4745 1567 4805 Fonruorm,

293 4830 327 4878 ll.
343 4846 382 4892 7⁰·

323 4912 334 4944 ³
352 4911 473 4962 l‘aoson,
489 4912 544 4971 (rz'rr.
