3709 6234
782 872 814 921 a.
837 847 1004 924 vivarius
1482 869 1530 926 :h

295 1009 452 1099 legionis,
469 1033 675 1100 quamquam
691 1008 777 1077 bene
796 1011 838 1077 de
859 1012 1013 1100 partibus
1030 1014 1185 1090 meritus,
1203 1011 1297 1078 nullo
1316 1014 1407 1103 apud
1428 1015 1455 1076 V
1459 1015 1533 1081 itel-

296 1117 378 1184 lium
412 1119 539 1184 honore
568 1117 671 1185 luit...
690 1158 732 1170 -
767 1119 793 1199 Ι,
826 1117 880 1207 67.
902 1119 1128 1187 lnritaverant
1155 1120 1327 1186 turbidum
1360 1121 1532 1209 ingenium

296 1225 490 1312 (Caecinae)
504 1225 693 1294 llelvetii...
711 1225 753 1292 de
768 1225 869 1291 caede
886 1226 1015 1292 Galbae
1031 1228 1139 1315 ignari
1157 1235 1189 1294 et
1206 1228 1334 1294 Vitellii
1354 1229 1531 1317 imperium

296 1334 495 1401 abnuentes.
514 1373 558 1386 -
579 1333 605 1415 Ι,
623 1335 677 1402 68.
698 1334 735 1399 ln
751 1335 873 1401 lulium
889 1336 1053 1424 Alpinum
1075 1337 1315 1425 eprincipibus
1336 1337 1532 1425 (llelvetio-

295 1446 426 1530 rum)...
442 1443 585 1509 Caecina
602 1443 858 1515 animadvertit:
876 1452 1006 1509 ceteros
1016 1443 1134 1510 veniae
1155 1443 1207 1509 vel
1225 1446 1385 1510 saevitiae
1404 1444 1532 1511 Vitellii

295 1550 442 1639 reliquit.
459 1586 502 1600 —
524 1550 550 1628 Ι,
566 1549 621 1638 69.
646 1549 695 1616 Ne
719 1549 875 1616 l''tellius
890 1551 1027 1639 quidem
1045 1550 1158 1616 verbis
1182 1560 1216 1616 et
1235 1552 1337 1616 minis
1355 1552 1532 1639 (adversus

295 1657 700 1746 legatos'Helvetiorum)
729 1657 1009 1747 temperabat.—
1040 1658 1065 1734 Ι,
1098 1683 1151 1747 70·
1182 1658 1327 1724 Caecina
1351 1683 1476 1748 paucos
1496 1660 1529 1725 in

296 1765 462 1831 llelvetiis
479 1772 629 1830 moratus
644 1764 728 1845 dies,
746 1765 826 1830 dum
837 1765 1025 1831 sententiae
1041 1764 1170 1832 Vitellii
1184 1767 1307 1832 certior
1317 1767 1528 1835 lieret...lae·

295 1882 366 1942 turn
404 1897 445 1938 ex
480 1872 576 1939 ltalia
614 1874 772 1939 nuntium
801 1873 934 1960 accipit,
966 1874 1053 1937 alam
1082 1873 1287 1940 Silianam...
1318 1883 1530 1941 sacramento

294 1979 423 2046 Vitellii
442 1981 636 2047 accessisse.
657 1980 722 2045 Pro
737 1979 876 2045 consule
894 1979 1069 2046 Vitellium
1088 1980 1207 2047 Siliani
1220 1981 1253 2046 in
1266 1981 1381 2047 Africa
1396 1981 1528 2048 habue—

293 2096 410 2154 rant...
452 2087 620 2153 Instinctu
661 2087 895 2162 decurionum,
932 2088 1002 2176 qui,
1039 2087 1184 2155 Othonis
1237 2089 1357 2174 ignari,
1393 2088 1530 2154 Vitellio

294 2194 460 2275 obstricti,
479 2194 580 2260 robur
595 2194 851 2261 adventantium
864 2194 1048 2282 legionum.
1058 2246 1079 2261 ..
1089 2194 1303 2277 attollebant,
1320 2197 1483 2286 transiere
1496 2197 1530 2262 in

294 2312 419 2391 partes.
439 2341 479 2353 -
509 2304 534 2377 Ι,
559 2303 613 2392 73.
639 2302 756 2368 Calvia
784 2302 1024 2391 Crispinilla...
1047 2302 1137 2391 apud
1166 2303 1322 2387 Galbam,
1347 2305 1528 2380 Othonem,

296 2409 470 2477 Vitellium
489 2409 659 2478 inlaesa...
682 2448 725 2460 -
756 2410 782 2491 l,
807 2413 859 2498 74.
877 2409 1064 2476 Crebrae...
1081 2411 1122 2476 ab
1144 2411 1276 2477 Othone
1291 2412 1334 2477 ad
1354 2412 1382 2474 V
1386 2411 1528 2477 itellium

292 2517 456 2607 epistulae
472 2517 656 2583 ollerebant
671 2517 848 2606 pecuniam
872 2525 907 2583 et
922 2519 1067 2606 gratiam
1091 2526 1124 2584 et
1140 2542 1388 2608 quemcumque
1405 2519 1529 2609 quietis

292 2625 404 2691 locum
447 2625 608 2714 prodigae
641 2626 729 2691 vitae
762 2624 914 2713 legisset.
953 2626 1052 2691 Paria
1092 2625 1251 2692 Vitellius
1289 2627 1525 2695 ostentabat...

294 2733 411 2822 Legati
434 2732 491 2821 (ab
518 2731 652 2799 Othone
677 2733 721 2798 ad
739 2733 977 2798 Germanicum
995 2734 1179 2799 exercitum
1196 2734 1305 2820 missi)
1320 2735 1409 2823 apud
1429 2734 1532 2800 Vitel-

293 2840 376 2906 lium
392 2863 624 2906 remansere...
650 2840 773 2906 Fabius
791 2840 957 2907 Valens...
978 2840 1149 2929 (epistulis
1160 2841 1405 2929 praetorianos)
1420 2842 1530 2909 incre·
1607 2836 1611 2843 ’

293 2948 396 3037 pabat
410 2947 511 3025 ultro,
525 2947 616 3037 quod
633 2955 727 3012 tanto
744 2956 821 3013 aute
837 2948 998 3014 traditum
1013 2947 1149 3014 Vitellio
1162 2948 1340 3037 imperium
1356 2948 1399 3014 ad
1421 2947 1528 3016 Otho-

292 3079 368 3121 nem
385 3056 578 3121 vertissent.
596 3056 682 3135 -Ι,
701 3057 754 3143 75.
782 3054 1001 3120 Insidiatores
1022 3054 1064 3120 ab
1089 3055 1221 3122 Othone
1237 3057 1271 3121 in
1297 3057 1526 3134 Germaniam,

292 3188 311 3228 a
326 3162 463 3228 Vitellio
478 3164 511 3227 in
528 3162 646 3228 urbem
663 3163 799 3229 missi...
818 3162 976 3228 Vitellius
993 3162 1123 3228 litteras
1143 3163 1185 3228 ad
1201 3164 1371 3229 Titianum
1387 3164 1524 3230 fratrem

294 3270 440 3335 Othonis
452 3270 642 3358 composuit
661 3270 803 3335 exitium
828 3270 892 3357 ipsi
912 3269 1049 3358 lilioque
1065 3270 1137 3335 eius
1156 3271 1330 3351 minitans,
1348 3271 1382 3335 ni
1398 3271 1528 3337 incolu-

292 3401 364 3443 mes
379 3376 443 3441 sibi
465 3385 572 3442 matcr
586 3400 624 3442 ac
640 3375 736 3441 liberi
752 3384 978 3442 servarentur.
998 3375 1041 3441 Et
1051 3378 1145 3443 stetit
1159 3377 1280 3442 domus
1296 3385 1448 3468 utraque,
1465 3377 1528 3444 sub

292 3484 423 3550 Othone
453 3485 618 3549 incertum
646 3507 689 3549 an
716 3491 820 3564 metu,
844 3483 1001 3550 Vitellius
1027 3484 1135 3549 victor
1164 3483 1363 3550 clementiae
1381 3485 1525 3572 gloriam

293 3591 381 3659 tulit.
399 3629 443 3642 -
464 3591 488 3667 l,
519 3591 572 3680 76.
603 3591 737 3655 Primus
758 3591 885 3656 Othoni
902 3590 1059 3656 tiduciam
1077 3590 1207 3657 addidit
1221 3615 1263 3656 ex
1280 3591 1415 3679 Illyrico
1435 3616 1521 3659 nun·

291 3701 370 3776 tius,
404 3700 532 3764 iurasse
556 3699 590 3764 in
611 3721 730 3765 eum...
753 3697 915 3784 legiones.
945 3698 1038 3764 ldem
1059 3722 1100 3763 ex
1127 3699 1291 3787 Hispania
1306 3698 1522 3780 adlatum...;

292 3807 352 3872 sed
379 3807 494 3872 statim
524 3806 698 3893 cognitum
724 3813 775 3871 est
799 3829 998 3871 conversam
1026 3806 1069 3871 ad
1094 3805 1269 3871 Vitellium
1283 3806 1483 3894 Hispaniam
1503 3858 1525 3874 ..

292 3915 419 3980 Eadem
435 3912 579 3978 lormido
593 3912 802 4000 provinciam
826 3912 1081 3979 Narbonensem
1110 3912 1153 3977 ad
1177 3913 1351 3979 Vitellium
1380 3915 1524 3981 vertit...

290 4061 335 4075 -
350 4021 374 4100 l,
392 4046 446 4110 77.
464 4019 601 4086 Vitellio
614 4020 751 4108 quidem
780 4019 822 4085 ad
851 4020 1093 4109 capessendam
1123 4020 1332 4109 principatus
1358 4020 1525 4087 fortunam

291 4130 380 4195 bello
407 4151 493 4217 opus
520 4136 632 4195 erat...
662 4128 772 4193 Ceteri
801 4128 998 4194 consulatus
1035 4152 1077 4194 ex
1114 4129 1339 4195 destinatione
1382 4130 1527 4195 Neronis

291 4246 349 4303 aut
383 4235 511 4302 Galbae
546 4256 756 4316 mansere...;
798 4259 942 4325 quorum
975 4235 1094 4301 honori
1124 4259 1166 4301 ne
1196 4235 1353 4302 Vitellius
1390 4236 1527 4325 quidem

291 4346 399 4410 vietor
428 4343 630 4409 intercessit.
647 4380 690 4392 —
711 4342 737 4424 Ι,
767 4344 822 4420 81.
851 4342 977 4428 (Verba
1002 4343 1082 4409 lacit
1111 4343 1200 4410 Otho
1229 4342 1318 4431 apud
1344 4345 1526 4431 praetoria-

290 4454 365 4537 nos)
387 4481 402 4512 ι(
439 4452 474 4516 Si
497 4450 634 4515 Vitellio
676 4459 709 4517 et
737 4450 941 4517 satellitibus
970 4452 1043 4516 cius
1071 4449 1218 4537 eligendi
1243 4449 1385 4516 facultas
1413 4451 1523 4536 detur,

290 4583 391 4648 quem
423 4558 521 4623 nobis
554 4559 715 4632 animum,
739 4581 824 4648 quas
861 4564 992 4625 mentes
1022 4559 1288 4646 imprecentur...
1316 4558 1522 4648 (Senatum),

289 4666 332 4731 ad
370 4688 512 4754 poenam
548 4687 667 4733 vocare
697 4689 765 4730 non
786 4665 999 4742 herculeilli,
1031 4688 1219 4753 quoscum
1252 4665 1398 4732 maxime
1419 4665 1523 4732 Vitel-

290 4773 356 4839 lius
387 4773 422 4837 in
451 4795 514 4836 nos
543 4772 620 4850 ciet,
656 4773 816 4837 Germani
850 4771 1038 4840 audeant...
1079 4772 1241 4838 Nationes
1274 4771 1406 4861 aliquas
1421 4797 1522 4839 occu·

292 4881 385 4970 pavit
417 4878 585 4958 Vitellius,
621 4880 802 4967 imaginem
832 4879 1015 4968 quamdam
1043 4880 1211 4945 exercitus
1236 4878 1348 4960 habet,
1387 4888 1525 4947 senatus

290 4989 465 5060 nobiscum
481 4995 543 5059 est.
570 5015 584 5047 υ
611 5025 654 5037 -
674 4988 700 5068 l,
719 4987 773 5054 85.
792 4987 918 5057 Coacto
939 4988 1070 5058 veroin
1094 4987 1222 5056 curiam
1246 4995 1425 5072 senatu...,
1448 4989 1524 5058 bos·
