<?xml version="1.0" encoding="UTF-8"?>
<!DOCTYPE html PUBLIC "-//W3C//DTD XHTML 1.0 Transitional//EN"
    "http://www.w3.org/TR/xhtml1/DTD/xhtml1-transitional.dtd">
<html xmlns="http://www.w3.org/1999/xhtml" xml:lang="en" lang="en">
 <head>
  <title>
</title>
<meta http-equiv="Content-Type" content="text/html;charset=utf-8" />
  <meta name='ocr-system' content='tesseract 3.04.00' />
  <meta name='ocr-capabilities' content='ocr_page ocr_carea ocr_par ocr_line ocrx_word'/>
</head>
<body>
  <div class='ocr_page' id='page_1' title='image "./onomasticontaci00fabigoog_0039.png"; bbox 0 0 3709 6234; ppageno 0'>
   <div class='ocr_carea' id='block_1_1' title="bbox 761 912 1559 970">
    <p class='ocr_par' dir='ltr' id='par_1_1' title="bbox 761 912 1559 970">
     <span class='ocr_line' id='line_1_1' title="bbox 761 912 1559 970; baseline 0.004 -3"><span class='ocrx_word' id='word_1_1' title='bbox 761 913 904 968; x_wconf 72' lang='lat' dir='ltr'>roslara</span> <span class='ocrx_word' id='word_1_2' title='bbox 919 912 1083 967; x_wconf 74' lang='lat' dir='ltr'>roslvnvs</span> <span class='ocrx_word' id='word_1_3' title='bbox 1528 914 1559 970; x_wconf 84' lang='lat' dir='ltr'>3l</span> 
     </span>
    </p>
   </div>
   <div class='ocr_carea' id='block_1_2' title="bbox 319 1035 1563 4126">
    <p class='ocr_par' dir='ltr' id='par_1_2' title="bbox 319 1035 1563 4126">
     <span class='ocr_line' id='line_1_2' title="bbox 322 1035 1561 1128; baseline 0.002 -26"><span class='ocrx_word' id='word_1_4' title='bbox 322 1035 545 1105; x_wconf 70' lang='lat' dir='ltr'><strong>induxerat...</strong></span> <span class='ocrx_word' id='word_1_5' title='bbox 557 1037 602 1104; x_wconf 75' lang='lat' dir='ltr'>t&#39;t</span> <span class='ocrx_word' id='word_1_6' title='bbox 615 1039 767 1127; x_wconf 86' lang='lat' dir='ltr'>Agrippa</span> <span class='ocrx_word' id='word_1_7' title='bbox 777 1039 847 1104; x_wconf 81' lang='lat' dir='ltr'>vita</span> <span class='ocrx_word' id='word_1_8' title='bbox 857 1039 1067 1106; x_wconf 80' lang='lat' dir='ltr'>concessit...</span> <span class='ocrx_word' id='word_1_9' title='bbox 1088 1077 1126 1089; x_wconf 94' lang='lat'>-</span> <span class='ocrx_word' id='word_1_10' title='bbox 1149 1064 1176 1110; x_wconf 84' lang='lat'>1.</span> <span class='ocrx_word' id='word_1_11' title='bbox 1199 1063 1248 1106; x_wconf 84' lang='lat' dir='ltr'>ra.</span> <span class='ocrx_word' id='word_1_12' title='bbox 1263 1038 1418 1127; x_wconf 88' lang='lat' dir='ltr'>(Asinius</span> <span class='ocrx_word' id='word_1_13' title='bbox 1427 1040 1561 1128; x_wconf 87' lang='lat' dir='ltr'>Gallus)</span> 
     </span>
     <span class='ocr_line' id='line_1_3' title="bbox 322 1144 1561 1237; baseline 0.004 -28"><span class='ocrx_word' id='word_1_14' title='bbox 322 1144 426 1211; x_wconf 90' lang='lat' dir='ltr'>ducta</span> <span class='ocrx_word' id='word_1_15' title='bbox 440 1145 476 1210; x_wconf 92' lang='lat' dir='ltr'>in</span> <span class='ocrx_word' id='word_1_16' title='bbox 495 1146 749 1211; x_wconf 83' lang='lat' dir='ltr'>matrimonium</span> <span class='ocrx_word' id='word_1_17' title='bbox 764 1144 999 1234; x_wconf 81' lang='lat' dir='ltr'>Vipsania,M.</span> <span class='ocrx_word' id='word_1_18' title='bbox 1027 1146 1199 1235; x_wconf 77' lang='lat' dir='ltr'>Agrippae</span> <span class='ocrx_word' id='word_1_19' title='bbox 1228 1146 1308 1226; x_wconf 86' lang='lat' dir='ltr'>filia,</span> <span class='ocrx_word' id='word_1_20' title='bbox 1335 1170 1422 1236; x_wconf 88' lang='lat' dir='ltr'>quae</span> <span class='ocrx_word' id='word_1_21' title='bbox 1451 1171 1561 1237; x_wconf 90' lang='lat' dir='ltr'>quon-</span> 
     </span>
     <span class='ocr_line' id='line_1_4' title="bbox 322 1252 1563 1330; baseline 0.002 -12"><span class='ocrx_word' id='word_1_22' title='bbox 322 1252 403 1318; x_wconf 91' lang='lat' dir='ltr'>dam</span> <span class='ocrx_word' id='word_1_23' title='bbox 427 1253 551 1320; x_wconf 86' lang='lat' dir='ltr'>Tiberii</span> <span class='ocrx_word' id='word_1_24' title='bbox 576 1278 661 1320; x_wconf 87' lang='lat' dir='ltr'>uxor</span> <span class='ocrx_word' id='word_1_25' title='bbox 685 1254 805 1321; x_wconf 87' lang='lat' dir='ltr'>luerat.</span> <span class='ocrx_word' id='word_1_26' title='bbox 835 1293 878 1304; x_wconf 90' lang='lat'>-</span> <span class='ocrx_word' id='word_1_27' title='bbox 910 1278 937 1328; x_wconf 88' lang='grc' dir='ltr'>ι,</span> <span class='ocrx_word' id='word_1_28' title='bbox 968 1256 1021 1330; x_wconf 70' lang='lat' dir='ltr'>li.</span> <span class='ocrx_word' id='word_1_29' title='bbox 1060 1253 1174 1319; x_wconf 91' lang='lat' dir='ltr'>Pudor</span> <span class='ocrx_word' id='word_1_30' title='bbox 1191 1253 1269 1319; x_wconf 91' lang='lat' dir='ltr'>inde</span> <span class='ocrx_word' id='word_1_31' title='bbox 1293 1264 1327 1320; x_wconf 93' lang='lat' dir='ltr'>et</span> <span class='ocrx_word' id='word_1_32' title='bbox 1340 1255 1512 1321; x_wconf 90' lang='lat' dir='ltr'>miseratio</span> <span class='ocrx_word' id='word_1_33' title='bbox 1528 1262 1563 1321; x_wconf 91' lang='lat' dir='ltr'>ct</span> 
     </span>
     <span class='ocr_line' id='line_1_5' title="bbox 323 1358 1562 1449; baseline 0.002 -25"><span class='ocrx_word' id='word_1_34' title='bbox 323 1360 431 1448; x_wconf 89' lang='lat' dir='ltr'>patris</span> <span class='ocrx_word' id='word_1_35' title='bbox 445 1361 628 1449; x_wconf 85' lang='lat' dir='ltr'>Agrippae,</span> <span class='ocrx_word' id='word_1_36' title='bbox 647 1361 796 1449; x_wconf 76' lang='lat' dir='ltr'>Augusti</span> <span class='ocrx_word' id='word_1_37' title='bbox 812 1360 866 1425; x_wconf 88' lang='lat' dir='ltr'>avi</span> <span class='ocrx_word' id='word_1_38' title='bbox 881 1359 1044 1425; x_wconf 91' lang='lat' dir='ltr'>memoria</span> <span class='ocrx_word' id='word_1_39' title='bbox 1064 1359 1218 1447; x_wconf 88' lang='lat' dir='ltr'>(movent</span> <span class='ocrx_word' id='word_1_40' title='bbox 1236 1358 1368 1424; x_wconf 88' lang='lat' dir='ltr'>animos</span> <span class='ocrx_word' id='word_1_41' title='bbox 1383 1360 1562 1426; x_wconf 86' lang='lat' dir='ltr'>seditioso-</span> 
     </span>
     <span class='ocr_line' id='line_1_6' title="bbox 324 1466 1562 1557; baseline 0.002 -26"><span class='ocrx_word' id='word_1_42' title='bbox 324 1489 398 1531; x_wconf 88' lang='lat' dir='ltr'>rum</span> <span class='ocrx_word' id='word_1_43' title='bbox 415 1467 576 1547; x_wconf 88' lang='lat' dir='ltr'>militum,</span> <span class='ocrx_word' id='word_1_44' title='bbox 595 1468 651 1534; x_wconf 93' lang='lat' dir='ltr'>ubi</span> <span class='ocrx_word' id='word_1_45' title='bbox 668 1468 895 1557; x_wconf 73' lang='lat' dir='ltr'>Agrippinam</span> <span class='ocrx_word' id='word_1_46' title='bbox 910 1466 1103 1532; x_wconf 83' lang='lat' dir='ltr'>Germanici</span> <span class='ocrx_word' id='word_1_47' title='bbox 1119 1489 1260 1532; x_wconf 88' lang='lat' dir='ltr'>uxorem</span> <span class='ocrx_word' id='word_1_48' title='bbox 1275 1474 1388 1532; x_wconf 88' lang='lat' dir='ltr'>castra</span> <span class='ocrx_word' id='word_1_49' title='bbox 1404 1466 1562 1557; x_wconf 90' lang='lat' dir='ltr'>linquen-</span> 
     </span>
     <span class='ocr_line' id='line_1_7' title="bbox 323 1573 1560 1666; baseline 0 -26"><span class='ocrx_word' id='word_1_50' title='bbox 323 1582 392 1640; x_wconf 90' lang='lat' dir='ltr'>tem</span> <span class='ocrx_word' id='word_1_51' title='bbox 413 1575 659 1666; x_wconf 88' lang='lat' dir='ltr'>adverterunt).</span> <span class='ocrx_word' id='word_1_52' title='bbox 677 1614 715 1626; x_wconf 92' lang='lat'>—</span> <span class='ocrx_word' id='word_1_53' title='bbox 736 1601 764 1658; x_wconf 85' lang='lat' dir='ltr'>r,</span> <span class='ocrx_word' id='word_1_54' title='bbox 783 1576 837 1644; x_wconf 80' lang='lat'>53.</span> <span class='ocrx_word' id='word_1_55' title='bbox 858 1574 1143 1661; x_wconf 88' lang='lat' dir='ltr'>luliam(Augusti</span> <span class='ocrx_word' id='word_1_56' title='bbox 1158 1573 1278 1660; x_wconf 88' lang='lat' dir='ltr'>liliam)</span> <span class='ocrx_word' id='word_1_57' title='bbox 1293 1574 1327 1639; x_wconf 90' lang='lat' dir='ltr'>in</span> <span class='ocrx_word' id='word_1_58' title='bbox 1344 1575 1560 1641; x_wconf 90' lang='lat' dir='ltr'>matrimonio</span> 
     </span>
     <span class='ocr_line' id='line_1_8' title="bbox 324 1680 1557 1772; baseline 0.003 -26"><span class='ocrx_word' id='word_1_59' title='bbox 324 1680 431 1747; x_wconf 90' lang='lat' dir='ltr'>Marci</span> <span class='ocrx_word' id='word_1_60' title='bbox 459 1681 632 1770; x_wconf 90' lang='lat' dir='ltr'>Agrippae</span> <span class='ocrx_word' id='word_1_61' title='bbox 661 1689 885 1749; x_wconf 75' lang='lat' dir='ltr'>temeraverat</span> <span class='ocrx_word' id='word_1_62' title='bbox 901 1683 1137 1771; x_wconf 86' lang='lat' dir='ltr'>(Sempronius</span> <span class='ocrx_word' id='word_1_63' title='bbox 1157 1683 1358 1772; x_wconf 87' lang='lat' dir='ltr'>Gracchus).</span> <span class='ocrx_word' id='word_1_64' title='bbox 1395 1721 1438 1734; x_wconf 95' lang='lat'>-</span> <span class='ocrx_word' id='word_1_65' title='bbox 1454 1683 1485 1764; x_wconf 88' lang='grc'>3,</span> <span class='ocrx_word' id='word_1_66' title='bbox 1507 1709 1557 1772; x_wconf 84' lang='lat'>¹9·</span> 
     </span>
     <span class='ocr_line' id='line_1_9' title="bbox 324 1788 1561 1880; baseline 0.002 -27"><span class='ocrx_word' id='word_1_67' title='bbox 324 1788 497 1855; x_wconf 89' lang='lat' dir='ltr'>Paucos...</span> <span class='ocrx_word' id='word_1_68' title='bbox 522 1798 599 1877; x_wconf 89' lang='lat' dir='ltr'>posl</span> <span class='ocrx_word' id='word_1_69' title='bbox 614 1790 687 1855; x_wconf 93' lang='lat' dir='ltr'>dies</span> <span class='ocrx_word' id='word_1_70' title='bbox 704 1789 864 1879; x_wconf 84' lang='lat' dir='ltr'>Vipsania</span> <span class='ocrx_word' id='word_1_71' title='bbox 881 1797 989 1856; x_wconf 91' lang='lat' dir='ltr'>mater</span> <span class='ocrx_word' id='word_1_72' title='bbox 1000 1790 1116 1880; x_wconf 79' lang='lat' dir='ltr'>(llrusi</span> <span class='ocrx_word' id='word_1_73' title='bbox 1128 1789 1297 1879; x_wconf 86' lang='lat' dir='ltr'>Caesaris)</span> <span class='ocrx_word' id='word_1_74' title='bbox 1317 1791 1476 1874; x_wconf 83' lang='lat' dir='ltr'>excessit,</span> <span class='ocrx_word' id='word_1_75' title='bbox 1494 1813 1561 1856; x_wconf 91' lang='lat' dir='ltr'>una</span> 
     </span>
     <span class='ocr_line' id='line_1_10' title="bbox 323 1895 1560 1985; baseline 0.002 -24"><span class='ocrx_word' id='word_1_76' title='bbox 323 1897 474 1962; x_wconf 91' lang='lat' dir='ltr'>omnium</span> <span class='ocrx_word' id='word_1_77' title='bbox 503 1896 675 1985; x_wconf 83' lang='lat' dir='ltr'>Agrippae</span> <span class='ocrx_word' id='word_1_78' title='bbox 704 1897 886 1963; x_wconf 85' lang='lat' dir='ltr'>liberorum</span> <span class='ocrx_word' id='word_1_79' title='bbox 915 1897 990 1963; x_wconf 89' lang='lat' dir='ltr'>miti</span> <span class='ocrx_word' id='word_1_80' title='bbox 1017 1895 1130 1979; x_wconf 84' lang='lat' dir='ltr'>obitu;</span> <span class='ocrx_word' id='word_1_81' title='bbox 1154 1920 1233 1962; x_wconf 88' lang='lat' dir='ltr'>nam</span> <span class='ocrx_word' id='word_1_82' title='bbox 1254 1904 1385 1962; x_wconf 87' lang='lat' dir='ltr'>ceteros</span> <span class='ocrx_word' id='word_1_83' title='bbox 1400 1897 1560 1963; x_wconf 80' lang='lat' dir='ltr'>manifes-</span> 
     </span>
     <span class='ocr_line' id='line_1_11' title="bbox 322 2000 1558 2086; baseline 0.002 -17"><span class='ocrx_word' id='word_1_84' title='bbox 322 2011 395 2069; x_wconf 82' lang='lat' dir='ltr'>tum</span> <span class='ocrx_word' id='word_1_85' title='bbox 412 2000 501 2069; x_wconf 81' lang='lat' dir='ltr'>terro</span> <span class='ocrx_word' id='word_1_86' title='bbox 517 2003 571 2069; x_wconf 84' lang='lat' dir='ltr'>vel</span> <span class='ocrx_word' id='word_1_87' title='bbox 592 2005 760 2071; x_wconf 89' lang='lat' dir='ltr'>creditum</span> <span class='ocrx_word' id='word_1_88' title='bbox 780 2013 832 2071; x_wconf 92' lang='lat' dir='ltr'>est</span> <span class='ocrx_word' id='word_1_89' title='bbox 847 2027 978 2070; x_wconf 84' lang='lat' dir='ltr'>veneno</span> <span class='ocrx_word' id='word_1_90' title='bbox 993 2012 1052 2070; x_wconf 91' lang='lat' dir='ltr'>aut</span> <span class='ocrx_word' id='word_1_91' title='bbox 1066 2003 1154 2070; x_wconf 90' lang='lat' dir='ltr'>farne</span> <span class='ocrx_word' id='word_1_92' title='bbox 1169 2004 1368 2075; x_wconf 84' lang='lat' dir='ltr'>exstinctos.</span> <span class='ocrx_word' id='word_1_93' title='bbox 1381 2043 1424 2053; x_wconf 96' lang='lat'>—</span> <span class='ocrx_word' id='word_1_94' title='bbox 1440 2003 1471 2086; x_wconf 83' lang='lat'>3,</span> <span class='ocrx_word' id='word_1_95' title='bbox 1504 2004 1558 2072; x_wconf 90' lang='grc'>56.</span> 
     </span>
     <span class='ocr_line' id='line_1_12' title="bbox 324 2111 1557 2202; baseline 0.002 -26"><span class='ocrx_word' id='word_1_96' title='bbox 324 2114 544 2200; x_wconf 87' lang='lat' dir='ltr'>Augustus...</span> <span class='ocrx_word' id='word_1_97' title='bbox 557 2112 722 2178; x_wconf 89' lang='lat' dir='ltr'>Marcum.</span> <span class='ocrx_word' id='word_1_98' title='bbox 731 2164 752 2179; x_wconf 93' lang='lat'>..</span> <span class='ocrx_word' id='word_1_99' title='bbox 763 2113 952 2202; x_wconf 82' lang='lat' dir='ltr'>Agrippam</span> <span class='ocrx_word' id='word_1_100' title='bbox 964 2113 1092 2178; x_wconf 90' lang='lat' dir='ltr'>socium</span> <span class='ocrx_word' id='word_1_101' title='bbox 1102 2111 1330 2201; x_wconf 89' lang='lat' dir='ltr'>(tribuniciae)</span> <span class='ocrx_word' id='word_1_102' title='bbox 1338 2114 1528 2201; x_wconf 88' lang='lat' dir='ltr'>potestatis.</span> <span class='ocrx_word' id='word_1_103' title='bbox 1551 2167 1557 2179; x_wconf 96' lang='lat'>.</span> 
     </span>
     <span class='ocr_line' id='line_1_13' title="bbox 322 2218 1556 2310; baseline 0.002 -27"><span class='ocrx_word' id='word_1_104' title='bbox 322 2218 462 2306; x_wconf 88' lang='lat' dir='ltr'>delegit.</span> <span class='ocrx_word' id='word_1_105' title='bbox 480 2257 519 2270; x_wconf 99' lang='lat'>-</span> <span class='ocrx_word' id='word_1_106' title='bbox 538 2221 569 2290; x_wconf 79' lang='lat'>3,</span> <span class='ocrx_word' id='word_1_107' title='bbox 583 2223 637 2310; x_wconf 90' lang='lat'>75.</span> <span class='ocrx_word' id='word_1_108' title='bbox 652 2219 774 2285; x_wconf 88' lang='lat' dir='ltr'>Obiere</span> <span class='ocrx_word' id='word_1_109' title='bbox 789 2244 828 2285; x_wconf 91' lang='lat' dir='ltr'>co</span> <span class='ocrx_word' id='word_1_110' title='bbox 844 2243 933 2286; x_wconf 91' lang='lat' dir='ltr'>anno</span> <span class='ocrx_word' id='word_1_111' title='bbox 947 2221 1008 2286; x_wconf 84' lang='lat' dir='ltr'>viri</span> <span class='ocrx_word' id='word_1_112' title='bbox 1025 2219 1197 2300; x_wconf 89' lang='lat' dir='ltr'>inlustres,</span> <span class='ocrx_word' id='word_1_113' title='bbox 1211 2219 1353 2285; x_wconf 89' lang='lat' dir='ltr'>Asinius</span> <span class='ocrx_word' id='word_1_114' title='bbox 1362 2218 1556 2299; x_wconf 88' lang='lat' dir='ltr'>Saloninus,</span> 
     </span>
     <span class='ocr_line' id='line_1_14' title="bbox 324 2325 1559 2416; baseline 0.002 -26"><span class='ocrx_word' id='word_1_115' title='bbox 324 2325 372 2391; x_wconf 93' lang='lat' dir='ltr'>M.</span> <span class='ocrx_word' id='word_1_116' title='bbox 396 2327 549 2416; x_wconf 83' lang='lat' dir='ltr'>Agrippa</span> <span class='ocrx_word' id='word_1_117' title='bbox 581 2335 615 2393; x_wconf 90' lang='lat' dir='ltr'>et</span> <span class='ocrx_word' id='word_1_118' title='bbox 649 2326 802 2393; x_wconf 85' lang='lat' dir='ltr'>Pollione</span> <span class='ocrx_word' id='word_1_119' title='bbox 826 2328 946 2393; x_wconf 86' lang='lat' dir='ltr'>Asinio</span> <span class='ocrx_word' id='word_1_120' title='bbox 966 2328 1050 2405; x_wconf 78' lang='lat' dir='ltr'>avis,</span> <span class='ocrx_word' id='word_1_121' title='bbox 1067 2327 1169 2393; x_wconf 80' lang='lat' dir='ltr'>fratre</span> <span class='ocrx_word' id='word_1_122' title='bbox 1185 2328 1296 2392; x_wconf 89' lang='lat' dir='ltr'>Druso</span> <span class='ocrx_word' id='word_1_123' title='bbox 1312 2327 1499 2415; x_wconf 92' lang='lat' dir='ltr'>insignis...</span> <span class='ocrx_word' id='word_1_124' title='bbox 1517 2366 1559 2379; x_wconf 92' lang='lat'>—</span> 
     </span>
     <span class='ocr_line' id='line_1_15' title="bbox 323 2433 1559 2524; baseline 0.002 -26"><span class='ocrx_word' id='word_1_125' title='bbox 323 2435 355 2511; x_wconf 69' lang='grc'>4,</span> <span class='ocrx_word' id='word_1_126' title='bbox 375 2436 415 2510; x_wconf 71' lang='lat' dir='ltr'>to</span> <span class='ocrx_word' id='word_1_127' title='bbox 432 2434 613 2524; x_wconf 74' lang='lat' dir='ltr'>(Loquitur</span> <span class='ocrx_word' id='word_1_128' title='bbox 626 2433 812 2520; x_wconf 84' lang='lat' dir='ltr'>Tiberius):</span> <span class='ocrx_word' id='word_1_129' title='bbox 837 2464 852 2495; x_wconf 73' lang='lat' dir='ltr'>a</span> <span class='ocrx_word' id='word_1_130' title='bbox 873 2436 983 2502; x_wconf 86' lang='lat' dir='ltr'>...Sed</span> <span class='ocrx_word' id='word_1_131' title='bbox 1001 2436 1028 2499; x_wconf 91' lang='lat' dir='ltr'>si</span> <span class='ocrx_word' id='word_1_132' title='bbox 1045 2434 1256 2500; x_wconf 88' lang='lat' dir='ltr'>dubitatione</span> <span class='ocrx_word' id='word_1_133' title='bbox 1270 2434 1420 2522; x_wconf 81' lang='lat' dir='ltr'>Augusti</span> <span class='ocrx_word' id='word_1_134' title='bbox 1437 2458 1559 2500; x_wconf 88' lang='lat' dir='ltr'>move-</span> 
     </span>
     <span class='ocr_line' id='line_1_16' title="bbox 323 2541 1558 2631; baseline 0.001 -25"><span class='ocrx_word' id='word_1_135' title='bbox 323 2565 410 2611; x_wconf 85' lang='lat' dir='ltr'>mur.</span> <span class='ocrx_word' id='word_1_136' title='bbox 444 2549 572 2631; x_wconf 83' lang='lat' dir='ltr'>quanto</span> <span class='ocrx_word' id='word_1_137' title='bbox 606 2541 751 2608; x_wconf 85' lang='lat' dir='ltr'>validius</span> <span class='ocrx_word' id='word_1_138' title='bbox 767 2549 830 2621; x_wconf 87' lang='lat' dir='ltr'>cst,</span> <span class='ocrx_word' id='word_1_139' title='bbox 844 2543 936 2631; x_wconf 92' lang='lat' dir='ltr'>quod</span> <span class='ocrx_word' id='word_1_140' title='bbox 951 2543 1066 2608; x_wconf 90' lang='lat' dir='ltr'>Marco</span> <span class='ocrx_word' id='word_1_141' title='bbox 1082 2542 1268 2630; x_wconf 81' lang='lat' dir='ltr'>Agrippae,</span> <span class='ocrx_word' id='word_1_142' title='bbox 1286 2565 1365 2607; x_wconf 91' lang='lat' dir='ltr'>mox</span> <span class='ocrx_word' id='word_1_143' title='bbox 1377 2542 1460 2607; x_wconf 86' lang='lat' dir='ltr'>milri</span> <span class='ocrx_word' id='word_1_144' title='bbox 1474 2566 1558 2608; x_wconf 93' lang='lat' dir='ltr'>con-</span> 
     </span>
     <span class='ocr_line' id='line_1_17' title="bbox 323 2649 1558 2738; baseline 0.002 -25"><span class='ocrx_word' id='word_1_145' title='bbox 323 2649 448 2715; x_wconf 82' lang='lat' dir='ltr'>locavit</span> <span class='ocrx_word' id='word_1_146' title='bbox 471 2649 592 2738; x_wconf 82' lang='lat' dir='ltr'>(filiam</span> <span class='ocrx_word' id='word_1_147' title='bbox 621 2652 743 2736; x_wconf 89' lang='lat' dir='ltr'>suam).</span> <span class='ocrx_word' id='word_1_148' title='bbox 770 2679 784 2709; x_wconf 72' lang='lat' dir='ltr'>a</span> <span class='ocrx_word' id='word_1_149' title='bbox 799 2688 841 2700; x_wconf 95' lang='lat'>-</span> <span class='ocrx_word' id='word_1_150' title='bbox 861 2650 894 2732; x_wconf 87' lang='lat'>6,</span> <span class='ocrx_word' id='word_1_151' title='bbox 914 2651 968 2717; x_wconf 76' lang='lat'>51.</span> <span class='ocrx_word' id='word_1_152' title='bbox 988 2649 1169 2738; x_wconf 86' lang='lat' dir='ltr'>(Tiberius)</span> <span class='ocrx_word' id='word_1_153' title='bbox 1190 2650 1307 2715; x_wconf 89' lang='lat' dir='ltr'>multis</span> <span class='ocrx_word' id='word_1_154' title='bbox 1322 2649 1464 2716; x_wconf 91' lang='lat' dir='ltr'>aemulis</span> <span class='ocrx_word' id='word_1_155' title='bbox 1478 2673 1558 2716; x_wconf 93' lang='lat' dir='ltr'>con·</span> 
     </span>
     <span class='ocr_line' id='line_1_18' title="bbox 323 2754 1556 2846; baseline 0.002 -25"><span class='ocrx_word' id='word_1_156' title='bbox 323 2757 471 2821; x_wconf 81' lang='lat' dir='ltr'>[lictatus</span> <span class='ocrx_word' id='word_1_157' title='bbox 500 2764 564 2826; x_wconf 87' lang='lat' dir='ltr'>est.</span> <span class='ocrx_word' id='word_1_158' title='bbox 593 2755 674 2820; x_wconf 92' lang='lat' dir='ltr'>dum</span> <span class='ocrx_word' id='word_1_159' title='bbox 705 2754 890 2822; x_wconf 86' lang='lat' dir='ltr'>Marcellus</span> <span class='ocrx_word' id='word_1_160' title='bbox 904 2765 938 2822; x_wconf 92' lang='lat' dir='ltr'>et</span> <span class='ocrx_word' id='word_1_161' title='bbox 953 2757 1119 2846; x_wconf 87' lang='lat' dir='ltr'>Agrippa,</span> <span class='ocrx_word' id='word_1_162' title='bbox 1150 2780 1228 2821; x_wconf 85' lang='lat' dir='ltr'>mox</span> <span class='ocrx_word' id='word_1_163' title='bbox 1244 2757 1351 2823; x_wconf 88' lang='lat' dir='ltr'>Gaius</span> <span class='ocrx_word' id='word_1_164' title='bbox 1366 2758 1556 2846; x_wconf 86' lang='lat' dir='ltr'>Luciusque</span> 
     </span>
     <span class='ocr_line' id='line_1_19' title="bbox 323 2864 1557 2955; baseline 0.001 -25"><span class='ocrx_word' id='word_1_165' title='bbox 323 2864 487 2930; x_wconf 85' lang='lat' dir='ltr'>Caesares</span> <span class='ocrx_word' id='word_1_166' title='bbox 506 2864 657 2952; x_wconf 83' lang='lat' dir='ltr'>viguere.</span> <span class='ocrx_word' id='word_1_167' title='bbox 686 2903 729 2914; x_wconf 93' lang='lat'><em>-</em></span> <span class='ocrx_word' id='word_1_168' title='bbox 759 2889 809 2940; x_wconf 83' lang='lat' dir='ltr'>ra,</span> <span class='ocrx_word' id='word_1_169' title='bbox 825 2889 878 2953; x_wconf 82' lang='lat'>²7·</span> <span class='ocrx_word' id='word_1_170' title='bbox 901 2866 1091 2955; x_wconf 87' lang='lat' dir='ltr'>(Vbiorum)</span> <span class='ocrx_word' id='word_1_171' title='bbox 1115 2873 1251 2952; x_wconf 88' lang='lat' dir='ltr'>gentem</span> <span class='ocrx_word' id='word_1_172' title='bbox 1269 2866 1425 2933; x_wconf 84' lang='lat' dir='ltr'>lthenum</span> <span class='ocrx_word' id='word_1_173' title='bbox 1438 2874 1557 2933; x_wconf 88' lang='lat' dir='ltr'>trans-</span> 
     </span>
     <span class='ocr_line' id='line_1_20' title="bbox 321 2972 1557 3062; baseline 0 -25"><span class='ocrx_word' id='word_1_174' title='bbox 321 2995 515 3060; x_wconf 89' lang='lat' dir='ltr'>gressam...</span> <span class='ocrx_word' id='word_1_175' title='bbox 534 2973 686 3060; x_wconf 86' lang='lat' dir='ltr'>Agrippa</span> <span class='ocrx_word' id='word_1_176' title='bbox 702 2972 736 3036; x_wconf 96' lang='lat' dir='ltr'>in</span> <span class='ocrx_word' id='word_1_177' title='bbox 752 2972 852 3037; x_wconf 85' lang='lat' dir='ltr'>tidem</span> <span class='ocrx_word' id='word_1_178' title='bbox 868 2972 1072 3062; x_wconf 89' lang='lat' dir='ltr'>(acceperat)</span> <span class='ocrx_word' id='word_1_179' title='bbox 1109 3011 1152 3024; x_wconf 95' lang='lat'>—</span> <span class='ocrx_word' id='word_1_180' title='bbox 1182 2976 1232 3051; x_wconf 72' lang='lat' dir='ltr'>rt,</span> <span class='ocrx_word' id='word_1_181' title='bbox 1260 2972 1313 3040; x_wconf 84' lang='lat'>53.</span> <span class='ocrx_word' id='word_1_182' title='bbox 1331 2973 1456 3062; x_wconf 90' lang='lat' dir='ltr'>(Verba</span> <span class='ocrx_word' id='word_1_183' title='bbox 1476 2974 1557 3040; x_wconf 83' lang='lat' dir='ltr'>lacit</span> 
     </span>
     <span class='ocr_line' id='line_1_21' title="bbox 322 3078 1557 3172; baseline 0.001 -27"><span class='ocrx_word' id='word_1_184' title='bbox 322 3079 412 3169; x_wconf 90' lang='lat' dir='ltr'>apud</span> <span class='ocrx_word' id='word_1_185' title='bbox 428 3078 595 3145; x_wconf 76' lang='lat' dir='ltr'>Neronem</span> <span class='ocrx_word' id='word_1_186' title='bbox 610 3078 751 3167; x_wconf 89' lang='lat' dir='ltr'>Seneca)</span> <span class='ocrx_word' id='word_1_187' title='bbox 768 3107 783 3140; x_wconf 92' lang='lat'>«</span> <span class='ocrx_word' id='word_1_188' title='bbox 801 3079 984 3146; x_wconf 86' lang='lat' dir='ltr'>...Abavus</span> <span class='ocrx_word' id='word_1_189' title='bbox 1005 3089 1083 3147; x_wconf 87' lang='lat' dir='ltr'>tuus</span> <span class='ocrx_word' id='word_1_190' title='bbox 1098 3082 1275 3168; x_wconf 89' lang='lat' dir='ltr'>Augustus</span> <span class='ocrx_word' id='word_1_191' title='bbox 1297 3081 1413 3147; x_wconf 89' lang='lat' dir='ltr'>Marco</span> <span class='ocrx_word' id='word_1_192' title='bbox 1434 3081 1557 3172; x_wconf 87' lang='lat' dir='ltr'>Agrip-</span> 
     </span>
     <span class='ocr_line' id='line_1_22' title="bbox 322 3187 1556 3277; baseline 0.004 -24"><span class='ocrx_word' id='word_1_193' title='bbox 322 3211 384 3276; x_wconf 88' lang='lat' dir='ltr'>pae</span> <span class='ocrx_word' id='word_1_194' title='bbox 413 3187 642 3275; x_wconf 73' lang='lat' dir='ltr'>Mytilenense</span> <span class='ocrx_word' id='word_1_195' title='bbox 670 3196 849 3264; x_wconf 87' lang='lat' dir='ltr'>secretum,</span> <span class='ocrx_word' id='word_1_196' title='bbox 879 3189 918 3254; x_wconf 91' lang='lat' dir='ltr'>C.</span> <span class='ocrx_word' id='word_1_197' title='bbox 955 3188 1142 3254; x_wconf 88' lang='lat' dir='ltr'>Maecenati</span> <span class='ocrx_word' id='word_1_198' title='bbox 1172 3188 1256 3254; x_wconf 92' lang='lat' dir='ltr'>urbe</span> <span class='ocrx_word' id='word_1_199' title='bbox 1281 3190 1315 3254; x_wconf 88' lang='lat' dir='ltr'>in</span> <span class='ocrx_word' id='word_1_200' title='bbox 1350 3190 1421 3277; x_wconf 91' lang='lat' dir='ltr'>ipsa</span> <span class='ocrx_word' id='word_1_201' title='bbox 1461 3190 1556 3258; x_wconf 84' lang='lat' dir='ltr'>velut</span> 
     </span>
     <span class='ocr_line' id='line_1_23' title="bbox 322 3294 1553 3384; baseline 0.002 -24"><span class='ocrx_word' id='word_1_202' title='bbox 322 3296 538 3384; x_wconf 89' lang='lat' dir='ltr'>peregrinum</span> <span class='ocrx_word' id='word_1_203' title='bbox 551 3295 658 3361; x_wconf 92' lang='lat' dir='ltr'>otium</span> <span class='ocrx_word' id='word_1_204' title='bbox 674 3295 843 3383; x_wconf 87' lang='lat' dir='ltr'>permisit;</span> <span class='ocrx_word' id='word_1_205' title='bbox 854 3319 998 3384; x_wconf 87' lang='lat' dir='ltr'>quorum</span> <span class='ocrx_word' id='word_1_206' title='bbox 1014 3296 1100 3361; x_wconf 92' lang='lat' dir='ltr'>alter</span> <span class='ocrx_word' id='word_1_207' title='bbox 1110 3294 1276 3361; x_wconf 90' lang='lat' dir='ltr'>bellorum</span> <span class='ocrx_word' id='word_1_208' title='bbox 1292 3297 1414 3375; x_wconf 78' lang='lat' dir='ltr'>socius,</span> <span class='ocrx_word' id='word_1_209' title='bbox 1427 3296 1553 3377; x_wconf 88' lang='lat' dir='ltr'>alter..,</span> 
     </span>
     <span class='ocr_line' id='line_1_24' title="bbox 323 3401 1556 3493; baseline 0.002 -25"><span class='ocrx_word' id='word_1_210' title='bbox 323 3401 436 3490; x_wconf 88' lang='lat' dir='ltr'>ampla</span> <span class='ocrx_word' id='word_1_211' title='bbox 465 3402 615 3491; x_wconf 80' lang='lat' dir='ltr'>quidem,</span> <span class='ocrx_word' id='word_1_212' title='bbox 641 3403 700 3467; x_wconf 87' lang='lat' dir='ltr'>sod</span> <span class='ocrx_word' id='word_1_213' title='bbox 726 3426 787 3491; x_wconf 92' lang='lat' dir='ltr'>pro</span> <span class='ocrx_word' id='word_1_214' title='bbox 817 3403 1014 3491; x_wconf 87' lang='lat' dir='ltr'>ingentibus</span> <span class='ocrx_word' id='word_1_215' title='bbox 1047 3403 1177 3468; x_wconf 90' lang='lat' dir='ltr'>meritis</span> <span class='ocrx_word' id='word_1_216' title='bbox 1228 3403 1376 3492; x_wconf 87' lang='lat' dir='ltr'>praemia</span> <span class='ocrx_word' id='word_1_217' title='bbox 1416 3427 1556 3493; x_wconf 89' lang='lat' dir='ltr'>accepe-</span> 
     </span>
     <span class='ocr_line' id='line_1_25' title="bbox 323 3509 1556 3598; baseline 0.004 -25"><span class='ocrx_word' id='word_1_218' title='bbox 323 3516 441 3575; x_wconf 91' lang='lat' dir='ltr'>rant...</span> <span class='ocrx_word' id='word_1_219' title='bbox 459 3534 476 3571; x_wconf 64' lang='grc' dir='ltr'><em>ν</em></span> <span class='ocrx_word' id='word_1_220' title='bbox 495 3549 539 3559; x_wconf 91' lang='grc'>-</span> <span class='ocrx_word' id='word_1_221' title='bbox 565 3512 615 3589; x_wconf 61' lang='lat' dir='ltr'>ri),</span> <span class='ocrx_word' id='word_1_222' title='bbox 638 3509 692 3573; x_wconf 91' lang='grc'>55.</span> <span class='ocrx_word' id='word_1_223' title='bbox 710 3509 766 3574; x_wconf 92' lang='lat' dir='ltr'>Ad</span> <span class='ocrx_word' id='word_1_224' title='bbox 779 3533 864 3598; x_wconf 88' lang='lat' dir='ltr'>quae</span> <span class='ocrx_word' id='word_1_225' title='bbox 881 3513 969 3579; x_wconf 87' lang='lat' dir='ltr'>Nero</span> <span class='ocrx_word' id='word_1_226' title='bbox 990 3510 1037 3575; x_wconf 91' lang='lat' dir='ltr'>sic</span> <span class='ocrx_word' id='word_1_227' title='bbox 1053 3509 1157 3575; x_wconf 86' lang='lat' dir='ltr'>terme</span> <span class='ocrx_word' id='word_1_228' title='bbox 1172 3510 1369 3598; x_wconf 88' lang='lat' dir='ltr'>respondit:</span> <span class='ocrx_word' id='word_1_229' title='bbox 1386 3540 1402 3570; x_wconf 75' lang='grc' dir='ltr'>(ι</span> <span class='ocrx_word' id='word_1_230' title='bbox 1423 3511 1556 3579; x_wconf 87' lang='lat' dir='ltr'>...Aba-</span> 
     </span>
     <span class='ocr_line' id='line_1_26' title="bbox 321 3617 1554 3706; baseline 0.003 -26"><span class='ocrx_word' id='word_1_231' title='bbox 321 3639 386 3681; x_wconf 82' lang='lat' dir='ltr'>vus</span> <span class='ocrx_word' id='word_1_232' title='bbox 437 3639 532 3682; x_wconf 88' lang='lat' dir='ltr'>meus</span> <span class='ocrx_word' id='word_1_233' title='bbox 568 3617 748 3704; x_wconf 88' lang='lat' dir='ltr'>Augustus</span> <span class='ocrx_word' id='word_1_234' title='bbox 768 3617 941 3706; x_wconf 89' lang='lat' dir='ltr'>Agrippae</span> <span class='ocrx_word' id='word_1_235' title='bbox 970 3626 1004 3683; x_wconf 88' lang='lat' dir='ltr'>et</span> <span class='ocrx_word' id='word_1_236' title='bbox 1032 3617 1222 3682; x_wconf 87' lang='lat' dir='ltr'>Maecenati</span> <span class='ocrx_word' id='word_1_237' title='bbox 1248 3641 1410 3706; x_wconf 89' lang='lat' dir='ltr'>usurpare</span> <span class='ocrx_word' id='word_1_238' title='bbox 1447 3620 1554 3684; x_wconf 88' lang='lat' dir='ltr'>otium</span> 
     </span>
     <span class='ocr_line' id='line_1_27' title="bbox 321 3722 1556 3813; baseline 0 -25"><span class='ocrx_word' id='word_1_239' title='bbox 321 3733 400 3811; x_wconf 83' lang='lat' dir='ltr'>post</span> <span class='ocrx_word' id='word_1_240' title='bbox 419 3722 552 3789; x_wconf 90' lang='lat' dir='ltr'>labores</span> <span class='ocrx_word' id='word_1_241' title='bbox 572 3723 740 3789; x_wconf 88' lang='lat' dir='ltr'>concessit</span> <span class='ocrx_word' id='word_1_242' title='bbox 760 3743 801 3804; x_wconf 82' lang='lat'>..3</span> <span class='ocrx_word' id='word_1_243' title='bbox 830 3747 869 3788; x_wconf 88' lang='lat' dir='ltr'>ac</span> <span class='ocrx_word' id='word_1_244' title='bbox 888 3733 1003 3789; x_wconf 90' lang='lat' dir='ltr'>tamen</span> <span class='ocrx_word' id='word_1_245' title='bbox 1024 3732 1181 3789; x_wconf 90' lang='lat' dir='ltr'>neutrum</span> <span class='ocrx_word' id='word_1_246' title='bbox 1209 3723 1297 3790; x_wconf 90' lang='lat' dir='ltr'>datis</span> <span class='ocrx_word' id='word_1_247' title='bbox 1312 3748 1331 3790; x_wconf 91' lang='lat' dir='ltr'>a</span> <span class='ocrx_word' id='word_1_248' title='bbox 1347 3748 1382 3790; x_wconf 89' lang='lat' dir='ltr'>se</span> <span class='ocrx_word' id='word_1_249' title='bbox 1396 3725 1556 3813; x_wconf 87' lang='lat' dir='ltr'>praemiis</span> 
     </span>
     <span class='ocr_line' id='line_1_28' title="bbox 319 3829 1554 3920; baseline 0.001 -23"><span class='ocrx_word' id='word_1_250' title='bbox 319 3832 425 3898; x_wconf 85' lang='lat' dir='ltr'>exuit.</span> <span class='ocrx_word' id='word_1_251' title='bbox 458 3829 553 3896; x_wconf 82' lang='lat' dir='ltr'>llello</span> <span class='ocrx_word' id='word_1_252' title='bbox 568 3837 603 3896; x_wconf 90' lang='lat' dir='ltr'>et</span> <span class='ocrx_word' id='word_1_253' title='bbox 616 3829 774 3919; x_wconf 90' lang='lat' dir='ltr'>periculis</span> <span class='ocrx_word' id='word_1_254' title='bbox 789 3838 1023 3897; x_wconf 87' lang='lat' dir='ltr'>meruerant...</span> <span class='ocrx_word' id='word_1_255' title='bbox 1049 3833 1190 3910; x_wconf 79' lang='lat'>»-15‚</span> <span class='ocrx_word' id='word_1_256' title='bbox 1208 3832 1260 3920; x_wconf 82' lang='lat'>37.</span> <span class='ocrx_word' id='word_1_257' title='bbox 1278 3831 1497 3920; x_wconf 86' lang='lat' dir='ltr'>(Tigellinus)</span> <span class='ocrx_word' id='word_1_258' title='bbox 1520 3833 1554 3898; x_wconf 92' lang='lat' dir='ltr'>in</span> 
     </span>
     <span class='ocr_line' id='line_1_29' title="bbox 320 3938 1554 4027; baseline 0 -23"><span class='ocrx_word' id='word_1_259' title='bbox 320 3948 442 4024; x_wconf 89' lang='lat' dir='ltr'>stagno</span> <span class='ocrx_word' id='word_1_260' title='bbox 466 3938 637 4027; x_wconf 87' lang='lat' dir='ltr'>Agrippae</span> <span class='ocrx_word' id='word_1_261' title='bbox 676 3938 860 4005; x_wconf 80' lang='lat' dir='ltr'>fabricatus</span> <span class='ocrx_word' id='word_1_262' title='bbox 874 3948 927 4005; x_wconf 90' lang='lat' dir='ltr'>est</span> <span class='ocrx_word' id='word_1_263' title='bbox 951 3946 1070 4020; x_wconf 84' lang='lat' dir='ltr'>ratem,</span> <span class='ocrx_word' id='word_1_264' title='bbox 1088 3939 1141 4004; x_wconf 93' lang='lat' dir='ltr'>cui</span> <span class='ocrx_word' id='word_1_265' title='bbox 1169 3940 1418 4027; x_wconf 88' lang='lat' dir='ltr'>superpositum</span> <span class='ocrx_word' id='word_1_266' title='bbox 1438 3942 1554 4006; x_wconf 89' lang='lat' dir='ltr'>convi-</span> 
     </span>
     <span class='ocr_line' id='line_1_30' title="bbox 321 4046 1554 4126; baseline 0.002 -15"><span class='ocrx_word' id='word_1_267' title='bbox 321 4047 456 4113; x_wconf 89' lang='lat' dir='ltr'>vium...</span> <span class='ocrx_word' id='word_1_268' title='bbox 476 4051 647 4126; x_wconf 80' lang='lat' dir='ltr'>Quantum</span> <span class='ocrx_word' id='word_1_269' title='bbox 672 4047 767 4112; x_wconf 88' lang='lat' dir='ltr'>iuxta</span> <span class='ocrx_word' id='word_1_270' title='bbox 795 4047 943 4111; x_wconf 91' lang='lat' dir='ltr'>nemoris</span> <span class='ocrx_word' id='word_1_271' title='bbox 974 4055 1006 4112; x_wconf 86' lang='lat' dir='ltr'>et</span> <span class='ocrx_word' id='word_1_272' title='bbox 1022 4046 1236 4112; x_wconf 86' lang='lat' dir='ltr'>circumiecta</span> <span class='ocrx_word' id='word_1_273' title='bbox 1256 4054 1346 4113; x_wconf 90' lang='lat' dir='ltr'>tecta</span> <span class='ocrx_word' id='word_1_274' title='bbox 1370 4070 1554 4115; x_wconf 91' lang='lat' dir='ltr'>consonare</span> 
     </span>
    </p>
   </div>
   <div class='ocr_carea' id='block_1_3' title="bbox 320 4152 1554 4566">
    <p class='ocr_par' dir='ltr' id='par_1_3' title="bbox 320 4152 1554 4566">
     <span class='ocr_line' id='line_1_31' title="bbox 320 4152 1554 4244; baseline 0.002 -24"><span class='ocrx_word' id='word_1_275' title='bbox 320 4163 464 4221; x_wconf 86' lang='lat' dir='ltr'>cantu...</span> <span class='ocrx_word' id='word_1_276' title='bbox 491 4190 534 4203; x_wconf 94' lang='lat'>-</span> <span class='ocrx_word' id='word_1_277' title='bbox 555 4156 604 4228; x_wconf 80' lang='lat'>15,</span> <span class='ocrx_word' id='word_1_278' title='bbox 627 4153 680 4241; x_wconf 72' lang='lat'>39.</span> <span class='ocrx_word' id='word_1_279' title='bbox 704 4152 873 4220; x_wconf 89' lang='lat' dir='ltr'>Solacium</span> <span class='ocrx_word' id='word_1_280' title='bbox 889 4153 1015 4242; x_wconf 93' lang='lat' dir='ltr'>populo</span> <span class='ocrx_word' id='word_1_281' title='bbox 1035 4154 1141 4242; x_wconf 85' lang='lat' dir='ltr'>(igne)</span> <span class='ocrx_word' id='word_1_282' title='bbox 1157 4153 1337 4220; x_wconf 87' lang='lat' dir='ltr'>exturbato</span> <span class='ocrx_word' id='word_1_283' title='bbox 1354 4176 1393 4219; x_wconf 89' lang='lat' dir='ltr'>ac</span> <span class='ocrx_word' id='word_1_284' title='bbox 1411 4155 1554 4244; x_wconf 80' lang='lat' dir='ltr'>profugo</span> 
     </span>
     <span class='ocr_line' id='line_1_32' title="bbox 320 4261 1554 4351; baseline 0.001 -23"><span class='ocrx_word' id='word_1_285' title='bbox 320 4285 479 4351; x_wconf 90' lang='lat' dir='ltr'>campum</span> <span class='ocrx_word' id='word_1_286' title='bbox 502 4261 623 4327; x_wconf 87' lang='lat' dir='ltr'>Martis</span> <span class='ocrx_word' id='word_1_287' title='bbox 657 4284 695 4326; x_wconf 91' lang='lat' dir='ltr'>ac</span> <span class='ocrx_word' id='word_1_288' title='bbox 723 4269 942 4328; x_wconf 87' lang='lat' dir='ltr'>monumenta</span> <span class='ocrx_word' id='word_1_289' title='bbox 968 4261 1181 4349; x_wconf 87' lang='lat' dir='ltr'>Agrippae...</span> <span class='ocrx_word' id='word_1_290' title='bbox 1206 4261 1291 4343; x_wconf 75' lang='grc' dir='ltr'>-Ι,</span> <span class='ocrx_word' id='word_1_291' title='bbox 1322 4263 1372 4328; x_wconf 90' lang='grc' dir='ltr'>ι5.</span> <span class='ocrx_word' id='word_1_292' title='bbox 1397 4286 1414 4325; x_wconf 78' lang='lat' dir='ltr'>a</span> <span class='ocrx_word' id='word_1_293' title='bbox 1433 4263 1554 4349; x_wconf 85' lang='lat' dir='ltr'>(Divus</span> 
     </span>
     <span class='ocr_line' id='line_1_33' title="bbox 321 4367 1551 4458; baseline 0.003 -24"><span class='ocrx_word' id='word_1_294' title='bbox 321 4370 513 4457; x_wconf 85' lang='lat' dir='ltr'>Augustus)</span> <span class='ocrx_word' id='word_1_295' title='bbox 530 4369 654 4434; x_wconf 92' lang='lat' dir='ltr'>sororis</span> <span class='ocrx_word' id='word_1_296' title='bbox 679 4368 787 4434; x_wconf 88' lang='lat' dir='ltr'>lilium</span> <span class='ocrx_word' id='word_1_297' title='bbox 818 4368 1031 4436; x_wconf 88' lang='lat' dir='ltr'>Marcellum.</span> <span class='ocrx_word' id='word_1_298' title='bbox 1050 4367 1128 4433; x_wconf 91' lang='lat' dir='ltr'>dein</span> <span class='ocrx_word' id='word_1_299' title='bbox 1142 4391 1304 4456; x_wconf 86' lang='lat' dir='ltr'>generum</span> <span class='ocrx_word' id='word_1_300' title='bbox 1320 4370 1551 4458; x_wconf 86' lang='lat' dir='ltr'>Agrippam...</span> 
     </span>
     <span class='ocr_line' id='line_1_34' title="bbox 321 4475 1013 4566; baseline -0.009 -24"><span class='ocrx_word' id='word_1_301' title='bbox 321 4478 354 4542; x_wconf 95' lang='lat' dir='ltr'>in</span> <span class='ocrx_word' id='word_1_302' title='bbox 370 4477 525 4566; x_wconf 85' lang='lat' dir='ltr'>proximo</span> <span class='ocrx_word' id='word_1_303' title='bbox 538 4475 603 4541; x_wconf 89' lang='lat' dir='ltr'>sibi</span> <span class='ocrx_word' id='word_1_304' title='bbox 624 4475 759 4563; x_wconf 79' lang='lat' dir='ltr'>fastigio</span> <span class='ocrx_word' id='word_1_305' title='bbox 774 4477 976 4542; x_wconf 87' lang='lat' dir='ltr'>conlocavit.</span> <span class='ocrx_word' id='word_1_306' title='bbox 999 4505 1013 4536; x_wconf 89' lang='lat'>»</span> 
     </span>
    </p>
   </div>
   <div class='ocr_carea' id='block_1_4' title="bbox 275 4583 1551 4663">
    <p class='ocr_par' dir='ltr' id='par_1_4' title="bbox 275 4583 1551 4663">
     <span class='ocr_line' id='line_1_35' title="bbox 275 4583 1551 4663; baseline 0.001 -14"><span class='ocrx_word' id='word_1_307' title='bbox 275 4584 495 4663; x_wconf 85' lang='lat' dir='ltr'>AGRlPPA,</span> <span class='ocrx_word' id='word_1_308' title='bbox 513 4583 718 4649; x_wconf 83' lang='lat' dir='ltr'>AGlllPPA</span> <span class='ocrx_word' id='word_1_309' title='bbox 731 4583 841 4649; x_wconf 83' lang='lat' dir='ltr'>POST</span> <span class='ocrx_word' id='word_1_310' title='bbox 846 4584 982 4663; x_wconf 82' lang='lat' dir='ltr'>VMVS,</span> <span class='ocrx_word' id='word_1_311' title='bbox 1001 4584 1238 4650; x_wconf 86' lang='lat' dir='ltr'>POSTVMVS</span> <span class='ocrx_word' id='word_1_312' title='bbox 1259 4584 1492 4652; x_wconf 85' lang='lat' dir='ltr'>AGRlPPA¹.</span> <span class='ocrx_word' id='word_1_313' title='bbox 1510 4624 1551 4636; x_wconf 93' lang='lat'><em>-</em></span> 
     </span>
    </p>
   </div>
   <div class='ocr_carea' id='block_1_5' title="bbox 324 4690 1554 4780">
    <p class='ocr_par' dir='ltr' id='par_1_5' title="bbox 324 4690 1554 4780">
     <span class='ocr_line' id='line_1_36' title="bbox 324 4690 1554 4780; baseline 0.002 -23"><span class='ocrx_word' id='word_1_314' title='bbox 324 4715 352 4758; x_wconf 87' lang='lat' dir='ltr'>r.</span> <span class='ocrx_word' id='word_1_315' title='bbox 371 4690 402 4757; x_wconf 81' lang='lat'>3.</span> <span class='ocrx_word' id='word_1_316' title='bbox 418 4691 543 4779; x_wconf 83' lang='lat' dir='ltr'>(Liria)</span> <span class='ocrx_word' id='word_1_317' title='bbox 559 4714 674 4757; x_wconf 88' lang='lat' dir='ltr'>senem</span> <span class='ocrx_word' id='word_1_318' title='bbox 695 4692 890 4778; x_wconf 89' lang='lat' dir='ltr'>Augustum</span> <span class='ocrx_word' id='word_1_319' title='bbox 906 4690 1106 4756; x_wconf 86' lang='lat' dir='ltr'>devinxerat</span> <span class='ocrx_word' id='word_1_320' title='bbox 1119 4691 1215 4769; x_wconf 87' lang='lat' dir='ltr'>adeo,</span> <span class='ocrx_word' id='word_1_321' title='bbox 1234 4691 1283 4756; x_wconf 91' lang='lat' dir='ltr'>uti</span> <span class='ocrx_word' id='word_1_322' title='bbox 1301 4699 1459 4780; x_wconf 90' lang='lat' dir='ltr'>nepotem</span> <span class='ocrx_word' id='word_1_323' title='bbox 1479 4694 1554 4758; x_wconf 92' lang='lat' dir='ltr'>uni-</span> 
     </span>
    </p>
   </div>
   <div class='ocr_carea' id='block_1_6' title="bbox 310 4946 1551 5012">
    <p class='ocr_par' dir='ltr' id='par_1_6' title="bbox 310 4946 1551 5012">
     <span class='ocr_line' id='line_1_37' title="bbox 310 4946 1551 5012; baseline 0.003 -18"><span class='ocrx_word' id='word_1_324' title='bbox 310 4946 370 4996; x_wconf 88' lang='lat' dir='ltr'>¹M.</span> <span class='ocrx_word' id='word_1_325' title='bbox 391 4947 560 5011; x_wconf 59' lang='lat' dir='ltr'>gvipsanius)</span> <span class='ocrx_word' id='word_1_326' title='bbox 588 4947 717 5012; x_wconf 83' lang='lat' dir='ltr'>Agrippa.</span> <span class='ocrx_word' id='word_1_327' title='bbox 748 4951 810 5011; x_wconf 81' lang='lat' dir='ltr'>post</span> <span class='ocrx_word' id='word_1_328' title='bbox 841 4947 1016 5012; x_wconf 80' lang='lat' dir='ltr'>adoptionem</span> <span class='ocrx_word' id='word_1_329' title='bbox 1041 4949 1162 5012; x_wconf 75' lang='lat' dir='ltr'>Agrippa</span> <span class='ocrx_word' id='word_1_330' title='bbox 1184 4948 1267 4998; x_wconf 87' lang='lat' dir='ltr'>lulius</span> <span class='ocrx_word' id='word_1_331' title='bbox 1292 4950 1398 4999; x_wconf 81' lang='lat' dir='ltr'>Cacsar.</span> <span class='ocrx_word' id='word_1_332' title='bbox 1430 4950 1551 5008; x_wconf 70' lang='lat' dir='ltr'>Pansam,</span> 
     </span>
    </p>
   </div>
   <div class='ocr_carea' id='block_1_7' title="bbox 279 5021 1126 5086">
    <p class='ocr_par' dir='ltr' id='par_1_7' title="bbox 279 5021 1126 5086">
     <span class='ocr_line' id='line_1_38' title="bbox 279 5021 1126 5086; baseline -0.006 -16"><span class='ocrx_word' id='word_1_333' title='bbox 279 5021 312 5081; x_wconf 79' lang='lat' dir='ltr'>r..</span> <span class='ocrx_word' id='word_1_334' title='bbox 331 5023 379 5086; x_wconf 56' lang='grc' dir='ltr'>ιαμ.</span> <span class='ocrx_word' id='word_1_335' title='bbox 1117 5051 1126 5065; x_wconf 85' lang='grc'><strong><em>,</em></strong></span> 
     </span>
    </p>
   </div>
   <div class='ocr_carea' id='block_1_8' title="bbox 0 0 1860 6228">
    <p class='ocr_par' dir='ltr' id='par_1_8' title="bbox 0 0 1860 6228">
     <span class='ocr_line' id='line_1_39' title="bbox 0 0 1860 6228; baseline 0 0"><span class='ocrx_word' id='word_1_336' title='bbox 0 0 1860 6228; x_wconf 95' lang='lat' dir='ltr'> </span> 
     </span>
    </p>
   </div>
  </div>
 </body>
</html>
