3709 6234
872 858 977 912 attat
1514 855 1566 911 ‘265

328 1021 425 1064 suam
440 998 645 1064 sententiam
660 998 865 1087 impugnari,
887 998 948 1064 sed
968 998 1142 1065 consulem
1155 999 1369 1087 designatum
1394 1001 1567 1066 censuisse

326 1104 503 1174 dicebat...
520 1144 563 1157 -
581 1105 638 1190 lv).
669 1129 719 1171 ιο.
747 1106 928 1170 Proximus
962 1106 1034 1171 dies
1058 1106 1210 1194 (senatus
1231 1107 1269 1172 P.
1288 1106 1431 1196 Celeris)
1446 1130 1566 1173 causae

326 1212 531 1290 destinatur;
550 1235 611 1278 nec
630 1220 700 1278 tam
717 1213 896 1279 Musonius
910 1222 969 1279 aut
984 1212 1125 1279 Publius
1138 1236 1240 1302 quam
1261 1213 1398 1280 Priscus
1420 1221 1455 1280 et
1473 1214 1562 1281 Mar-

300 1319 433 1386 'cellus
464 1320 647 1409 ceterique,
678 1321 779 1385 motis
804 1320 846 1385 ad
863 1320 1028 1386 ultionem
1043 1320 1178 1402 animis,
1200 1320 1495 1410 exspectabantur.
1522 1361 1566 1373 -

328 1427 387 1508 lV,
413 1430 467 1505 (a.
491 1426 671 1516 (Loquitur
699 1427 838 1493 Curtius
864 1427 1064 1514 Montanus)
1101 1455 1117 1489 a
1137 1429 1303 1512 Retinete,
1330 1437 1445 1517 patres
1473 1452 1568 1494 eons-

327 1535 437 1623 cripti,
460 1542 493 1600 et
508 1541 678 1600 reservate
691 1535 863 1600 bominem
878 1543 948 1600 tam
964 1535 1112 1622 expediti
1127 1535 1272 1616 consilii,
1287 1543 1325 1601 ut
1345 1535 1456 1618 omnis
1472 1544 1566 1602 aetas

326 1642 490 1709 instructa
528 1643 583 1712 sit.
618 1649 651 1707 et
679 1665 745 1730 quo
776 1641 876 1706 modo
909 1664 1009 1706 senes
1034 1642 1141 1707 nostri
1170 1641 1380 1721 Marcellum,
1398 1642 1566 1732 (Vibium)

327 1750 498 1837 Crispum,
520 1749 661 1814 iuvenes
683 1749 893 1837 (Aquilium)
916 1748 1085 1836 llegulum
1106 1750 1328 1816 imitentur».
1359 1750 1482 1830 -1V‚
1509 1751 1565 1829 43.

327 1856 434 1922 Tanto
454 1880 531 1922 cum
551 1855 698 1921 adsensu
730 1862 868 1921 senatus
888 1855 1024 1922 auditus
1049 1865 1101 1923 est
1118 1857 1312 1939 Montanus,
1335 1865 1373 1923 ut
1393 1881 1487 1947 spem
1504 1882 1566 1924 ca-

326 1973 418 2052 peret
439 1962 619 2029 Helvidius
646 1963 812 2052 (Priscus)
829 1987 928 2051 posse
954 1964 1057 2029 etiam
1082 1963 1281 2030 Marcellum
1305 1965 1485 2053 prosterni.
1500 1965 1566 2052 lgi-

326 2079 418 2137 tura
446 2070 547 2137 laude
585 2070 697 2136 Cluvii
732 2070 809 2135 Ruti
845 2094 985 2137 orsus...
1022 2071 1162 2137 crimine
1204 2070 1306 2137 simul
1343 2072 1566 2161 exemploque

325 2178 465 2266 Eprium
493 2177 649 2265 urgebat,
678 2177 879 2243 ardentibus
913 2186 1049 2266 patrum
1083 2179 1216 2244 animis.
1254 2178 1352 2257 Quod
1377 2178 1435 2244 ubi
1460 2181 1566 2245 sensit

326 2284 520 2366 Marcellus,
548 2284 643 2351 velut
671 2285 839 2351 excedens
873 2286 966 2351 curia
989 2307 996 2352 :
1020 2314 1036 2346 a
1070 2285 1173 2367 lmus,
1202 2286 1324 2374 inquit,
1362 2286 1518 2353 Prisce...
1549 2315 1564 2347 a

325 2392 537 2481 Sequebatur
558 2393 677 2458 Vibius
699 2392 849 2481 Crispus,
877 2393 977 2458 ambo
991 2393 1126 2470 inlensi,
1141 2393 1238 2458 vultu
1255 2393 1402 2475 diverso,
1421 2394 1565 2459 Marcel-

325 2498 379 2564 lus
408 2499 597 2566 minacibus
627 2500 775 2567 oculis...
794 2500 888 2566 -O.
908 2503 939 2566 5.
961 2500 1142 2588 (Loquitur
1165 2500 1271 2588 Aper)
1302 2530 1317 2561 «
1342 2500 1432 2579 Quid
1474 2500 1566 2566 aliud

326 2607 458 2672 infestis
476 2606 628 2694 patribus
645 2630 752 2696 nuper
765 2607 888 2695 Eprius
904 2606 1086 2672 Marcellus
1100 2630 1202 2695 quam
1222 2607 1452 2695 eloquentiam
1469 2631 1564 2673 suam

325 2714 508 2802 opposuit?
524 2714 596 2793 Qua
617 2715 788 2780 accinctus
811 2722 845 2780 et
857 2715 1013 2781 minax...
1033 2713 1182 2779 Helvidii
1199 2715 1400 2802 sapientiam
1416 2714 1518 2780 elusit
1533 2739 1564 2782 n.

328 2859 372 2873 —
384 2820 417 2887 8.
441 2846 456 2885 a
479 2823 602 2887 Ausim
615 2821 818 2887 contendere
828 2820 1028 2886 Marcellum
1044 2820 1133 2887 bunc
1154 2821 1305 2910 Eprium,
1324 2821 1365 2887 de
1377 2845 1445 2910 quo
1465 2823 1565 2887 modo

325 2928 460 2994 locutus
483 2952 572 3009 sum,
592 2935 626 2994 ct
646 2929 802 3017 Crispum
832 2928 1011 2996 Vibium...
1041 2952 1108 2993 non
1137 2929 1248 2993 minus
1273 2927 1425 2995 illustres
1441 2952 1515 2995 esse
1530 2930 1564 2994 in

327 3036 489 3101 extremis
511 3035 664 3125 partibus
689 3043 853 3101 terrarum
868 3059 969 3125 quam
991 3035 1126 3123 Capuae
1145 3044 1204 3101 aut
1224 3036 1398 3116 Vercellis,
1416 3035 1474 3101 ubi
1494 3037 1565 3103 nati

325 3142 524 3210 dicuntur...
541 3142 668 3208 Neuter
682 3142 832 3207 moribus
847 3142 1015 3229 egregius,
1033 3143 1118 3207 alter
1129 3142 1247 3208 habitu
1262 3164 1396 3232 quoque
1415 3144 1566 3231 corporis

325 3257 552 3338 contemptus,
570 3273 629 3338 per
648 3249 774 3315 multos
799 3250 865 3313 iam
886 3272 994 3314 annos
1008 3249 1235 3336 potentissimi
1251 3257 1332 3315 sunt
1351 3250 1562 3330 civitatis...;

327 3378 415 3422 nunc
436 3357 606 3444 principes
621 3358 655 3421 in
672 3356 826 3422 Caesaris
838 3356 1067 3444 (Vespasiani)
1085 3357 1233 3422 amicitia
1247 3355 1562 3444 ...Vespasianus...

325 3462 536 3550 intellegit...
568 3462 810 3533 Marcellum...
838 3471 872 3529 et
905 3464 1064 3551 Crispum
1099 3464 1254 3529 attulisse
1296 3463 1339 3528 ad
1381 3464 1564 3529 amicitiam

327 3594 435 3643 suam,
457 3570 547 3659 quod
573 3593 640 3634 non
664 3594 682 3634 a
706 3569 855 3657 principe
880 3570 1070 3658 acceperint
1094 3593 1156 3635 nec
1185 3570 1291 3658 accipi
1306 3570 1424 3658 possit.
1449 3607 1485 3621 -
1512 3572 1562 3637 13.

325 3677 504 3766 (Loquitur
531 3677 721 3762 Maternus)
748 3702 764 3741 a
788 3676 929 3764 Crispus
963 3678 1027 3742 iste
1061 3684 1094 3742 et
1121 3676 1315 3756 Marcellus,
1346 3676 1389 3741 ad
1419 3699 1563 3766 quorum

326 3784 482 3872 exempla
517 3807 569 3849 me
585 3807 699 3860 voeaS,
717 3784 799 3871 quid
816 3782 941 3848 babent
972 3785 1006 3847 in
1022 3784 1085 3848 bac
1099 3807 1160 3848 sua
1174 3783 1307 3850 fortuna
1323 3784 1565 3872 concupiscen-

325 3890 431 3956 dum?
450 3891 542 3980 quod
554 3892 687 3971 timent,
706 3914 749 3956 an
764 3890 856 3978 quod
877 3891 1103 3957 timentur?...
1125 3916 1142 3956 a

280 3997 432 4063 ERATO
445 3998 467 4065 ¹.
489 4036 533 4046 —
551 4022 583 4079 2,
601 4001 632 4075 4.
657 3997 682 4060 Τ
685 4004 834 4085 emptato
856 3997 912 4085 (ab
929 3998 1128 4085 Armeniis).
1152 4050 1158 4065 .
1174 3997 1318 4063 feminae
1339 3999 1492 4087 imperio,
1509 3999 1563 4065 cui

324 4127 447 4170 nomen
464 4104 579 4184 Erato,
596 4128 702 4193 eaque
723 4103 816 4169 brevi
830 4104 969 4193 pulsa...

280 4210 489 4278 ElllNDES.
514 4251 556 4262 -
577 4236 627 4290 ιι,
657 4236 705 4277 ιο.
725 4212 891 4300 (Gotarzi)
916 4214 1136 4278 contraitum
1157 4212 1200 4277 ad
1219 4235 1354 4279 amnem
1374 4212 1561 4294 Erinden²;

326 4319 360 4383 in
371 4319 467 4384 cuius
482 4326 738 4405 transgressu...
757 4319 899 4408 pervicit
916 4318 1100 4384 Vardanes.

282 4430 290 4449 ·
310 4426 478 4508 earm,
493 4452 527 4492 a.
545 4426 767 4492 aerianus,

313 4689 322 4723 ¹
338 4686 461 4736 Praeser.
478 4686 518 4735 63.

311 4768 511 4829 ²«Nusquam
537 4768 610 4829 quod
635 4768 719 4815 seiam
745 4771 834 4815 exstat
852 4767 972 4815 numinis
992 4769 1050 4815 eiua
1076 4764 1179 4817 mentio
1204 4772 1396 4831 praeterquam
1419 4766 1471 4816 boe
1496 4766 1566 4817 ioco.

282 4847 359 4895 t'ndc
373 4850 501 4910 suspecta
527 4848 591 4894 mihi
620 4849 754 4909 scriptura
782 4848 1114 4911 legendumquat'oriasse
1132 4848 1308 4906 Charindam,
1325 4847 1394 4896 Nam
1406 4847 1566 4896 Charindas

280 4929 444 4977 l'tolemaeo.
456 4928 479 4978 ὓ,
492 4941 515 4978 a,
527 4929 638 4990 ponitur
655 4929 725 4976 inter
740 4928 858 4976 Mediam
874 4933 899 4978 et
917 4930 1084 4992 Hyrcaniam
1097 4930 1258 4978 terminus...
1275 4928 1400 4977 Meminit
1412 4928 1563 4977 Charindae

279 5012 361 5060 etiam
374 5011 533 5058 Ammianus
553 5010 647 5066 Mare,
665 5009 703 5059 23,
720 5011 742 5056 a,
766 5010 900 5072 »(lti·ea}.
