3709 6234
847 851 947 901 utils
1482 847 1535 899 289

297 988 510 1056 immtritum.
543 988 681 1053 meliora
718 990 964 1076 capessiturum
994 988 1151 1053 Macrone
1171 988 1296 1055 duce...
1315 991 1331 1053 ’ἶ
1361 1027 1402 1037 -
1431 989 1462 1058 6.
1479 988 1533 1054 50.

298 1095 408 1161 Multo
422 1104 618 1183 gratantum
631 1119 796 1161 concursu
812 1095 854 1159 ad
869 1095 1031 1183 capienda
1048 1095 1180 1183 imperii
1194 1096 1378 1184 primordia
1395 1097 1434 1160 C.
1453 1097 1535 1163 Cae-

299 1228 353 1268 sar
368 1202 616 1289 egrediebatur.
634 1227 711 1268 cum
724 1212 860 1291 repente
878 1202 1029 1268 adfertur
1052 1202 1159 1268 redire
1188 1203 1321 1268 Tiberio
1351 1226 1468 1267 vocem
1497 1227 1535 1268 ac

297 1310 433 1376 risus..
449 1310 574 1374 Caesar
587 1310 621 1373 in
636 1309 807 1375 silentium
825 1312 912 1374 lixus
931 1334 949 1373 a
965 1334 1097 1374 sunnna
1110 1334 1169 1398 spe
1190 1311 1376 1375 novissima
1396 1333 1535 1398 exspec-

298 1417 401 1484 tabat.
424 1456 466 1466 -
485 1442 533 1494 ιι,
558 1442 583 1486 ι,
602 1417 799 1482 Sosibius..
817 1426 970 1481 moneret
986 1416 1209 1482 Claudium...
1223 1419 1439 1505 praecipuum
1457 1440 1535 1481 auc-

299 1534 405 1591 torem
423 1524 623 1611 (Valerium)
642 1526 832 1589 Asiaticum
854 1525 1078 1589 interliciendi
1100 1527 1127 1588 C
1140 1525 1161 1589 ¹.
1185 1524 1340 1619 Caesaris
1354 1548 1421 1589 non
1451 1526 1538 1589 exti-

300 1634 424 1698 muisse
434 1633 591 1697 contione
608 1633 640 1696 in
654 1632 770 1720 populi
784 1634 925 1698 ltomani
942 1632 1037 1697 lateri
1053 1632 1262 1720 gloriamque
1278 1631 1436 1697 facinoris
1446 1632 1536 1697 ultro

299 1749 422 1829 petere.
464 1776 510 1789 —
547 1765 595 1805 ιι.
629 1740 660 1806 Il.
699 1740 881 1826 (l'aleriusi
915 1740 1099 1810 Asiaticus.
1138 1763 1253 1806 ...eum
1285 1763 1320 1804 se
1361 1740 1535 1805 honestius

299 1846 483 1912 calliditate
509 1846 633 1911 'l'iberii
667 1845 719 1911 vel
753 1848 880 1935 impetu
914 1848 954 1911 C.
990 1848 1145 1912 Caesaris
1173 1848 1359 1934 periturum
1381 1846 1535 1925 dixisset,

297 1978 399 2042 quam
442 1954 532 2041 quod
585 1954 700 2018 lrmale
741 1953 897 2017 muliebri
935 1962 969 2018 et
1006 1954 1175 2042 impudico
1207 1954 1275 2041 (L.)
1311 1953 1437 2019 Vitellii
1480 1977 1537 2019 ore

299 2061 475 2127 caderet...
509 2101 543 2110 -
585 2086 633 2133 ιι,
661 2061 691 2129 8,
723 2059 951 2134 Mithridates,
981 2085 1080 2149 quem
1115 2061 1326 2149 imperitasse
1367 2061 1538 2126 Armeniis

301 2169 485 2255 iussuqucl
506 2169 907 2233 (15⁵caesareanorum
934 2169 1129 2233 memorari.
1148 2207 1190 2215 —
1208 2192 1257 2245 ιι,
1276 2192 1329 2256 29.
1360 2167 1535 2242 Callistus,

301 2276 367 2341 iam
382 2276 462 2339 mihi
475 2276 561 2340 eirca
585 2299 700 2339 necem
718 2277 756 2339 C.
775 2276 781 2313 '¹
797 2275 951 2339 Caesaris
964 2284 1175 2340 narratus—
1198 2300 1248 2344 ιι.
1264 2299 1316 2340 22.
1331 2274 1534 2342 Claudius...

299 2387 480 2471 (memorat
497 2381 638 2446 Lolliam
664 2380 853 2446 Paulinaml
867 2382 1028 2446 hlemmio
1044 2382 1214 2470 quondam
1231 2381 1361 2469 llegulo
1383 2389 1536 2470 nuptam.

302 2513 378 2554 nam
392 2489 488 2554 deC.
506 2490 661 2554 Caesaris
677 2489 805 2575 nuptiis
817 2489 972 2554 consulto
994 2488 1167 2554 reticebat.
1198 2528 1240 2538 —
1274 2512 1323 2562 ια,
1349 2489 1402 2565 54.
1431 2489 1538 2554 Prae-

304 2595 447 2662 buerant
468 2597 581 2662 Iudaei
598 2598 745 2684 speciem
762 2606 874 2662 motus
890 2606 963 2661 orta
982 2596 1159 2676 seditione,
1176 2603 1355 2684 postquam
1372 2619 1391 2659 a
1408 2599 1446 2659 C.
1460 2597 1540 2660 Cae·

300 2729 375 2770 aare
391 2706 472 2769 iussi
487 2716 584 2769 eran!
600 2707 749 2790 effipiam
766 2706 836 2769 eiua
852 2706 884 2768 iu
903 2705 1026 2790 templo
1042 2702 1268 2769 loea1·e⁵...-
1286 2703 1336 2783 13,
1361 2729 1386 2767 ι.
1406 2704 1538 2790 (lunius

306 2812 456 2898 Silanus)
478 2813 629 2898 segnis...
649 2812 731 2877 adeo
748 2821 782 2876 ut
803 2813 841 2877 C.
859 2811 982 2876 Caesar
995 2811 1158 2899 pecudem
1182 2834 1316 2875 auream
1334 2834 1410 2876 eum
1426 2811 1540 2900 appel-

305 2918 372 2984 lare
388 2919 509 2986 solitus
526 2920 638 2984 sit-
664 2920 713 2998 13,
732 2919 762 2986 3.
797 2920 905 2983 litium
927 2919 966 2983 C.
999 2918 1152 2983 Caesaris
1183 2917 1315 2983 turbata
1344 2942 1440 2983 mens
1469 2920 1539 2983 vim

304 3026 440 3091 dicendi
469 3050 535 3091 non
570 3027 730 3113 corrupit.
764 3066 805 3074 -
826 3027 874 3103 15,
896 3050 949 3113 72.
978 3025 1222 3113 (Nymphidius
1251 3025 1414 3112 Sabinus)
1432 3034 1538 3092 matre

303 3132 460 3198 libertina
483 3142 589 3206 ortus,
621 3157 706 3221 quac
735 3158 857 3221 eorpus
886 3132 1046 3198 decorum
1067 3133 1155 3197 inter
1184 3156 1300 3197 servos
1330 3132 1537 3222 libertosque

300 3241 490 3329 principum
505 3240 716 3328 vulgaverat.
732 3265 774 3305 ex
790 3240 828 3307 C.
851 3241 995 3305 Caesare
1006 3264 1041 3305 sc
1053 3241 1206 3326 genitum
1219 3237 1360 3316 serebat,
1373 3242 1534 3328 quoniam

303 3347 386 3413 lortc
402 3347 546 3437 quadam
568 3346 684 3412 habitu
698 3371 857 3435 procerus
871 3357 904 3413 et
922 3357 1016 3412 torro
1038 3347 1135 3413 vultu
1155 3357 1238 3428 erat,
1256 3348 1327 3411 sive
1340 3347 1378 3411 C.
1398 3347 1535 3422 Caesar,

301 3465 490 3521 scortorum
510 3457 810 3543 quoquceupiens,
833 3456 935 3520 etiam
971 3455 1067 3520 matri
1090 3456 1162 3519 eius
1195 3453 1385 3519 inlusit.—
1409 3455 1460 3534 16,
1485 3480 1536 3543 ¹7·

301 3560 677 3650 Neque..mult0post
711 3563 780 3626 rim
807 3561 871 3626 sibi
900 3562 1014 3627 attulit
1037 3561 1192 3649 (Anicius
1213 3560 1372 3646 Cerialis)
1411 3562 1540 3627 minore

300 3693 401 3758 quam
416 3670 516 3734 ceteri
537 3670 763 3746 miseratione,
782 3670 859 3758 quia
875 3669 1045 3757 proditam
1057 3668 1094 3736 C,
1118 3668 1253 3733 Caesari
1273 3667 1539 3733 coniurationem

299 3776 394 3841 abeo
412 3778 646 3842 meminerant.
665 3816 706 3825 -
725 3776 750 3852 l,
779 3777 826 3841 16.
865 3775 967 3841 «Sub
994 3775 1125 3840 Tiberio
1155 3784 1188 3840 et
1217 3776 1302 3840 Gaio
1328 3784 1361 3840 et
1392 3774 1538 3840 Claudio

300 3884 399 3948 unius
418 3883 564 3948 familiae
580 3885 674 3972 quasi
692 3883 860 3948 hereditas
885 3882 1011 3948 luimus
1034 3907 1062 3948 n.
1102 3923 1145 3932 -
1176 3881 1200 3963 l,
1222 3884 1277 3960 48.
1310 3881 1439 3971 (Stupri
1462 3904 1538 3948 cum

300 4013 402 4055 uxore
418 3991 519 4077 legati
540 3990 680 4054 Calvisii
701 3991 860 4055 Sabiniin
881 3991 964 4078 ipsis
980 3999 1168 4055 castrorum
1185 3989 1359 4078 principiis
1386 3989 1539 4077 admissi)

298 4084 375 4162 rcus
389 4097 484 4161 Titus
507 4098 626 4162 Vinius
642 4097 856 4184 arguebatur.
877 4097 983 4183 Igitur
999 4098 1092 4161 iussu
1118 4096 1156 4162 C.
1190 4095 1345 4162 Caesaris
1374 4105 1535 4163 oneratus

298 4204 437 4271 catenis.
462 4226 539 4267 mox
561 4205 746 4268 mutatione
764 4213 953 4292 temporum
971 4203 1173 4269 dimissus..
1208 4203 1282 4282 -Ι,
1301 4202 1443 4292 89.Sub
1479 4204 1539 4269 Ti-

298 4309 389 4396 berio
405 4318 438 4374 et
453 4310 537 4374 Gaio
561 4319 690 4376 tantum
715 4312 806 4399 pacis
827 4311 968 4376 adversa
989 4313 1032 4376 ad
1048 4333 1118 4376 rem
1134 4309 1305 4398 publicam
1332 4311 1536 4398 pertinuere.

298 4456 341 4466 -
361 4417 403 4495 ll,
424 4416 475 4502 76.
496 4417 619 4504 (Verba
644 4419 723 4483 lacit
749 4418 838 4505 apud
866 4418 1110 4505 Vespasianum
1136 4417 1328 4505 Mucianus)
1360 4415 1470 4482 aNon
1484 4419 1541 4485 ad·

243 4668 246 4672 -
289 4636 296 4669 ¹
314 4635 384 4684 Add.
404 4638 526 4700 Ruperti.

288 4716 411 4778 ²Suppl.
430 4717 547 4766 l'rliehs.

292 4795 388 4843 ³Add.
406 4797 542 4846 lleinsius.

291 4875 389 4925 6ΑιΙιΙ.
411 4877 538 4926 Faernus.

291 4955 302 4989 ³
320 4955 454 5004 Lacunam
469 4957 559 5019 suppl.
577 4957 663 5004 llause
680 4957 741 5005 coll.
757 4957 837 5004 llist..
855 4957 885 5005 Υ.
899 4973 921 5019 9.

326 5062 403 5116 Uarr.
417 5080 449 5111 m:
466 5064 545 5112 bros.
556 5091 584 5100 —
605 5065 697 5111 Fauna.
