3709 6234
730 849 874 901 forrata
894 848 1007 901 statut
1455 837 1507 893 557

275 986 364 1074 adigi
380 987 565 1053 iusserat...
588 1027 632 1040 -
648 987 709 1068 Ill,
732 991 786 1076 47.
808 988 925 1054 Subita
949 1011 1008 1076 per
1035 986 1183 1052 Pontum
1209 1007 1299 1049 arma
1328 982 1507 1050 barbarum

275 1095 492 1183 mancipium,
510 1096 620 1181 rogiae
636 1095 808 1184 quondam
828 1095 947 1161 classis
977 1093 1177 1184 praefectus,
1197 1100 1361 1158 moverat.
1385 1092 1417 1156 ls
1447 1093 1509 1158 fuit

275 1203 439 1267 Anicetus
469 1202 662 1268 Polemonis
677 1202 831 1283 libertus,
857 1210 1060 1291 praepotens
1083 1201 1165 1265 olinr
1187 1208 1232 1277 et,
1261 1209 1440 1288 postquam
1456 1224 1508 1265 re-

275 1333 380 1395 gnum
396 1310 430 1373 in
451 1310 593 1374 somnam
606 1310 968 1398 provinciacvcrtcrat,
983 1309 1181 1374 mutationis
1197 1308 1387 1396 impatiens.
1403 1308 1510 1394 lgitur

275 1417 403 1482 l'itellii
429 1418 564 1481 nominc
590 1417 727 1482 adscitis
756 1418 926 1504 gentibus,
957 1440 1042 1505 quac
1064 1418 1209 1482 Pontum
1244 1414 1444 1480 adcolunt...
1467 1453 1510 1463 -

278 1525 336 1598 lt',
354 1523 408 1590 83.
428 1524 622 1590 Ptolemaeo
639 1525 721 1610 regi,
741 1525 796 1613 qui
814 1524 1038 1589 Macedonum
1053 1525 1183 1613 primus
1198 1523 1347 1611 Aegypti
1363 1546 1445 1610 opes
1456 1524 1509 1586 lir-

276 1632 394 1706 marit,
419 1631 612 1697 ...oblatum
639 1656 699 1719 per
714 1632 904 1720 quictem...
921 1632 1090 1706 iuvenem,
1112 1631 1170 1720 qui
1186 1638 1349 1712 moneret,
1364 1638 1402 1695 ut
1418 1630 1510 1694 lidis·

276 1739 372 1803 simis
392 1739 576 1804 amicorum
593 1739 627 1803 in
648 1739 794 1804 Pontum
809 1739 921 1804 missis
933 1739 1078 1826 elligicm
1093 1739 1360 1804 suamacciret...
1380 1739 1510 1824 (Sacer-

276 1846 411 1911 dotibus
431 1846 696 1934 Aegyptiorum)
713 1846 812 1910 Ponti
827 1853 860 1911 ct
875 1854 1092 1911 externorum
1109 1869 1228 1934 parum
1244 1845 1371 1933 gnaris,
1398 1844 1510 1909 Timo-

279 1954 391 2019 theum
419 1954 705 2018 Atheniensem...
743 1953 940 2038 interrogat.
968 1954 1165 2019 Timotheus
1193 1953 1366 2042 quaesitis,
1396 1953 1453 2042 qui
1477 1952 1510 2017 in

277 2061 424 2126 Pontum
445 2068 625 2135 measseut,
644 2061 818 2146 cognoscit
834 2059 952 2124 urbem
973 2059 1041 2124 illic
1061 2061 1251 2148 Sinopen...

235 2166 657 2254 l’tlh'l'l'SOEl'XlNl'S).
672 2165 1088 2252 —12,6.l.llyzautium...
1103 2166 1245 2232 secundo
1256 2168 1352 2248 mari,
1367 2167 1444 2255 quia
1460 2167 1512 2231 vis

276 2275 419 2361 piscium
439 2274 616 2352 immensa,
636 2273 799 2338 Pouturu¹
817 2296 998 2360 erumpens
1022 2282 1056 2339 et
1075 2273 1221 2363 obliquis
1247 2274 1363 2340 subter
1387 2274 1512 2338 undam

278 2381 368 2445 saxis
381 2382 553 2456 (exterrita,
571 2381 697 2444 omisso
711 2380 850 2445 alterius
865 2380 974 2445 litoris
987 2382 1075 2445 llcxu
1091 2381 1153 2445 hos
1168 2381 1210 2446 ad
1222 2390 1341 2470 portus
1351 2381 1511 2447 defertur.

234 2487 460 2561 tutl'rnltn,
478 2488 647 2553 §.tutan
665 2486 899 2552 POl'l‘rtllrt'·l
917 2489 996 2572 (.l).
1019 2527 1060 2536 —
1081 2512 1129 2568 rr,
1150 2514 1180 2553 2.
1201 2488 1369 2577 (Suillius)
1381 2489 1513 2554 adulte·

278 2596 364 2660 rium
393 2595 567 2684 Poppaeae
603 2593 753 2679 (Valerio
776 2596 927 2660 Asiatico
955 2594 1202 2682 obiectabat)...
1234 2596 1443 2685 (Messalina)
1471 2596 1513 2662 ad

278 2703 459 2790 pernicicm
479 2702 653 2790 Poppaeae
674 2702 820 2779 festinat,
842 2702 987 2767 subditis
1003 2702 1061 2790 qui
1082 2710 1206 2768 terrore
1222 2704 1365 2768 carceris
1392 2704 1435 2768 ad
1456 2726 1513 2768 vo-

277 2808 458 2875 luntariam
479 2818 622 2874 mortem
642 2808 882 2897 propellerent,
900 2808 984 2874 adeo
1005 2810 1123 2896 ignaro
1158 2810 1329 2898 (Claudio)
1355 2810 1511 2893 Caesare,

280 2925 356 2982 ut...
381 2917 539 2981 maritum
552 2916 624 2980 eius
636 2916 827 3004 Scipionem
839 2925 1105 3003 percontaretur,
1123 2940 1182 2982 cur
1197 2918 1269 2982 sine
1285 2941 1389 2984 uxore
1403 2918 1515 2983 discu-

279 3024 448 3089 buisset...
471 3062 514 3072 -
529 3048 539 3087 ι
552 3048 578 3101 ι,
597 3026 627 3100 t.
649 3023 803 3110 Pergit...
820 3022 962 3088 Suillius
976 3023 1097 3089 addere
1109 3048 1184 3089 reos
1195 3025 1326 3114 equites
1342 3026 1514 3090 llomanos

278 3131 452 3209 inlustres,
465 3130 697 3220 quibusPetra
716 3139 991 3218 cognomentum.
1015 3133 1063 3197 At
1078 3155 1178 3197 causa
1198 3132 1291 3198 necis
1306 3157 1348 3198 ex
1363 3157 1413 3212 co,
1424 3131 1514 3222 quod

279 3239 416 3303 domum
438 3262 533 3303 suam
548 3238 728 3303 Mnesteris
746 3245 779 3303 ct
795 3237 972 3325 Poppaeae
983 3239 1222 3328 congressibus
1236 3240 1511 3328 praebuissent...

280 3347 433 3431 Rogatus
448 3346 650 3410 sententiam
672 3353 705 3410 et
720 3345 833 3432 Scipio
851 3366 858 3410 :
879 3373 893 3404 ιι
916 3345 1003 3410 Cum
1029 3346 1130 3425 idem,
1153 3348 1274 3435 inquit,
1296 3348 1336 3413 de
1357 3348 1515 3412 admissis

280 3454 456 3542 Poppaeae
478 3452 743 3539 sentiam,quod
762 3475 891 3530 omnes,
922 3460 1039 3541 putate
1071 3476 1124 3518 me
1158 3454 1247 3519 idem
1278 3454 1400 3535 dicere,
1423 3453 1514 3543 quod

280 3584 409 3626 omnes.
431 3589 446 3620 ιι
470 3600 503 3613 -
531 3560 579 3636 13,
617 3560 670 3636 153.
702 3558 833 3646 (Testes
863 3559 902 3624 P.
920 3559 1098 3648 Suillio)...
1126 3561 1244 3626 luliam
1278 3563 1379 3627 Drusi
1411 3562 1514 3627 tiliam

280 3669 508 3755 Sabinamque
530 3667 720 3754 Poppaeam
736 3666 778 3731 ad
792 3675 934 3732 mortem
955 3675 1048 3732 actas
1063 3675 1095 3732 et
1122 3667 1293 3733 Valerium
1323 3670 1513 3735 Asiaticum

279 3774 577 3863 (circumventum)
597 3773 889 3839 ...obiectabanct

237 3883 468 3967 (tartesus
499 3881 696 3967 saulx-t),
736 3880 903 3945 SABINA
943 3879 1168 3962 Ptll‘PrtEh,
1202 3882 1416 3950 POPPAEA
1441 3885 1457 3967 (
1483 3889 1513 3972 ),

281 3989 493 4054 AVot-'stt
509 3988 528 4053 '·.
541 4027 583 4037 —
604 3989 653 4069 13,
667 3990 720 4065 45.
739 3988 819 4053 Erat
835 3989 1018 4053 incivitate
1034 3989 1159 4054 Sabina
1181 3990 1349 4079 Poppaea,
1368 3992 1405 4057 T.
1425 3992 1515 4060 Ollio

281 4106 373 4186 patre
385 4097 510 4185 genita,
528 4096 587 4161 sed
598 4119 722 4160 nomen
737 4097 790 4160 avi
805 4097 948 4161 materni
970 4106 1173 4186 sumpserat,
1189 4098 1324 4163 inlustri
1354 4101 1514 4165 memoria

284 4203 569 4293 PoppaeiSabini.
579 4254 600 4270 ..
618 4204 704 4268 lluic
716 4203 850 4268 mulieri
865 4212 987 4268 cuncta
1005 4204 1069 4269 alia
1081 4203 1172 4270 luere
1188 4214 1320 4292 praeter
1335 4205 1514 4273 honestum

283 4314 444 4377 animum.
464 4312 595 4399 Quippe
616 4319 722 4376 mater
735 4311 819 4388 eius,
838 4312 960 4375 aetatis
987 4334 1067 4377 suae
1093 4312 1236 4378 feminas
1264 4313 1516 4401 pulchritudine

283 4443 512 4508 supergressa,
525 4419 667 4504 gloriam
681 4419 806 4507 pariter
821 4418 1005 4483 etsormam
1035 4418 1189 4500 dederat;
1216 4443 1298 4508 opes
1324 4420 1517 4488 claritudini

169 4597 182 4612 .
282 4529 415 4614 generis
431 4526 684 4592 sullicicbant...
699 4526 867 4612 Agentenr
880 4549 954 4590 cam
971 4526 1003 4589 in
1014 4527 1228 4591 matrimonio
1245 4526 1353 4592 llufrii
1370 4527 1517 4618 Crispini

270 4750 277 4783 ¹
293 4748 318 4799 Μ
332 4767 336 4798 :
350 4749 377 4797 in
394 4749 588 4810 rnetapontum.
601 4747 676 4797 Corr.
694 4747 816 4808 Ruperti.
833 4773 861 4781 -
880 4747 1002 4808 Lipsius:
1016 4747 1157 4796 innumera
1171 4748 1297 4796 Pontum.

269 4830 415 4886 2Ιίιι)ιιιι’.,
430 4829 486 4890 629.
500 4829 565 4875 l'iliu
583 4828 702 4890 Poppaei
719 4828 822 4875 Sabini.

270 4913 281 4943 ἒ*
297 4912 327 4958 l'.
344 4912 426 4958 ctiam
440 4926 474 4962 rr.
496 4908 572 4966 1:13,
589 4911 628 4967 45.

271 4992 280 5024 ⁴
297 4991 421 5044 l’nosor„
433 4992 488 5040 030.
507 4992 573 5039 Filia
591 4991 648 5038 cius
664 5004 732 5051 quac
747 4990 895 5052 praecedit.

333 5313 681 5535 ΓΚ
