3709 6234
359 888 412 942 502
958 893 1044 946 omo

403 1032 547 1098 Othonis
567 1032 687 1119 ignari,
709 1032 847 1098 Vitellio
863 1032 1017 1099 obstricti
1043 1034 1211 1120 (erant)...
1236 1032 1396 1097 transiere
1418 1032 1452 1096 in
1480 1040 1638 1119 partes...

402 1139 597 1226 (Petronius
614 1140 757 1205 Vrbicus
783 1139 894 1205 Norici
923 1139 1134 1229 procurator)
1158 1140 1246 1204 lidus
1263 1138 1388 1204 Othoni
1410 1139 1639 1227 putabatur...

400 1246 487 1319 -Ι,
510 1271 564 1336 7¹·
582 1246 671 1312 Otho
690 1248 825 1312 interim
849 1256 965 1312 contra
987 1271 1082 1335 spem
1103 1248 1254 1311 omnium
1282 1269 1349 1311 non
1371 1245 1500 1312 deliciis
1529 1268 1641 1334 neque

401 1353 531 1418 desidia
545 1362 775 1443 torpescere...
799 1355 868 1419 Nec
886 1354 976 1421 Otho
1007 1356 1105 1444 quasi
1134 1355 1326 1442 ignosceret
1355 1353 1476 1442 (Mario
1508 1353 1638 1440 Celso),

401 1460 503 1527 sed...
523 1462 637 1526 statim
659 1462 747 1526 inter
762 1462 902 1527 intimos
917 1463 1045 1527 amicos
1066 1463 1183 1527 habuit
1198 1471 1232 1526 ct
1257 1485 1336 1525 mox
1349 1460 1441 1526 bello
1455 1461 1545 1526 inter
1574 1461 1638 1526 du-

400 1591 456 1633 ces
484 1568 622 1655 delegit.
649 1570 841 1658 mansitque
869 1569 969 1635 Celso
988 1570 1084 1633 velut
1114 1568 1260 1634 fataliter
1292 1568 1393 1633 etiam
1420 1591 1480 1655 pro
1504 1568 1640 1634 Othone

401 1674 485 1740 tides
506 1676 636 1760 integra
657 1685 690 1740 et
718 1676 845 1741 infelix.
864 1677 1016 1763 —l,73.
1047 1676 1165 1740 Calvia
1196 1674 1430 1763 Crispinilla...
1466 1675 1640 1739 consulari

400 1783 612 1847 matrimonio
628 1782 774 1847 subnixa
789 1792 823 1848 et
836 1783 924 1870 apud
941 1783 1098 1860 Galbam,
1118 1782 1483 1859 Otlronem‚Vitellium
1495 1782 1637 1847 inlaesa.

399 1889 485 1964 -Ι,
503 1892 557 1978 74.
576 1889 763 1956 Crebrae...
780 1889 821 1954 ab
838 1890 971 1955 Othone
992 1889 1033 1954 ad
1055 1890 1232 1955 Vitellium
1253 1889 1420 1977 epistulae
1450 1888 1639 1954 ollerebant

401 1997 579 2084 pecuniam
603 2005 637 2061 et
660 1998 805 2083 gratiam
841 2005 875 2061 et
907 2020 1155 2085 quemcumque
1184 1998 1308 2085 quietis
1339 1996 1452 2061 locum
1476 1996 1640 2085 prodigae

398 2104 486 2168 vitae
501 2103 682 2190 legisset...
702 2104 803 2182 Otho,
827 2105 993 2169 revocatis
1014 2127 1100 2192 quos
1116 2103 1223 2169 Galba
1240 2104 1378 2169 miserat
1398 2102 1531 2191 legatis,
1564 2128 1639 2169 rur-

398 2234 457 2276 sus
474 2211 516 2275 ad
526 2220 708 2300 utrumque
724 2212 965 2276 Germanicum
977 2212 1205 2277 exercitum...
1221 2213 1332 2299 specie
1348 2219 1484 2277 senatus
1501 2212 1635 2278 misit...

401 2318 623 2392 l'raetoriani‚
645 2342 731 2406 quos
744 2342 803 2406 per
823 2319 1074 2384 simulationem
1090 2319 1191 2383 officii
1222 2319 1344 2406 legatis
1364 2318 1452 2383 Otho
1473 2318 1640 2384 adiunxe-

399 2433 461 2492 rat.
484 2426 616 2490 remissi
633 2433 816 2514 antequam
836 2425 1027 2513 legionibus
1046 2426 1312 2491 miscerentur...
1329 2425 1455 2490 Fabius
1466 2426 1636 2495 Valens...

402 2533 571 2621 (epistulis
602 2535 847 2620 praetorianos)
885 2533 1093 2621 increpabat,
1129 2532 1220 2621 quod
1247 2540 1341 2598 tanto
1371 2540 1449 2598 ante
1473 2533 1637 2598 traditum

400 2641 535 2705 Vitellio
556 2642 734 2729 imperium
753 2641 796 2705 ad
812 2641 981 2707 Othonem
999 2642 1192 2707 vertissent.
1215 2640 1299 2718 -l,
1326 2641 1378 2728 75.
1415 2641 1634 2707 lnsidiatores

400 2747 442 2812 ab
459 2748 591 2813 Othone
611 2750 645 2813 in
661 2748 888 2823 Germaniam,
907 2772 925 2813 a
947 2748 1084 2813 Vitellio
1114 2750 1148 2813 in
1170 2748 1286 2812 urbem
1312 2749 1449 2816 missi...
1477 2749 1638 2815 Vitellius

399 2855 530 2921 litteras
546 2855 588 2920 ad
604 2856 773 2921 Titianum
790 2856 929 2921 fratrem
943 2856 1088 2921 Othonis
1102 2857 1333 2945 composuit...
1349 2857 1392 2923 Et
1407 2857 1503 2922 stetit
1513 2856 1637 2922 domus

400 2971 554 3051 utraque,
573 2962 636 3027 sub
657 2962 791 3029 Othone
806 2964 971 3030 incertum
991 2987 1033 3027 an
1056 2972 1159 3040 metu,
1178 2963 1336 3028 Vitellius
1355 2964 1464 3029 victor
1480 2964 1638 3030 clemen-

383 3071 466 3135 tiae
481 3070 623 3157 gloriam
638 3070 729 3135 tulit.
745 3108 789 3119 —
807 3072 831 3139 l.
851 3070 904 3159 76.
936 3071 1069 3136 Primus
1099 3070 1227 3136 Othoni
1254 3071 1411 3136 fiduciam
1440 3071 1572 3138 addidit
1593 3097 1635 3138 ex

400 3176 535 3264 Illyrico
551 3178 702 3259 nuntius.
719 3179 847 3242 iurasse
869 3178 902 3241 in
918 3201 996 3243 enm
1019 3178 1208 3244 Dalmatiae
1229 3202 1267 3243 ac
1289 3179 1483 3244 Pannoniae
1495 3187 1529 3245 et
1544 3180 1637 3247 Moe·

399 3284 466 3348 siae
489 3284 681 3370 legiones..
698 3284 747 3349 Ne
765 3286 950 3372 Aquitania
975 3285 1123 3373 quidem,
1142 3309 1348 3373 quamquam
1364 3285 1405 3350 ab
1427 3286 1512 3351 lulio
1525 3287 1638 3353 Cordo

403 3393 434 3455 in
453 3392 553 3456 verba
575 3392 718 3456 Othonis
733 3392 907 3464 obstricta,
930 3393 987 3456 diu
1004 3394 1170 3457 mansit...
1191 3394 1409 3481 longinquae
1426 3395 1637 3481 *provinciae

400 3508 433 3563 et
449 3499 613 3587 quidquid
638 3523 809 3565 armorum
831 3501 914 3563 mari
938 3499 1108 3564 dirimitur
1133 3524 1236 3588 penes
1264 3502 1432 3566 Othonem
1462 3501 1635 3581 manebat,

400 3630 467 3670 non
494 3608 640 3693 partium
679 3607 803 3681 studio,
836 3607 938 3671 sed...
969 3606 1142 3672 ludaicum
1172 3609 1357 3673 exercitum
1392 3608 1636 3696 Vespasianus,

397 3713 675 3801 Syriaelegiones
692 3715 869 3778 Mucianus
887 3724 1097 3779 sacramento
1127 3716 1271 3779 Othonis
1298 3716 1451 3803 adegere.
1472 3755 1513 3763 -
1534 3717 1560 3789 l,
1581 3743 1635 3805 77.

400 3822 488 3886 Otho
518 3829 555 3886 ut
583 3822 617 3884 in
648 3821 753 3886 multa
781 3845 861 3909 pace
894 3824 1009 3886 munia
1040 3823 1170 3910 imperii
1206 3822 1362 3888 obibat...
1402 3822 1531 3887 Consul
1559 3849 1637 3889 cum

396 3916 527 3992 'litiano
545 3929 645 3992 tratre
662 3930 694 3992 in
711 3929 873 3993 kalendas
894 3929 1036 3993 blartias
1053 3931 1165 4017 ipse...
1186 3931 1274 3995 Otho
1291 3932 1509 4019 pontiticatus
1525 3955 1636 4020 augu-

399 4045 557 4123 ratusque
575 4036 748 4100 honoratis
764 4038 829 4099 iam
844 4036 1022 4100 senibus..
1035 4038 1165 4102 addidit
1178 4046 1277 4103 aut...
1290 4038 1421 4103 nobiles
1437 4038 1637 4104 adulescen-

399 4142 488 4207 tulos
505 4144 604 4207 avitis
624 4168 660 4207 ac
684 4145 833 4230 paternis
854 4144 1093 4210 sacerdotiis..
1126 4146 1340 4210 recoluit—
1380 4146 1405 4224 l,
1425 4150 1478 4234 78.
1509 4146 1635 4212 Othoni

397 4250 597 4338 quibusdam
612 4250 731 4314 diebus
746 4251 890 4336 populus
909 4259 942 4315 et
959 4252 1095 4317 miles...
1116 4253 1241 4316 Neroni
1269 4255 1394 4317 Othoni
1416 4253 1633 4320 adclamavit.

397 4396 440 4408 —-
453 4358 478 4428 l.
503 4382 554 4445 79.
574 4358 676 4421 Laeto
702 4358 834 4421 Othone
851 4359 907 4438 (ob
925 4383 978 4422 res
1005 4360 1038 4422 in
1057 4358 1273 4424 llhoxolanos
1288 4361 1431 4424 feliciter
1455 4365 1584 4447 gestas)
1601 4373 1635 4427 et

397 4466 539 4551 gloriam
551 4466 584 4529 in
601 4490 636 4529 se
653 4465 817 4530 trahente.
837 4505 879 4514 —
895 4467 920 4537 l.
937 4470 989 4531 80.
1006 4469 1192 4554 Septimam
1214 4469 1379 4533 decimam
1403 4470 1576 4535 cohortem
1592 4495 1634 4536 ex

397 4573 527 4636 colonia
544 4573 692 4636 Ostiensi
709 4574 741 4635 in
758 4573 876 4637 urbem
896 4575 995 4638 acciri
1017 4573 1105 4638 Otho
1121 4576 1304 4642 iusserat...
1328 4577 1456 4641 Fremit
1476 4577 1631 4651 miles...

398 4688 570 4767 tamquam
586 4679 732 4744 larniliae
752 4688 947 4744 senatorum
964 4681 1005 4744 ad
1022 4683 1202 4769 perniciem
1238 4683 1382 4746 Othonis
1409 4694 1633 4751 armarentur.

396 4825 441 4836 —
457 4787 482 4853 l.
509 4787 562 4850 81.
586 4786 666 4850 Erat
684 4788 807 4850 Othoni
843 4787 974 4851 celebre
1010 4790 1203 4852 convivium
1222 4790 1427 4876 primoribus
1439 4792 1572 4856 leminis
1585 4794 1634 4856 vi-

396 4893 519 4981 risque.
537 4895 601 4971 Qui
613 4895 774 4980 trepidi...
788 4894 932 4958 Othonis
943 4894 1075 4959 vultum
1091 4896 1270 4975 intueri...;
1289 4921 1365 4960 cum
1382 4899 1516 4962 timeret
1529 4898 1631 4975 Otho,

396 5000 585 5067 timebatur.
603 5039 647 5050 -
668 5001 692 5071 l.
712 5006 765 5066 82.
781 5002 923 5088 (llilitcs
937 5002 971 5066 in
990 5002 1156 5069 l'alatium
1172 5005 1380 5092 irrumpunt)
1407 5006 1538 5073 ostendi
1566 5007 1631 5073 sibi
