3709 6234
286 869 339 924 aar
874 869 970 922 estu

331 1012 523 1078 consedere.
551 1051 588 1062 -—
622 1012 676 1086 ll',
700 1013 755 1080 58.
787 1009 1025 1098 tContionatur
1044 1010 1132 1098 apud
1158 1011 1283 1076 milites
1303 1011 1445 1100 l'oeula)
1464 1038 1480 1072 a
1498 1011 1565 1084 An.

332 1121 360 1185 si
376 1121 418 1185 ad
435 1121 567 1185 moenia
581 1119 673 1184 urbis
689 1118 850 1183 Germani
866 1117 1022 1206 Gallique
1038 1117 1210 1198 duxerint,
1227 1142 1319 1184 arma
1340 1119 1468 1207 patriae
1484 1119 1568 1184 inle-

332 1228 436 1293 retis'?
457 1255 471 1284 0
493 1267 535 1276 -
551 1227 607 1296 ll'.
630 1226 683 1290 61.
714 1226 837 1312 (lulius
866 1224 1001 1310 Civilis)
1022 1225 1104 1289 fisus
1124 1226 1368 1290 Germanorum
1382 1225 1506 1314 opibus
1521 1233 1564 1304 et,

332 1336 360 1400 si
374 1334 571 1399 certandum
585 1334 748 1398 adversus
759 1331 878 1396 Gallos
891 1331 932 1396 de
945 1333 1160 1419 possessione
1176 1356 1287 1398 rerum
1304 1333 1401 1414 foret,
1420 1333 1568 1398 inclutus

333 1443 420 1508 131113
455 1451 489 1506 et.
515 1441 637 1528 potior.
668 1479 712 1490 -
748 1439 804 1520 lv,
840 1439 895 1503 62.
940 1439 1107 1505 lterulsae
1128 1441 1368 1528 imperatorum
1388 1441 1567 1526 imagines,

333 1550 497 1615 inhonora
523 1549 630 1633 signa.
649 1546 858 1632 fulgentibus
874 1546 1040 1611 hincinde
1052 1547 1228 1612 Gallorum
1240 1547 1386 1612 vexillis,
1401 1587 1435 1598 —
1450 1547 1566 1635 ll'.71.

333 1655 475 1721 Petilius
491 1655 673 1721 t'lerialis...
696 1654 881 1723 dilectus...
908 1654 941 1718 in
967 1655 1122 1720 civitates
1138 1655 1320 1721 remittit...
1336 1655 1444 1721 Auxit
1457 1678 1496 1720 ea
1516 1679 1569 1721 res

332 1763 507 1828 Gallorum
523 1762 735 1848 obsequium.
753 1800 796 1812 -
818 1762 875 1841 ll'‚
898 1761 953 1850 73.
967 1762 1075 1846 (ldem
1090 1761 1192 1826 rerba
1208 1761 1288 1828 facit
1301 1762 1391 1850 apud
1405 1762 1569 1828 Treveros

335 1871 585 1957 Lingonesque)
619 1897 632 1926 a
649 1869 786 1932 Terram
797 1877 944 1934 vestram
961 1878 1216 1958 ceterorumque
1235 1868 1410 1934 Gallorum
1426 1869 1569 1954 ingressi

332 1986 412 2043 sunt
428 1977 530 2041 duces
548 1977 833 2065 imperatoresque
853 1977 996 2040 1131113111
1016 1975 1110 2040 1111113
1128 1977 1297 2063 cupidine,
1310 1977 1369 2042 sed
1383 1975 1569 2042 maioribus

334 2085 455 2151 vestris
468 2083 704 2148 invocantibus
723 2107 751 2149 1).
774 2122 818 2134 -
844 2085 900 2160 lv,
917 2083 970 2170 76.
998 2083 1116 2148 Givilis
1136 2083 1325 2171 (censebat)
1345 2083 1569 2171 opperiendas

332 2192 665 2256 Transrhenanorum
681 2199 841 2276 gentes...
864 2189 982 2254 Gallos
996 2191 1077 2278 quid
1094 2190 1186 2255 aliud
1206 2213 1306 2279 quam
1323 2189 1483 2278 praedam
1498 2190 1569 2255 vic-

335 2299 484 2365 toribus?
503 2304 672 2373 ettamen,
691 2297 780 2385 quod
796 2296 926 2361 roboris
939 2299 996 2379 sit,
1020 2298 1141 2384 Belgas
1154 2321 1268 2363 sccum
1283 2297 1394 2385 palam
1410 2305 1469 2363 aut
1488 2305 1569 2363 voto

333 2416 434 2474 stare.
454 2445 496 2454 —
514 2407 570 2484 lt',
590 2409 643 2493 78.
662 2406 766 2469 'lutor
789 2413 822 2469 ct
843 2405 1015 2470 Classicus
1044 2413 1077 2470 et
1097 2405 1216 2470 Givilis
1236 2405 1305 2470 suis
1325 2405 1469 2494 quisquc
1484 2404 1568 2470 loeis

333 2537 482 2604 pugnam
503 2512 648 2580 ciebant.
682 2511 799 2575 Gallos
832 2535 892 2599 pro
922 2511 1089 2586 libertate.
1110 2514 1255 2578 Batavos
1269 2535 1329 2601 pro
1344 2511 1464 2598 gloria,
1485 2514 1569 2577 Ger-

335 2644 453 2686 manos
469 2621 509 2684 ad
535 2619 693 2708 praedam
710 2620 925 2705 instigantes.
943 2657 986 2669 -
1004 2621 1042 2685 G.
1062 2644 1087 2686 1.
1109 2620 1289 2685 Germania
1305 2618 1443 2684 omnisa
1459 2618 1568 2684 Gallis

337 2727 518 2815 ltaetisque
534 2734 567 2792 et
584 2727 769 2791 Pannoniis
798 2726 915 2790 ltbeno
931 2734 965 2792 et
986 2727 1140 2791 11333110
1170 2726 1408 2791 fluminibus...
1431 2749 1567 2814 separa-

339 2843 403 2900 tur.
423 2873 462 2883 -
481 2858 512 2899 2.
531 2834 731 2897 Germaniae
746 2832 949 2897 vocabulum
974 2856 1091 2898 recens
1116 2841 1149 2898 et
1182 2856 1289 2921 nuper
1303 2832 1469 2912 additum,
1486 2855 1568 2921 quo-

335 2942 423 3005 niam
445 2941 503 3027 qui
518 2940 616 3027 primi
641 2939 793 3003 llbenum
815 2941 1018 3025 transgressi
1050 2940 1168 3005 Gallos
1194 2939 1385 3028 expulerint
1419 2961 1457 3004 ae
1476 2961 1566 3005 nunc

336 3047 475 3134 Tungri.
493 3055 572 3112 tunc
589 3048 749 3111 Germani
765 3047 877 3111 vocati
897 3047 977 3114 sint.
1004 3086 1042 3096 —
1064 3047 1118 3112 28.
1145 3047 1335 3112 Validiores
1355 3046 1435 3112 olim
1452 3045 1567 3111 Gallo·

334 3178 408 3219 rum
425 3177 477 3219 res
492 3154 594 3220 luisse
610 3176 762 3220 summus
772 3161 888 3219 auctor
905 3155 1012 3219 Divus
1026 3154 1132 3219 lulius
1147 3154 1266 3234 tradit;
1284 3176 1391 3244 eoque
1406 3152 1566 3219 credibile

333 3271 385 3327 est
399 3262 501 3326 etiam
515 3261 632 3326 Gallos
652 3262 686 3325 in
700 3260 916 3325 Germaniam
936 3268 1210 3348 transgressos...
1234 3261 1260 3324 'l
1263 3261 1369 3326 reveri
1399 3268 1434 3326 et
1451 3259 1567 3324 Nervii

333 3368 420 3432 circa
449 3367 709 3433 adfectationem
739 3368 958 3432 Germanicae
987 3367 1127 3452 originis
1162 3367 1250 3431 ultro
1284 3367 1454 3432 ambitiosi
1473 3374 1565 3444 sunt,

335 3484 506 3564 tamquam
535 3498 593 3563 per
620 3476 705 3539 hanc
731 3473 874 3559 gloriam
897 3475 1071 3560 sanguinis
1094 3497 1112 3537 a
1133 3473 1354 3540 similitudine
1381 3481 1415 3539 ct
1447 3473 1565 3538 inertia

334 3582 509 3646 Gallorum
535 3590 744 3669 separentur.
779 3620 821 3629 —
839 3605 892 3666 29·
916 3580 992 3644 Non
1009 3582 1254 3646 numeraverim
1266 3583 1353 3646 inter
1365 3581 1566 3645 Germaniae

333 3690 518 3777 populos...
537 3713 605 3766 eos,
624 3690 682 3777 qui
698 3688 892 3753 decumatcs
912 3711 1012 3772 agros
1027 3697 1201 3760 exercent:
1220 3687 1413 3752 levissimus
1424 3688 1566 3776 quisque

333 3795 506 3861 Gallorum
523 3805 557 3861 et
580 3797 689 3883 inopia
707 3795 815 3860 audax
831 3794 951 3859 dubiae
971 3797 1194 3882 possessionis
1213 3796 1323 3860 solum
1344 3818 1563 3882 occupavere.

334 3941 376 3950 —
401 3905 444 3968 .·l.
473 3927 522 3968 13.
543 3902 754 3970 1111133313...
773 3902 881 3990 spatio
903 3926 939 3966 ac
955 3902 1048 3966 caclo
1081 3904 1115 3967 in
1130 3905 1302 3968 llrientem
1321 3903 1563 3967 Germaniae...

334 4007 541 4086 obtenditur,
556 4009 664 4074 Gallis
680 4012 712 4074 in
730 4009 903 4074 meridiem
931 4010 1033 4074 ctiam
1062 4010 1251 4098 inspicitur.
1279 4048 1321 4061 -
1347 4035 1394 4074 ιι.
1416 4007 1566 4072 Proximi

334 4114 442 4179 Gallis
459 4116 642 4201 (llritanni)
664 4125 696 4180 et
717 4116 844 4181 similes
874 4125 966 4197 sunt,
1006 4141 1064 4181 seu
1086 4117 1229 4183 durante
1240 4118 1380 4203 originis
1399 4117 1445 4196 vi,
1463 4138 1563 4181 seu...

334 4221 371 4285 ln
388 4224 582 4287 universum
596 4232 706 4288 tamen
721 4225 912 4288 aestimanti
928 4223 1045 4288 Gallos
1060 4225 1206 4289 vicinam
1222 4223 1367 4289 insulam
1383 4244 1566 4310 occupasse

334 4328 493 4393 credibile
520 4338 612 4395 est...
639 4330 719 4393 l'lus
742 4339 852 4394 tamen
879 4330 1020 4395 lcrociae
1039 4331 1192 4396 llritanni
1212 4331 1417 4418 praeferunt,
1432 4338 1566 4418 utquos

335 4435 484 4499 nondum
521 4435 620 4519 longa
651 4461 715 4525 pax
746 4436 936 4504 ernollicrit.
964 4438 1049 4502 Nam
1065 4437 1182 4502 Gallos
1197 4461 1331 4526 quoque
1347 4439 1380 4501 in
1395 4436 1495 4501 bellis
1507 4437 1567 4500 llo·

336 4544 441 4607 ruisse
461 4544 669 4630 accepimus;
689 4567 766 4607 mox
782 4545 923 4631 segnitia
940 4569 1015 4608 cum
1037 4546 1105 4609 otio
1122 4546 1300 4611 13113111...
1318 4544 1415 4622 Quod
1436 4543 1566 4608 11111311-

335 4674 452 4714 norum
470 4650 550 4713 olim
568 4652 664 4715 vietis
680 4651 802 4716 evenit.
828 4651 937 4716 Ceteri
961 4661 1098 4717 manent
1114 4652 1231 4740 quales
1251 4651 1340 4716 Galli
1356 4651 1502 4716 luerunt.
1523 4687 1567 4698 -

336 4784 351 4820 a.
363 4783 388 4824 ι,
407 4757 596 4844 (Agricola)
613 4758 745 4842 ingenia
768 4758 1005 4823 Britannorum
1027 4759 1149 4823 studiis
1164 4759 1339 4823 Gallorum
1356 4757 1522 4822 anteferre
1543 4809 1564 4824 ..

334 4904 376 4912 -
407 4865 459 4928 32.
477 4865 657 4952 (Loquitur
670 4864 852 4951 Calgacus)
869 4895 883 4926 a
908 4867 979 4930 Nisi
1001 4867 1027 4929 si
1046 4866 1163 4930 Gallos
1185 4874 1217 4931 et
1237 4869 1425 4930 Germanos
1443 4865 1566 4953 (quiin

334 4972 481 5035 exercitu
506 4972 657 5035 1131113113
674 4979 808 5058 sunt)...
828 4973 892 5038 lide
903 4982 934 5038 et
950 4973 1082 5038 mllectu
1099 4974 1203 5039 teneri
1215 4974 1383 5061 putatis...
1398 4972 1567 5037 Recorda-
