3709 6234
772 858 942 911 linoltus
1441 861 1495 915 709

256 997 449 1085 provinciae
465 998 590 1064 redacti
611 1004 652 1079 Q.
671 999 854 1064 Veranium
872 1000 1023 1086 legatum
1036 1024 1207 1090 accepere.
1226 1041 1270 1053 -
1282 1027 1313 1084 2,
1330 1007 1384 1093 715.
1395 1003 1493 1090 (Sen-

256 1106 377 1188 tius)...
400 1106 624 1171 Martinamin
643 1106 758 1172 urbem
776 1108 869 1173 misit
882 1108 1136 1196 postulantibus
1155 1109 1332 1175 Vitellioet
1347 1111 1492 1177 Veranio

257 1213 486 1301 ceterisque...
504 1252 546 1262 —
567 1213 598 1294 3,
622 1238 670 1279 ro.
685 1213 859 1281 Fulcinius
874 1215 952 1280 Trio
967 1216 1124 1282 Pisonem
1140 1217 1230 1305 apud
1243 1217 1401 1284 consules
1415 1243 1492 1308 pos-

257 1318 389 1385 tulavit.
404 1320 529 1385 Contra
545 1321 704 1387 Vitellius
717 1345 754 1387 ac
772 1322 1117 1413 Veraniusceterique
1127 1324 1367 1391 Germanicum
1380 1327 1490 1392 comi-

259 1427 318 1491 tati
335 1427 519 1493 tendebant
539 1428 652 1494 nullas
666 1451 741 1494 esse
763 1437 876 1518 partes
889 1431 1061 1508 Trioni...
1079 1455 1155 1497 sc...
1175 1432 1335 1498 mandata
1353 1432 1491 1500 Germa·

258 1534 323 1598 nici
339 1535 540 1622 perlaturos.
558 1574 598 1584 -
619 1537 650 1612 3,
676 1537 724 1602 13.
739 1538 907 1603 Servaeus
921 1546 955 1604 et
970 1538 1136 1604 Veranius
1151 1546 1185 1605 et
1196 1539 1354 1606 Vitellius
1373 1543 1492 1606 consi-

257 1641 328 1706 mili
358 1642 471 1707 studio
493 1643 570 1727 (Cn.
595 1645 753 1709 Pisonem
787 1649 1015 1732 accusavere).
1040 1683 1078 1695 -
1102 1645 1132 1724 3,
1156 1670 1206 1734 ¹7·
1242 1646 1492 1733 (Querebantur

255 1750 387 1836 optimi]
406 1750 534 1816 Vitellii
549 1759 583 1816 et
599 1752 732 1816 Veranii
746 1776 828 1818 voce
843 1752 1003 1819 delletum
1017 1754 1196 1818 Caesarem
1208 1754 1489 1844 (Germanicum),

254 1857 296 1922 ab
313 1858 558 1945 imperatore...
577 1859 749 1924 defensam
765 1859 975 1927 Plancinam.
993 1901 1036 1910 -
1056 1860 1154 1949 3‚19.
1175 1862 1295 1927 Paucis
1322 1871 1400 1951 post
1419 1863 1490 1928 die-

256 1963 319 2029 bus
335 1965 461 2031 Caesar
475 1974 593 2032 auctor
608 1969 740 2033 senatui
759 1967 822 2032 luit
840 1967 978 2033 Vitellio
999 1977 1101 2057 atque
1126 1969 1271 2034 Veranio
1286 1978 1319 2036 et
1345 1971 1490 2037 Servaeo

255 2074 442 2139 sacerdotia
459 2074 639 2139 tribuendi.
651 2112 693 2123 —
710 2096 760 2154 12,
778 2078 809 2141 5.
828 2077 866 2140 C.
888 2076 1048 2163 Pompeio
1063 2075 1104 2155 Q.
1120 2076 1263 2141 Veranio
1279 2077 1487 2145 consulibus.

253 2219 294 2232 -
318 2185 369 2259 ¹4.
393 2207 445 2268 29.
465 2183 649 2247 Successor
665 2185 676 2268 l
692 2184 735 2247 Α.
753 2182 843 2248 Didii
864 2184 897 2247 in
926 2184 1114 2268 Britannia)
1145 2185 1329 2249 Veranius¹
1348 2185 1490 2251 modicis

255 2289 456 2355 excursibus
473 2288 604 2356 Siluras
619 2289 815 2377 populatus,
837 2292 919 2379 quin
940 2290 1028 2356 ultra
1048 2290 1176 2356 bellum
1192 2292 1369 2379 proferret,
1383 2302 1491 2359 morto

255 2396 445 2485 prohibitus
457 2406 519 2473 est,
538 2419 675 2484 magna,
693 2397 772 2463 dum
790 2399 888 2476 vixit,
903 2399 1094 2463 severitatis
1111 2399 1211 2480 lama,
1226 2400 1394 2488 supremis
1424 2409 1491 2466 tes-

258 2505 397 2570 tamenti
414 2504 527 2569 verbis
541 2505 739 2571 ambitionis
756 2505 957 2570 manifestus
976 2526 982 2580 ;
1005 2506 1130 2594 quippe
1147 2504 1255 2570 multa
1272 2506 1305 2570 in
1323 2505 1490 2572 Neronem

254 2611 446 2678 adulatione
463 2612 595 2679 addidit
610 2612 839 2678 subiecturum
864 2614 894 2678 ei
916 2613 1125 2700 provinciam
1154 2612 1272 2686 fuisse.
1306 2614 1334 2677 si
1355 2610 1490 2679 biennio

254 2722 407 2809 proximo
423 2722 577 2788 vixisset.
594 2760 636 2769 -
650 2722 695 2786 .·l.
719 2724 768 2798 nl.
797 2720 933 2786 Didium
949 2719 1100 2805 (Callum
1114 2720 1311 2785 Britanniae
1325 2720 1489 2812 legatum)

255 2827 441 2892 Veranius²
456 2829 600 2915 excepit.
619 2829 714 2916 isque
735 2829 823 2894 intra
836 2851 962 2893 annum
980 2828 1171 2893 exstinctus
1190 2827 1273 2893 eset.

210 2935 376 2999 Vssltnx.
408 2974 451 2983 -
488 2935 528 3006 V.
557 2959 609 3001 20.
642 2933 853 3000 l’raesidia...
891 2933 1011 2999 Civilis
1045 2933 1290 3022 quadripertito
1320 2935 1487 3018 (invasit).

256 3044 341 3108 ...ita
358 3043 476 3107 divisis
495 3043 613 3130 copiis,
637 3050 674 3107 ut
696 3043 768 3130 ipse.
792 3051 821 3106 et
846 3043 955 3106 Verax
986 3064 1099 3106 sorore
1114 3042 1186 3105 eius
1201 3042 1349 3123 genitus,
1366 3041 1490 3107 Classi-

254 3173 379 3237 cusque
408 3173 446 3214 ac
475 3150 580 3214 'l'utor
606 3172 701 3213 suam
731 3150 875 3237 quisque
910 3171 1047 3213 manum
1084 3148 1264 3214 traherent.
1302 3186 1342 3198 -
1369 3147 1409 3219 V.
1433 3173 1486 3214 21.

255 3258 413 3324 Civilis...
433 3257 646 3345 relictoequo
660 3257 858 3327 tranatavit:
876 3255 964 3320 idem
987 3256 1116 3320 l'eraci'l
1134 3255 1312 3340 ellugiurn:
1330 3256 1489 3322 'l'utoreru

255 3365 512 3451 Classicumque
532 3363 694 3450 adpulsae
710 3362 828 3427 lintres
848 3386 982 3428 rexere.

210 3471 490 3537 VllltClil.l..·lE.
526 3510 568 3518 -
600 3471 624 3544 l.
655 3495 709 3558 7o.
745 3468 865 3533 Siliani
897 3469 1101 3558 (equitem...
1130 3469 1292 3533 transiere
1318 3470 1351 3534 in
1377 3478 1489 3556 partes

252 3579 411 3666 (Vitellii)
428 3589 472 3654 et,
492 3587 527 3643 ut
547 3578 674 3641 donum
696 3576 833 3664 aliquod
859 3599 947 3639 novo
968 3576 1123 3664 principi.
1153 3574 1345 3640 firmissima
1368 3576 1489 3641 Trans·

254 3687 404 3775 padauae
421 3686 568 3770 regionis
594 3684 789 3771 municipia,
811 3683 1042 3748 Mediolanum
1076 3707 1113 3746 ac
1136 3682 1317 3747 Novariam
1345 3692 1379 3749 et
1401 3684 1488 3770 Epo-

255 3796 380 3859 rediam
411 3802 444 3858 et
473 3791 642 3856 Vercellas
676 3792 869 3858 adiunxere.
892 3828 935 3841 -
965 3795 1002 3856 (l.
1030 3796 1062 3856 8.
1090 3817 1105 3852 o
1138 3791 1259 3854 Ausim
1285 3790 1488 3855 contendere

255 3901 493 3967 Marcellum...
538 3900 718 3986 Eprium...
763 3908 793 3963 ct
848 3900 1006 3986 Crispum
1048 3896 1224 3963 Vibium...
1271 3921 1337 3962 non
1376 3898 1488 3963 minus

254 4012 403 4073 illustres
422 4032 496 4071 esse
521 4009 553 4070 in
569 4008 730 4071 extremis
751 4005 903 4092 partibus
933 4015 1095 4071 terrarum
1129 4027 1230 4093 quam
1264 4003 1398 4092 Capuae
1430 4015 1487 4070 aut

257 4115 431 4188 Vercellis,
444 4115 499 4179 ubi
522 4115 590 4178 nati
613 4114 783 4178 dicuntur.
804 4139 819 4173 o

211 4221 483 4289 Vlillt'rlLlVS5'.
524 4261 567 4269 —
604 4226 641 4287 l).
676 4246 723 4284 ro..
749 4221 930 4309 (Loquitur
959 4221 1144 4305 Maternus)
1180 4250 1196 4278 «
1226 4218 1350 4284 Plures
1390 4220 1487 4285 hodie

256 4332 414 4418 reperies.
437 4330 492 4413 qui
524 4329 696 4393 Ciceronis
720 4327 861 4409 gloriam
885 4350 985 4415 quam
1003 4329 1060 4415 qui
1089 4326 1229 4412 Vergilii
1248 4326 1448 4393 detrectent.
1472 4356 1486 4386 o

241 4581 247 4613 ¹
268 4579 373 4626 ltitter:
394 4583 423 4634 t).
444 4577 584 4626 Veranius.
599 4593 660 4624 eum
672 4582 696 4624 et
716 4578 758 4624 trie
771 4578 846 4624 leneus
863 4594 876 4623 o
894 4578 1017 4640 proximo
1031 4578 1171 4639 superiore
1188 4578 1322 4626 discretus
1339 4579 1374 4625 sit
1392 4591 1488 4637 magno

208 4659 351 4707 interi-allo
367 4663 392 4705 et
413 4657 519 4705 Veranii
538 4663 696 4705 antecessor
709 4661 741 4704 A.
757 4657 853 4704 lindius
871 4658 978 4705 ‹lrrobus
994 4658 1148 4704 nominibus
1165 4659 1331 4718 designetur.

239 4742 249 4775 ²
267 4740 375 4787 lliller':
395 4743 424 4795 Q.
443 4737 582 4785 t'eranioa.

239 4822 250 4852 2¹
268 4822 299 4865 t'.
319 4821 401 4867 etiam
414 4819 438 4874 3.
454 4834 488 4867 12.
509 4834 544 4879 ¹7·

240 4900 312 4953 ln:
331 4898 465 4961 qerruaui.
483 4897 561 4946 Corr.
583 4897 672 4945 Ritter
691 4905 700 4954 {
711 4898 817 4946 l'eraeis
835 4900 887 4947 lae.
906 4899 1080 4946 (lauterius.

239 4981 251 5014 ⁵
266 4981 294 5027 l'.
308 4978 443 5036 Vergilius
461 4982 543 5027 ituro.
564 4976 684 5027 l'rrosor..
699 4994 753 5040 ²²79·

391 5331 783 5521 fl
