3709 6234
853 862 1009 916 EPPOMNA
1515 861 1569 916 263

289 1000 483 1070 EPHESII.
501 1041 542 1055 -
558 1000 589 1081 3,
607 1002 662 1068 61.
685 1002 788 1069 Primi
805 1004 956 1070 omnium
976 1004 1113 1093 Ephesii
1130 1007 1298 1089 (senatum
1315 1005 1357 1070 de
1377 1005 1448 1071 iure
1468 1005 1569 1094 asyli)

332 1108 486 1176 adiere...
503 1148 543 1160 —
569 1113 600 1188 t,
628 1110 681 1176 55.
716 1110 853 1198 Ephesii
877 1111 1081 1201 Milesiique,
1104 1112 1139 1177 hi
1158 1112 1342 1201 Apollinis,
1369 1111 1419 1177 illi
1443 1113 1571 1179 Dianae

332 1216 535 1282 caerimonia
547 1218 765 1305 occupavisse
781 1219 937 1285 civitates
952 1220 1074 1285 risi.-
1088 1219 1137 1295 16,
1153 1220 1205 1285 23.
1217 1219 1337 1306 (Barea
1351 1219 1499 1285 Soranus
1509 1245 1570 1309 pro

332 1323 471 1389 consule
487 1325 606 1412 asiae)
621 1327 734 1414 portui
758 1327 982 1415 Ephesiorum
999 1327 1180 1415 aperiendo
1195 1350 1311 1393 curam
1325 1329 1565 1416 insumpserat.

290 1430 505 1500 EPHESl'S.
536 1472 579 1484 -
600 1433 638 1512 0,
672 1433 722 1500 15.
758 1459 773 1497 a
800 1434 966 1500 Sacerdos
997 1435 1060 1500 iste
1091 1433 1226 1500 Nicetes
1257 1443 1291 1501 et
1318 1436 1347 1499 si
1378 1435 1454 1524 quis
1483 1435 1569 1501 alius

333 1538 506 1628 Ephesum
527 1541 579 1605 vel
605 1540 789 1628 Mytilenas
810 1549 974 1607 concentu
1004 1541 1283 1608 scholasticorum
1308 1550 1341 1608 et
1365 1540 1570 1608 clamoribus

333 1648 443 1735 qualit
462 1679 490 1717 n.

291 1754 572 1824 EPIGHAIMS'.
614 1796 653 1804 -
704 1757 754 1832 15,
795 1759 847 1822 51.
895 1756 1035 1823 Interim
1080 1756 1320 1837 cunctantibus
1350 1757 1403 1845 (C.
1436 1757 1570 1823 Pisonis

331 1864 487 1952 sociis)...
517 1863 692 1953 Epicharis
720 1864 900 1951 quaedam,
918 1865 1084 1930 incertum
1100 1887 1248 1952 quonam
1264 1863 1365 1928 modo
1381 1866 1564 1946 sciscitata,

332 1996 440 2064 neque
455 1973 506 2037 illi
519 1980 597 2038 ante
613 1972 681 2037 ulla
698 1996 808 2037 rerum
829 1973 1046 2038 honestarum
1076 1996 1156 2037 cura
1183 1972 1303 2049 luerat,
1329 1972 1511 2039 accendere
1538 1981 1572 2039 et

332 2103 473 2168 arguere
498 2082 703 2160 coniuratos,
733 2103 770 2144 ac
793 2087 1006 2167 postremo...
1024 2080 1059 2144 in
1075 2079 1262 2168 Campania
1282 2103 1387 2164 agens
1406 2080 1571 2169 primores

330 2188 582 2255 classiariorum
618 2188 863 2254 Misenensium
895 2187 1081 2252 labefacere
1117 2195 1150 2252 et
1183 2187 1391 2252 conscientia
1428 2188 1571 2276 inligare

332 2298 446 2363 conisa
476 2303 527 2361 est
560 2295 618 2361 tali
656 2295 794 2360 initio...
826 2295 999 2382 Epicharis
1023 2293 1120 2381 plura
1147 2294 1204 2378 (de
1236 2294 1469 2360 coniuratione
1494 2318 1571 2361 cum

301 2451 305 2460 .
333 2404 473 2469 Volusio
494 2403 639 2469 Proculo
655 2403 824 2466 navarcho
840 2402 1162 2489 communicavit)...
1187 2401 1306 2468 Accita
1326 2403 1359 2487 (a
1376 2401 1568 2490 Nerone)...

334 2510 510 2601 Epicharis
533 2518 568 2576 ct
598 2533 674 2575 cum
700 2510 810 2574 indice
842 2509 1016 2597 (Proculo)
1055 2509 1243 2598 composita
1286 2506 1390 2573 nullis
1424 2509 1569 2575 testibus

332 2620 480 2685 innisum
511 2618 608 2684 facile
627 2617 827 2683 confutarit.
859 2617 926 2681 Sed
951 2618 1023 2704 ipsa
1047 2617 1082 2681 in
1107 2617 1259 2682 custodia
1273 2624 1403 2682 retenta
1418 2623 1511 2682 est...
1528 2656 1573 2670 -

339 2731 388 2805 15,
402 2726 455 2816 57.
474 2726 562 2791 Nero
577 2725 772 2791 reeordatus
795 2724 925 2788 Volusii
945 2724 1078 2789 l'roculi
1095 2724 1218 2789 indicio
1242 2723 1421 2812 Epicharin
1437 2725 1573 2790 attineri

332 2843 492 2923 ratusque
525 2834 687 2899 muliebre
719 2855 841 2919 corpus
883 2833 991 2919 impar
1027 2831 1133 2896 dolori
1178 2832 1354 2897 tormentis
1396 2831 1573 2897 dilacerari

334 2942 468 3008 iubet...
495 2941 646 3007 Clariore
674 2938 828 3027 exemplo
855 2938 1011 3003 libertina
1034 2937 1156 3003 mulier
1189 2939 1222 3002 in
1250 2945 1341 3004 tanta
1371 2939 1573 3006 necessitate

333 3050 462 3115 alienos
486 3073 524 3113 ac
540 3072 643 3138 prope
662 3050 798 3132 ignotos
819 3046 1067 3135 protegendo...

290 3156 527 3224 EPlCVllh'S.
558 3195 601 3205 —
631 3157 668 3234 (l,
698 3154 752 3220 31.
783 3185 796 3214 a
827 3154 882 3218 Ad
897 3155 1047 3241 (sensus)
1063 3152 1353 3241 permovendos..
1371 3178 1413 3219 ne
1438 3154 1575 3242 Epicuri

333 3265 469 3354 quidem
498 3272 532 3328 et
559 3262 745 3328 Metrodori
784 3263 945 3326 honestas
983 3259 1148 3350 quasdam
1176 3259 1442 3326 exclamationes
1468 3261 1561 3327 adsu-

334 3395 466 3438 mere...
483 3371 628 3435 alienum
646 3371 709 3435 erit
720 3370 844 3433 oratori
865 3399 893 3433 o.

291 3477 590 3546 EPllthllNE‘2.
618 3515 659 3526 —
685 3501 716 3557 2,
746 3476 800 3542 83.
838 3476 1033 3560 (llecretum
1069 3474 1286 3563 Germanico)
1315 3473 1464 3539 tribunal
1494 3474 1574 3562 Epi-

334 3586 500 3674 daphnae,
524 3607 590 3672 quo
607 3585 639 3648 in
662 3584 735 3648 loeo
752 3583 856 3648 vitam
873 3582 1017 3647 linierat.

293 3692 584 3761 Erll'llan'hsss.
610 3730 653 3740 -
680 3691 722 3762 11,
739 3690 792 3754 25.
824 3689 1029 3754 l'ulneratur
1053 3711 1111 3753 rex
1137 3687 1332 3776 Epiphanes
1353 3688 1495 3777 impigre
1514 3712 1576 3777 pro

336 3801 470 3867 Othone
483 3822 632 3887 pugnam
646 3799 738 3862 ciens
752 3796 809 3884 (ad
825 3796 1011 3883 Castores).

290 3906 536 3975 EPOllEDlh.
573 3943 615 3953 -
660 3905 685 3980 l,
730 3929 782 3994 7⁰·
816 3903 935 3968 Siliani
965 3903 1165 3992 (equites)...
1197 3901 1361 3968 transiere
1395 3902 1428 3967 in
1461 3911 1576 3991 partes

333 4014 491 4103 (Vitellii)
507 4022 551 4095 et,
571 4021 607 4076 ut
624 4012 749 4076 donum
765 4011 914 4100 aliquod.
932 4033 1020 4074 novo
1034 4010 1178 4098 principi
1190 4010 1384 4075 lirmissima
1399 4011 1559 4100 Transpa-

332 4123 440 4188 danae
451 4121 598 4208 regionis
615 4120 808 4207 municipia,
827 4118 1060 4182 Mediolanum
1074 4140 1111 4183 ac
1125 4117 1306 4183 Novariam
1322 4126 1356 4183 et
1371 4117 1574 4206 Eporediam

333 4238 367 4296 et
381 4227 554 4294 Vercellas
569 4226 765 4292 adiunxere.

290 4335 557 4405 EPPONINAt
580 4373 622 4382 —-
650 4335 705 4414 ll',
733 4334 787 4422 67.
821 4334 957 4421 lnsigne
983 4333 1179 4421 Epponinae
1196 4333 1312 4399 uxoris
1329 4333 1423 4421 (lulii
1444 4332 1578 4419 Sabini)

331 4442 524 4531 exemplum
541 4466 602 4508 suo
622 4442 694 4505 loeo
714 4440 906 4506 reddemus.

323 4675 330 4709 r

321 4671 584 4807 ²lmuiiihmlhdishnr¹
613 4744 775 4791 Antiochiae
798 4745 970 4803 suburbium,
995 4758 1064 4808 quac
1084 4744 1229 4794 dicebatur
1256 4745 1315 4809 ipsa
1342 4745 1577 4810 Epidaplrne,uta

288 4827 387 4876 ceteris
399 4826 519 4874 eiusdem
538 4825 654 4873 nominis
672 4826 786 4871 urhihus
804 4826 1028 4884 distingueretur.
1046 4825 1085 4873 De
1101 4825 1188 4874 Taciti
1207 4842 1297 4875 errarrc
1315 4827 1350 4878 cl.
1369 4827 1476 4877 Orsum.

321 4907 332 4942 ³
349 4906 503 4969 Epiphanes
521 4905 684 4953 Antiochus.
704 4906 826 4958 l'aosor„
845 4907 884 4968 57,

324 4987 335 5022 ⁴
351 4987 473 5040 l‘rrosor„
486 4987 525 5035 dr.
537 5012 561 5024 -
579 4986 650 5034 l’lul.
666 5002 670 5034 :
690 4987 823 5049 Errrporra:
838 4987 887 5035 Dio
903 5003 908 5034 :
923 4985 1075 5052 Papanilla.
