3709 6234
782 866 916 919 nonam
1432 847 1483 908 5⁹1

248 1005 402 1093 (Dinis...
429 1007 616 1094 longousu
636 1008 705 1072 vim
727 1018 828 1097 atque
852 1006 1066 1072 clementiam
1102 1006 1288 1069 Romanam
1329 1001 1481 1067 edoctus.

246 1152 290 1162 —
327 1114 358 1191 5,
396 1138 444 1179 ro.
475 1114 664 1202 Nicopolim
693 1116 879 1179 Romanam
904 1113 1085 1179 coloniam.
1121 1151 1162 1162 ·-
1187 1109 1219 1190 6,
1248 1112 1303 1187 di.
1339 1107 1485 1192 (Parthi)

247 1243 341 1285 come
375 1221 534 1286 Tiridatis
576 1223 749 1308 ingenium
787 1222 957 1287 llomanas
987 1244 1046 1308 per
1086 1228 1175 1285 artes
1217 1216 1411 1306 sperabant.
1440 1259 1485 1272 -

253 1352 301 1406 rr.
327 1353 377 1393 12.
415 1329 629 1417 (Messalina)
658 1330 692 1394 in
711 1331 750 1394 C.
783 1329 906 1394 Silium
922 1329 1109 1393 iuventutis
1127 1328 1299 1393 llomanae
1322 1329 1483 1417 pulcher·
1513 1345 1517 1353 “

246 1435 410 1501 rimum...
424 1445 607 1503 exarserat.
620 1475 665 1487 -
688 1462 737 1509 ιι,
760 1437 813 1501 23.
842 1462 857 1500 a
874 1436 995 1501 Adhuc
1019 1435 1197 1500 memorari
1207 1436 1373 1524 exempla,
1398 1461 1483 1525 quac

246 1543 366 1630 priscis
379 1544 528 1608 moribus
543 1544 585 1609 ad
606 1536 767 1610 virtuteni
787 1552 820 1609 et
835 1543 977 1630 gloriam
996 1544 1145 1607 llomana
1170 1542 1301 1608 indoles
1330 1544 1485 1632 prodide-

248 1650 331 1715 rit...
352 1650 388 1714 Si
409 1652 567 1716 memoria
588 1676 704 1717 eorum
724 1661 887 1726 oreretur,
912 1652 971 1740 qui
993 1650 1160 1737 Capitolio
1183 1659 1216 1715 et
1236 1673 1311 1715 arce
1332 1651 1483 1716 llomana

248 1757 414 1822 manibias
438 1758 577 1824 deorum
602 1759 754 1847 deripere
775 1760 886 1824 eonati
909 1760 989 1823 sint.
1010 1787 1025 1818 n
1043 1759 1152 1835 -13,
1190 1759 1242 1846 37.
1271 1758 1486 1847 (Testabatur

246 1863 426 1951 Tiridates)
452 1889 519 1930 non
549 1865 663 1932 defore
695 1865 870 1931 Arsacidis
899 1866 1060 1931 virtutem
1084 1865 1322 1953 fortunamque
1351 1866 1486 1953 saepius

247 1972 312 2035 iarn
328 1972 423 2037 clade
440 1975 593 2038 Romana
608 1983 782 2061 expertam
803 2010 844 2022 -
867 1974 917 2049 13,
936 1975 989 2049 54.
1010 2002 1024 2033 α
1051 1972 1176 2037 Earum
1191 1974 1344 2059 gentium
1364 1973 1486 2060 legatis

247 2078 280 2142 id
301 2080 439 2143 honoris
458 2080 574 2144 datum
590 2082 640 2165 (ut
657 2081 782 2144 llomae
804 2081 836 2143 in
855 2078 992 2144 sedibus
1018 2088 1210 2144 senatorum
1235 2079 1334 2144 ludos
1356 2088 1485 2168 specta-

246 2189 437 2275 rent),quae
449 2186 617 2276 virtuteJet
627 2188 773 2252 amicitia
785 2188 935 2251 llomana
949 2187 1225 2274 praecellerent.»
1236 2226 1271 2236 -
1285 2187 1485 2257 15.2.Volo-

245 2317 364 2379 gaeses
382 2295 565 2382 provinciis
581 2294 743 2359 llomanis
759 2295 931 2359 minitans.
948 2332 991 2345 -
1007 2294 1058 2372 15,
1077 2294 1108 2359 5.
1128 2293 1317 2361 Corbulo..
1336 2296 1428 2359 misit
1444 2293 1485 2358 ad

248 2400 470 2488 Vologaesen‚
485 2402 825 2489 quiexspostularent
835 2401 904 2465 vim
913 2401 1106 2490 provinciae
1119 2401 1282 2468 inlatam..
1293 2452 1315 2478 .‚
1330 2404 1485 2470 cohortes

249 2507 419 2572 llomanas
442 2508 714 2573 circumsideri...
747 2510 863 2575 -15.
904 2511 954 2585 id.
987 2508 1235 2594 Vologaeses...
1270 2510 1482 2598 rescripsit...

247 2614 409 2680 adiecisse
424 2614 505 2679 deos
519 2615 661 2700 dignum
675 2614 928 2687 Arsacidarum,
944 2615 1043 2678 simul
1061 2625 1095 2680 ut
1108 2615 1149 2680 de
1160 2615 1351 2702 legionibus
1362 2617 1485 2683 lloma-

247 2722 299 2786 nis
314 2730 513 2788 statuerent.
526 2761 569 2770 —
585 2724 633 2800 15,
658 2748 710 2788 20.
731 2748 746 2786 a
761 2709 942 2787 Adversus
951 2746 1072 2787 novam
1089 2723 1348 2809 provincialium
1364 2748 1482 2812 super-

247 2828 337 2892 biam
358 2830 498 2914 dignum
521 2830 585 2894 lide
601 2830 858 2918 constantiaque
888 2831 1040 2894 llomana
1064 2831 1226 2918 capianus
1254 2832 1446 2899 eonsilium.
1468 2861 1483 2892 »

246 2936 563 3013 —15‚2d.«b³on
598 2938 670 3001 sine
696 2937 883 3025 ignominia
906 2937 1071 3004 llomana.
1102 2967 1116 2997 »
1133 2977 1176 2986 -
1198 2939 1246 3012 15,
1272 2964 1324 3026 ²7·
1346 2969 1359 2996 a
1385 2939 1485 3004 Volo-

246 3068 370 3131 gaesen
385 3043 505 3108 melius
525 3045 683 3109 societate
699 3044 851 3108 llomana
867 3068 969 3131 quam
989 3044 1123 3109 damnis
1139 3046 1267 3110 mutuis
1295 3047 1388 3133 genti
1403 3046 1485 3111 Par·

248 3152 382 3217 thorum
411 3151 658 3217 consulturum.
685 3181 698 3210 ι)
729 3191 770 3199 -
792 3154 841 3228 ι5,
869 3176 923 3241 7²·
951 3151 1209 3241 (Nymphidius)
1242 3161 1275 3217 et
1303 3154 1374 3241 ipse
1408 3177 1486 3241 pars

249 3259 477 3324 llornanarum
502 3260 647 3324 cladium
676 3261 751 3326 erit.
777 3297 815 3338 7-
838 3260 887 3335 ili,
921 3264 1010 3324 etta
1033 3259 1108 3323 Non
1134 3260 1183 3323 illi
1207 3262 1362 3326 consulta
1389 3262 1483 3341 haec,

248 3391 314 3431 non
331 3368 549 3454 magistratus
563 3376 621 3432 aut
638 3368 824 3431 llomanarn
841 3366 958 3431 urbem
975 3366 1094 3433 videri.
1112 3391 1127 3428 n
1140 3407 1183 3416 —
1199 3367 1224 3440 l,
1243 3367 1296 3433 65.
1309 3368 1484 3457 (loquun-

247 3482 300 3539 tur
316 3474 574 3561 Lugdunenses)
591 3504 606 3538 a
622 3473 751 3539 Cuncta
766 3473 871 3561 (apud
885 3473 1111 3562 Viennenses)
1126 3482 1265 3539 externa
1276 3483 1309 3539 et
1324 3475 1460 3540 hostilia
1474 3496 1481 3549 ;

247 3582 463 3646 secoloniam
481 3583 679 3646 llomanam.
701 3610 716 3640 a
734 3618 775 3629 -
794 3581 818 3662 Ι,
846 3585 900 3658 84.
919 3581 1045 3667 (Verba
1079 3581 1157 3647 lacit
1186 3581 1275 3669 apud
1304 3583 1485 3670 praetoria·

247 3713 308 3753 nos
331 3689 436 3775 tltbo)
465 3719 480 3748 «
505 3687 614 3752 Vlline
636 3688 751 3752 ltaliae
773 3687 902 3751 alumni
929 3697 961 3752 et
984 3689 1135 3752 llomana
1164 3713 1243 3753 vere
1264 3690 1422 3754 iuventus
1443 3690 1485 3754 ad

247 3797 445 3883 sanguinem
456 3795 634 3860 etcaedem
651 3794 910 3882 depoposcerint
932 3796 1116 3881 (senatum)
1129 3798 1144 3860 ⁴?
1160 3824 1175 3856 n
1190 3835 1234 3847 -
1250 3796 1292 3863 ll.
1318 3797 1369 3862 23.
1384 3797 1485 3862 Vicus

249 3903 488 3988 (Bedriacum),
507 3902 638 3967 duabus
654 3903 721 3968 iam
747 3902 909 3966 llomanis
929 3902 1082 3967 cladibus
1112 3911 1212 3968 notus
1234 3903 1481 3993 infaustusque.

246 4011 347 4090 -ll‚
370 4015 424 4097 47.
458 4011 640 4098 (Loquitur
657 4009 761 4096 Otho)
800 4038 814 4068 u
836 4012 890 4074 An
920 4034 982 4097 ego
1005 4018 1138 4076 tantum
1166 4011 1339 4077 llornanae
1364 4011 1476 4099 pubis.

247 4125 296 4183 tot
320 4118 473 4204 egregios
497 4118 706 4183 exercitus..
735 4117 781 4181 rei
806 4116 962 4204 publicae
989 4118 1072 4206 eripi
1097 4118 1233 4204 patiar?
1254 4118 1408 4194 »-111,
1429 4144 1481 4208 ²7·

247 4228 418 4291 llomanae
433 4226 602 4314 utrimque
623 4234 712 4289 artes
735 4224 922 4310 (Flavianis
943 4224 1072 4288 vallum
1094 4223 1352 4289 Vitellianorum
1378 4225 1483 4313 obpu-

244 4333 510 4418 gnant.il)us).-
534 4330 848 4406 lv,56.‹;1au‹lius
878 4330 1032 4396 labeo...
1068 4330 1285 4419 pollicitus..
1316 4332 1482 4418 potiorem

244 4441 392 4505 civitatis
411 4442 646 4526 (batavorum)
668 4447 797 4525 partem
812 4437 855 4502 ad
872 4439 1071 4503 societatem
1102 4438 1288 4503 llomanarn
1317 4447 1483 4504 retractu-

245 4570 358 4612 rum...
383 4585 427 4596 -
450 4547 507 4616 lt',
534 4545 626 4611 58.«
654 4545 765 4610 liliam
787 4552 897 4610 vetera
932 4544 1087 4632 exempla
1115 4544 1291 4618 deliciunt,
1324 4547 1482 4634 quotiens

245 4654 415 4717 llomanae
431 4653 582 4739 legiones
605 4653 713 4740 perire
735 4654 1020 4740 praeoptaverint,
1039 4675 1080 4716 ne
1110 4651 1184 4717 loco
1201 4652 1409 4740 pellerentur
1421 4656 1480 4721 3...

244 4762 328 4838 Quis
343 4760 462 4824 deinde
478 4759 615 4824 sceleris
629 4761 753 4833 exitus,
767 4783 843 4824 cum
861 4760 1033 4826 llornanae
1049 4760 1201 4846 legiones
1215 4769 1332 4825 contra
1343 4760 1483 4826 derexe-

245 4869 374 4932 rint‘?...
388 4868 445 4938 'l'e,
464 4869 616 4945 Quirine,
631 4869 803 4932 llomanae
817 4891 940 4954 parcns
954 4867 1046 4933 urbis
1060 4891 1176 4955 precor
1187 4891 1435 4956 venerorque...
1465 4895 1481 4933 t>

244 4975 353 5051 -ll',
378 4999 429 5062 7⁰·
449 4974 594 5052 Quidam
614 4975 805 5062 principum
829 4976 1140 5061 (Treverorum)...‚
1160 4975 1193 5039 in
1214 4975 1382 5055 civitates,
1397 5000 1482 5065 quac

457 5349 820 5525 Γὶ
