3709 6234
790 882 818 934 l..
840 879 914 933 riso
1441 878 1495 932 539

317 1021 437 1112 Populi
454 1024 672 1089 antecuriam
702 1046 803 1088 voees
829 1006 1110 1098 audiebantur...
1139 1021 1335 1111 effigiesque
1361 1023 1495 1089 Pisonis

255 1135 427 1194 traxerant
447 1130 480 1194 in
495 1130 678 1195 Gemonias
694 1153 732 1195 ac
753 1128 1004 1195 divellobant...
1028 1168 1063 1178 —
1088 1130 1119 1210 3,
1144 1131 1193 1195 15.
1225 1129 1338 1194 Donec
1365 1129 1494 1196 mediae

258 1236 373 1301 Pisoni
412 1260 501 1324 spes,
546 1237 673 1302 sociam
705 1260 741 1303 sc
775 1237 1018 1324 cuiuscumque
1048 1234 1246 1306 fortunae...
1277 1236 1494 1325 promittebat

257 1343 520 1431 (Plancina).—
545 1345 576 1425 3,
606 1343 657 1411 16.
688 1343 817 1410 Audire
847 1368 900 1410 me
926 1343 1065 1409 memini
1094 1367 1136 1409 ex
1168 1343 1357 1410 senioribus
1382 1344 1493 1409 visum

258 1452 391 1538 saepius
421 1451 508 1516 inter
529 1474 651 1516 manus
682 1451 814 1518 Pisonis
839 1450 1035 1518 libellum...
1064 1451 1230 1518 Caesar...
1255 1451 1302 1519 M.
1338 1452 1494 1517 Pisonem

258 1559 369 1622 vocari
388 1558 496 1623 iubet¹
514 1558 708 1648 crebrisque
723 1558 1048 1647 interrogationibus
1065 1559 1223 1644 exquirit,
1249 1558 1385 1649 qualem
1416 1559 1494 1624 Piso

256 1664 344 1729 diem
359 1689 554 1755 supremum
574 1675 776 1754 noctemque
790 1666 1001 1753 exegisset...
1021 1665 1146 1756 (ldemt
1161 1667 1281 1732 recitat
1291 1666 1493 1732 codicillosa

253 1772 374 1837 Pisone
390 1774 423 1838 in
439 1774 527 1838 hunc
542 1773 647 1839 ferme
668 1772 805 1839 modum
822 1774 1072 1861 compositos...
1092 1802 1107 1834 «
1137 1775 1201 1838 Per
1215 1774 1396 1862 collegium
1417 1799 1494 1840 con·

256 1879 398 1961 sulatus,
416 1881 588 1969 quondam
616 1882 703 1946 Divo
723 1883 891 1969 Augusto,
923 1882 1055 1970 parenti
1084 1890 1141 1947 tuo
1171 1881 1333 1970 probatus
1366 1892 1400 1948 et
1432 1882 1494 1947 tibi

256 1987 473 2054 amicus...».
498 2028 539 2038 —
565 1990 595 2068 3,
634 2013 684 2078 ¹7·
713 1987 859 2053 biduum
894 2012 996 2077 super
1020 1988 1080 2053 hac
1118 1989 1265 2076 imagine
1293 1989 1495 2077 cognitionis

252 2093 482 2183 absumptum,
500 2104 640 2183 urgente
655 2095 788 2161 Tiberio
808 2095 933 2161 liberos
955 2096 1101 2170 Pisonis.
1117 2104 1258 2162 matrem
1280 2097 1329 2162 uti
1354 2104 1491 2162 tueren-

255 2209 350 2267 tur...
371 2202 504 2268 Primus
522 2204 723 2268 sententiam
742 2211 881 2291 rogatus
896 2202 1058 2268 Aurelius
1074 2203 1174 2269 Cotta
1189 2202 1309 2269 consul
1329 2255 1350 2268 ..
1370 2227 1492 2269 nomen

256 2309 389 2373 Pisonis
404 2309 611 2375 eradendum
625 2310 720 2376 fastis
736 2311 878 2389 censuit,
893 2318 1023 2399 partem
1037 2310 1458 2400 bonorumpublicandnm.
1469 2362 1490 2378 ..

254 2416 344 2492 -3‚
373 2419 420 2483 18.
445 2416 552 2482 Multa
574 2441 615 2482 ex
644 2441 682 2484 ea
711 2419 879 2484 sententia
917 2420 1073 2507 mitigata
1108 2427 1188 2485 sunt
1214 2418 1415 2508 aprincipe‚
1451 2441 1492 2485 ne

253 2547 374 2588 nomen
391 2524 526 2589 Pisonis
542 2525 636 2590 fastis
652 2526 897 2593 eximeretur...
916 2563 959 2576 -
976 2526 1006 2602 3,
1027 2528 1080 2603 ait.
1104 2524 1304 2592 Inlustrium
1330 2525 1492 2590 domuum

253 2630 407 2708 adversa,
426 2633 551 2697 etenim
571 2632 661 2698 lraud
676 2631 822 2698 multum
856 2632 996 2699 distanti
1022 2642 1172 2721 tempore
1194 2632 1370 2721 Calpurnii
1396 2632 1492 2697 Piso·

253 2739 490 2819 nem,Aemilii
502 2740 664 2829 Lepidam
679 2740 904 2807 amiserant...
918 2777 956 2788 —
967 2740 998 2824 6,
1013 2739 1066 2808 26.
1081 2740 1272 2830 (Plancina)
1287 2748 1391 2829 nupta
1408 2739 1489 2805 olim

259 2847 322 2914 Cn.
340 2847 482 2913 Pisoni..
492 2901 513 2924 .,
526 2871 603 2913 cum
615 2848 694 2912 Piso
706 2847 853 2927 caderet,
866 2848 1023 2938 precibus
1034 2850 1234 2937 Augustae..
1244 2902 1250 2915 .
1260 2847 1397 2914 defensa
1407 2857 1488 2915 erat.

208 2953 279 3020 CN.
298 2954 411 3034 PlSO,
427 2980 460 3021 v.
480 2955 517 3022 L.
545 2954 850 3021 CALPVllNlVS.

207 3062 244 3129 L.
268 3061 381 3141 PlSO,
400 3061 499 3129 PlSO
527 3064 622 3148 (ΑΡ.
641 3101 686 3112 -
712 3063 743 3143 6,
767 3086 816 3128 io.
836 3064 876 3130 L.
895 3063 974 3128 Piso
1000 3062 1164 3152 pontifex,
1194 3086 1304 3128 rarum
1334 3064 1368 3127 in
1398 3070 1491 3129 tanta

249 3169 460 3250 claritudine,
484 3170 551 3236 fato
567 3170 661 3250 obiit,
676 3169 805 3235 nullius
820 3170 953 3235 servilis
978 3171 1165 3237 sententiae
1189 3178 1310 3259 sponte
1331 3178 1489 3237 auctor...

250 3278 383 3343 Patrem
401 3279 432 3342 ei
455 3277 644 3343 censorium
673 3277 775 3342 fnisse
807 3278 1003 3344 memoravi.
1020 3279 1126 3343 Aetas
1146 3278 1187 3343 od
1216 3278 1490 3365 octogensimum

249 3408 375 3449 annum
399 3386 575 3472 processit.
594 3386 704 3450 Decus
725 3384 928 3473 triumphale
949 3386 982 3449 in
1021 3384 1181 3449 Thraecia
1212 3393 1391 3450 meruerat.
1424 3384 1490 3450 Sed

250 3492 427 3581 praecipua
439 3514 480 3557 ex
495 3516 534 3557 eo
547 3491 666 3579 gloria,
685 3492 776 3582 quod
791 3490 981 3580 praefectus
996 3490 1166 3557 urbi...--
1179 3490 1211 3572 6,
1233 3516 1242 3554 ι
1257 3516 1281 3557 ι.
1303 3492 1380 3556 Piso
1396 3492 1492 3580 quin·

233 3587 355 3665 ¹decim
377 3623 436 3687 per
451 3623 558 3664 annos
578 3599 704 3688 pariter
717 3601 771 3687 (ac
785 3598 943 3665 Statilius
959 3599 1089 3664 Taurus
1113 3599 1148 3663 in
1161 3598 1374 3687 praefectura
1398 3598 1492 3664 urbis

249 3707 409 3794 gerenda)
431 3706 594 3795 probatus
610 3706 746 3796 publico
768 3706 883 3771 funere
903 3730 945 3772 ex
960 3705 1095 3772 decreto
1129 3713 1268 3771 senatus
1297 3706 1488 3772 celebratus

252 3823 315 3880 est.

206 3922 243 3988 L.
263 3922 374 3998 PlSO,
387 3921 487 3986 PlSO
507 3921 598 4007 (B)³.
615 3959 660 3972 —
680 3925 713 4000 4,
730 3923 785 3998 45.
803 3921 949 3986 Facinus
969 3929 1067 3986 atrox
1088 3920 1123 3984 in
1146 3920 1299 3987 citeriore
1324 3918 1489 4005 Hispania

247 4029 434 4094 admissum
450 4028 631 4118 aquodam
651 4029 775 4116 agresti
791 4028 939 4094 nationis
966 4027 1208 4093 Termestinae.
1232 4026 1264 4091 ls
1297 4033 1486 4114 praetorem

247 4137 438 4224 provinciae
456 4137 493 4203 L.
513 4138 713 4201 Pisonem...
727 4159 770 4201 ex
784 4136 969 4223 improviso
985 4136 1018 4199 in
1035 4134 1154 4200 itinere
1171 4133 1310 4199 adortus
1324 4154 1392 4198 uno
1413 4132 1489 4198 vul-

248 4268 327 4309 nere
365 4245 398 4307 in
441 4252 583 4309 mortem
622 4243 785 4310 adfecit...
827 4243 905 4307 Piso
945 4241 1232 4308 Termestinorum
1260 4239 1337 4305 dolo
1372 4263 1492 4307 caesus

247 4351 399 4417 habetur.
843 4354 851 4368 ·

203 4460 241 4524 L.
261 4458 468 4542 P180(C)'·.
489 4498 525 4507 -—
550 4458 599 4535 13,
619 4459 672 4524 28.
691 4457 835 4523 Addidit
848 4458 886 4522 L.
906 4456 985 4521 Piso
1000 4456 1198 4544 designatus
1209 4453 1340 4536 consul,
1354 4478 1395 4521 ne
1407 4455 1489 4544 quid

233 4691 241 4724 ¹
256 4689 400 4751 Supplevit
414 4690 494 4737 llalm
510 4694 620 4738 secutus
633 4689 902 4738 Weissenbornium.

232 4771 244 4805 ²
260 4772 288 4819 L.
308 4771 470 4833 Calpurnius
485 4771 557 4818 Piso.
570 4771 694 4828 Pnosor.,
710 4770 738 4828 C,
756 4776 811 4833 249.

182 4901 187 4914 ,
230 4852 242 4887 ³
259 4852 285 4900 L.
301 4851 483 4914 (Calpurnius)
503 4851 574 4902 Piso.
594 4850 716 4906 Pnosov..
729 4851 758 4906 C,
782 4851 836 4902 236.

231 4932 285 4980 ⁴L.
298 4932 460 4994 Calpurnius
473 4932 542 4981 Piso.
561 4932 683 4989 Pnosor,
695 4932 724 4990 C,
741 4932 796 4981 238.
817 4932 898 4979 Hunc
913 4930 1039 4979 eumdem
1055 4943 1116 4978 esse
1134 4932 1216 4992 atquc
1234 4942 1295 4978 eum
1314 4928 1359 4993 qui
1374 4929 1484 4991 sequitu

200 5017 294 5067 contra
308 5013 347 5066 De
365 5013 411 5060 Vit
423 5018 449 5066 et
468 5013 663 5082 Nipperdeium
675 5012 836 5063 confirmare
854 5011 948 5062 studet
963 5010 1075 5060 Pnosor.
