3709 6234
765 902 798 951 A.
825 897 994 951 l'l'lElldVS
1468 892 1521 947 745

287 1045 397 1134 ipsum
420 1041 577 1108 Vitellius
604 1041 825 1106 admiratione
845 1037 1048 1119 celebrabat,
1075 1038 1196 1104 sectari
1224 1045 1416 1104 cantantem
1439 1038 1520 1105 soli-

286 1161 353 1232 tus,
369 1174 437 1216 non
453 1149 666 1229 necessitate,
684 1171 750 1236 qua
766 1147 1027 1213 honestissimus
1043 1148 1198 1235 quisque,
1215 1145 1273 1212 sed
1290 1146 1372 1211 luxu
1385 1153 1418 1211 et
1432 1147 1521 1233 sagi·

286 1283 348 1325 nae
382 1258 595 1346 mancipatus
623 1262 867 1344 emptusque...
897 1256 942 1319 l't
976 1253 1111 1319 l'alenti
1131 1263 1163 1320 et
1200 1253 1364 1320 Caecinae
1393 1277 1519 1319 vacuos

286 1368 424 1433 honoris
439 1388 573 1432 menses
589 1364 745 1452 aperiret.
764 1364 904 1428 coartati
918 1362 1061 1427 aliorum
1078 1362 1318 1430 consulatus...
1346 1364 1520 1450 Actaeque

286 1477 424 1563 insuper
441 1474 578 1539 l'itellio
603 1472 732 1558 gratiae
759 1471 1003 1536 consuetudine
1022 1470 1163 1537 servitii.
1179 1511 1222 1521 —
1245 1471 1286 1542 ll,
1304 1495 1357 1558 72.
1385 1469 1521 1556 (Falsus

284 1583 526 1649 Scribonianus
542 1579 753 1665 Camerinus)
764 1586 954 1666 pertractus
967 1577 1011 1643 ud
1022 1578 1197 1643 Vitellium
1212 1580 1518 1667 interrogatusque,

285 1691 442 1781 quisnam
462 1687 656 1754 mortalium
671 1693 848 1751 esset...—
859 1684 903 1761 ΙΙ,
923 1686 975 1773 73.
995 1685 1059 1750 t'ix
1075 1685 1236 1751 credibile
1253 1693 1439 1751 memoratu
1455 1694 1518 1768 est,

284 1806 448 1887 quantum
479 1794 656 1883 superbiae
681 1793 919 1880 socordiaeque
943 1793 1080 1858 Vitellio
1110 1793 1306 1873 adoleverit,
1339 1802 1520 1882 postquam

285 1904 547 1994 speculatorese
572 1902 670 1989 Syria
692 1900 881 1990 Iudaeaque
898 1900 1055 1966 adactum
1071 1901 1104 1964 in
1123 1899 1224 1965 rerba
1246 1901 1318 1966 eius
1347 1904 1519 1969 (trientem

285 2013 524 2079 nuntiavere...
548 2008 819 2097 Namtantea)...
846 2007 1045 2098 plerumque
1073 2009 1114 2073 ad
1140 2032 1261 2074 nomen
1290 2012 1518 2099 (Vespasiani)

284 2119 443 2186 Vitellius
459 2118 682 2184 excitabatur.
706 2153 746 2166 —
771 2116 813 2192 ll,
828 2119 880 2205 74.
901 2115 1001 2182 Miles
1021 2116 1179 2203 (ludaeae
1198 2120 1419 2207 Vespasiano)
1436 2120 1519 2185 adeo

284 2235 435 2318 paratus,
453 2234 491 2292 ut
518 2232 736 2315 praeeuntem
763 2232 1012 2289 sacramentum
1034 2233 1067 2290 et
1099 2225 1207 2291 tansta
1239 2227 1377 2292 Vitellio
1408 2227 1521 2293 omnia

284 2342 476 2426 precantem
509 2357 569 2421 per
583 2332 754 2397 silentium
771 2330 981 2397 audierint...
1006 2331 1132 2419 lllyrici
1148 2333 1341 2420 legiones...
1360 2336 1519 2399 {lamma-

285 2450 379 2509 verat
395 2441 593 2528 adrogantia
615 2439 823 2505 venientium
840 2462 858 2504 a
874 2440 902 2501 V
906 2438 1012 2504 itellio
1036 2439 1195 2507 militum.
1214 2480 1256 2490 —
1284 2440 1327 2520 ll,
1349 2442 1403 2529 75.
1435 2443 1520 2507 l'er·

287 2550 426 2615 sabatur
442 2556 519 2615 ante
546 2548 662 2612 oeulos
684 2546 913 2635 (Vespasiani)
935 2548 1127 2612 Germanici
1159 2549 1326 2614 exereitus
1360 2549 1473 2616 robur.
1496 2571 1517 2629 .;

288 2682 367 2724 suas
391 2657 542 2745 legiones
556 2655 648 2748 civili
667 2653 757 2720 bello
773 2655 980 2743 inexpertas.
999 2656 1126 2721 Vitellii
1140 2656 1383 2724 uictriceS...-
1403 2658 1444 2737 ll,
1464 2658 1517 2747 76.

286 2765 411 2853 (Verba
427 2765 506 2830 lacit
521 2763 611 2852 apud
624 2761 870 2851 Vespasianum
889 2763 1083 2850 Mucianus)
1111 2792 1126 2823 «
1146 2765 1177 2828 Α
1198 2765 1402 2830 contumelia
1417 2789 1518 2854 quam

287 2897 306 2936 a
322 2872 420 2938 laude
433 2871 571 2961 propius
586 2870 686 2935 luerit
701 2879 778 2958 post
796 2869 970 2934 Vitellium
981 2870 1102 2956 eligi...
1120 2872 1174 2936 An
1191 2871 1316 2938 excidit
1331 2873 1520 2939 trucidatus

282 2979 455 3046 Corbulo?
469 2977 686 3067 Splendidior
701 2976 831 3063 origine
844 3000 946 3064 quam
963 3001 1025 3042 nos
1041 3002 1169 3058 sumus,
1189 2978 1307 3060 lateor,
1317 2981 1376 3045 sed
1388 2989 1421 3048 et
1431 2982 1519 3046 Nero

283 3087 459 3153 nobilitate
475 3086 637 3152 natalium
655 3084 828 3150 Vitellium
842 3083 1033 3150 anteibat...
1051 3085 1155 3151 l'osse
1169 3086 1211 3151 ab
1227 3088 1376 3153 exercitu
1397 3087 1520 3175 princi·

282 3219 359 3285 pem
374 3196 444 3260 lieri
458 3193 522 3258 sibi
550 3194 622 3280 ipse
654 3190 813 3257 Vitellius
842 3192 1059 3270 documento,
1086 3193 1189 3258 nullis
1211 3194 1404 3283 stipendiis,
1428 3194 1519 3260 nulla

282 3302 419 3368 militari
440 3301 540 3375 lama,
559 3299 687 3365 Galbae
703 3299 780 3363 odio
797 3308 1043 3387 provectuS...»
1067 3300 1170 3378 -ll,
1195 3327 1247 3390 77.
1269 3331 1284 3362 a
1299 3303 1352 3367 llle
1382 3303 1519 3369 Vitellio

282 3418 464 3497 antepone,
487 3415 519 3472 te
535 3407 658 3472 mini...
679 3405 747 3472 Nee
771 3406 853 3471 mihi
870 3407 976 3471 maior
998 3408 1032 3471 in
1058 3415 1115 3472 tua
1137 3408 1327 3496 vigilantia.
1355 3412 1520 3498 parsimo-

283 3517 350 3593 nia,
368 3515 532 3604 sapientia
554 3512 673 3578 tidueia
690 3522 753 3589 est,
770 3536 871 3602 quam
889 3514 922 3577 in
935 3513 1064 3579 Vitellii
1081 3522 1226 3603 torpore,
1248 3517 1394 3593 inscitia,
1413 3520 1520 3584 saevi-

286 3624 330 3689 tia
349 3647 378 3691 »,
404 3658 448 3672 -
465 3620 508 3702 ll,
527 3624 580 3686 80.
602 3620 692 3685 Nihil
715 3644 821 3709 aeque
848 3622 1060 3709 provinciam
1091 3625 1343 3713 exercitumque
1367 3626 1521 3693 accendit

284 3753 385 3819 quam
406 3728 496 3818 quod
510 3727 731 3793 adseverabat
766 3728 956 3802 Mucianus.
975 3732 1135 3796 statuisse
1152 3732 1341 3807 Vitellium,
1368 3743 1406 3799 ut
1438 3735 1520 3800 Ger-

285 3838 434 3902 manicas
449 3835 601 3922 legiones
625 3837 659 3900 in
675 3836 808 3923 Syriam
832 3835 874 3900 ad
905 3837 1060 3902 militiam
1075 3840 1271 3926 opulentam
1301 3842 1519 3931 quietamque

283 3943 490 4023 transferret,
524 3951 642 4009 eontra
676 3944 825 4030 Syriacis
864 3943 1055 4031 legionibus
1094 3947 1294 4011 Germanica
1336 3947 1518 4017 hiberna...

285 4058 507 4117 mutarentur.
527 4085 566 4098 -
586 4049 628 4120 ll.
647 4050 703 4115 81.
722 4050 802 4115 Mox
819 4074 877 4139 per
898 4051 1050 4117 occultos
1066 4076 1203 4118 suornm
1229 4056 1367 4120 nuntios
1389 4059 1521 4122 excitus

283 4159 325 4223 ab
349 4157 431 4223 urbe
451 4157 616 4245 Agrippa,
635 4157 752 4243 ignaro
769 4156 878 4223 adhuc
904 4159 1054 4236 Vitellia,
1077 4161 1178 4226 eeleri
1205 4162 1420 4249 navigatione
1444 4188 1521 4252 pro·

283 4272 457 4354 peraverat
486 4263 542 4347 (ad
576 4263 849 4351 Vespasianum).
881 4304 923 4314 -
953 4266 995 4337 ll.
1031 4271 1086 4332 82.
1123 4269 1283 4334 Sullieere
1319 4270 1521 4338 videbantur

283 4373 445 4437 adversus
467 4370 642 4436 vitellium
665 4394 744 4458 pars
766 4373 939 4460 copiarum
965 4382 998 4439 et
1024 4372 1094 4438 dux
1128 4376 1306 4442 Mucianus
1328 4386 1362 4442 et
1392 4378 1520 4467 l'espa-

283 4481 368 4544 siani
389 4501 511 4544 nomen
537 4503 575 4543 ac
592 4478 675 4543 nibil
692 4477 835 4544 arduum
857 4480 946 4545 lautis.
966 4480 1021 4544 Ad
1034 4505 1152 4546 omnes
1177 4486 1346 4549 exereitus
1372 4484 1520 4571 legatos-

284 4610 348 4676 que
363 4586 506 4673 scriptae
540 4584 705 4673 epistulae
731 4596 1026 4677 praeceptumque,
1058 4598 1095 4655 ut
1119 4592 1350 4677 praetorianos
1385 4594 1520 4659 Vitellio

284 4694 433 4759 infensos
449 4691 686 4781 reciperandae
703 4693 842 4759 militiae
855 4697 1004 4783 praemio
1018 4697 1311 4780 invitarent—ll,
1322 4703 1375 4766 83.
1392 4703 1520 4767 Mucia-

284 4824 389 4869 nus...
415 4800 603 4865 classeme
648 4799 756 4865 Ponto
792 4802 990 4888 Byzantium
1025 4803 1115 4891 adigi
1153 4806 1308 4884 iusserat,
1342 4808 1520 4894 ambiguus

284 4906 428 4986 consilii,
451 4929 573 4972 num...
605 4907 828 4995 Dyrrachium
858 4908 970 4996 pedite
1003 4920 1103 4999 atque
1137 4914 1261 5001 equite,
1284 4916 1385 4981 simul
1410 4915 1520 5004 longis

284 5014 427 5086 navibus
451 5037 587 5084 versum
607 5016 640 5083 in
677 5015 807 5084 ltaliam
829 5039 919 5084 mare
957 5017 1142 5099 clauderet,
1170 5027 1242 5086 tuta
1269 5045 1356 5113 pone
1388 5032 1520 5114 tergum
