3709 6234
798 850 944 904 Tratalvs
1464 843 1518 901 669

282 992 419 1059 tineri...
440 992 563 1058 Caesar
578 995 665 1059 tlexo
681 994 714 1058 in
738 993 939 1070 maestitiam
954 1017 1011 1059 ore
1026 1015 1122 1059 suam
1139 991 1300 1056 invidiam
1330 990 1390 1056 tali
1409 998 1517 1057 morte

284 1100 361 1186 (Cn.
383 1100 528 1188 Pisonis)
546 1101 734 1189 quaesitam
759 1101 850 1189 apud
887 1109 1042 1168 senatum
1081 1098 1349 1187 conquestust..
1387 1098 1520 1164 llecitat

282 1207 456 1272 codicillos
475 1233 493 1272 a
519 1208 642 1274 Pisone
662 1209 696 1273 in
713 1209 802 1274 hunc
823 1210 926 1274 ferme
945 1208 1084 1273 modum
1100 1207 1306 1295 compositos
1324 1225 1331 1273 :
1349 1235 1409 1273 a...
1428 1207 1517 1272 Deos

282 1315 488 1381 innnortales
504 1323 608 1380 testor
628 1317 754 1382 vixisse
767 1340 832 1398 me,
853 1318 989 1395 Caesar,
1015 1339 1092 1380 cum
1123 1315 1188 1380 lide
1204 1314 1383 1380 adversum
1405 1321 1437 1380 te
1455 1338 1516 1379 ...a

281 1461 323 1471 -
340 1424 372 1505 3,
394 1446 444 1511 ¹7·
465 1423 546 1488 Post
559 1446 644 1511 quae
665 1424 820 1489 Tiberius
835 1424 1088 1490 adulescentem
1100 1423 1163 1511 (M.
1184 1423 1356 1511 Pisonem)
1377 1423 1517 1487 crimine

282 1528 392 1594 civilis
405 1529 485 1595 belli
502 1532 700 1619 purgavit...
731 1532 878 1597 Biduum
911 1555 1013 1620 super
1041 1531 1102 1596 hac
1135 1530 1282 1617 imagine
1315 1529 1517 1616 cognitionis

281 1636 512 1725 absumptum,
533 1646 675 1725 urgente
691 1637 823 1705 'liberio
839 1638 965 1704 liberos
988 1637 1134 1717 Pisonis,
1154 1645 1296 1702 matrem
1311 1637 1359 1702 uti
1385 1645 1518 1703 tueren-

283 1752 377 1811 tur...
406 1744 539 1809 Primus
565 1747 768 1812 sententiam
802 1755 941 1834 rogatus
967 1745 1128 1811 Aurelius
1157 1744 1256 1810 Cotta
1282 1744 1412 1825 consul,
1440 1769 1518 1811 nam

282 1852 446 1918 referente
458 1851 601 1918 Caesare
618 1854 837 1942 magistratus
856 1878 896 1919 eo
912 1855 1013 1920 etiam
1031 1876 1169 1919 munere
1185 1851 1453 1940 iungebantur...
1475 1891 1518 1903 -

281 1959 313 2039 3,
336 1965 384 2025 18.
404 1960 592 2026 Addiderat
607 1961 812 2027 Messalinus
835 1962 969 2027 Tiberio
985 1969 1018 2027 et
1035 1962 1211 2048 Augustae
1234 1966 1267 2024 et
1286 1960 1456 2025 Antoniae
1486 1967 1519 2025 et

281 2067 488 2156 Agrippinae
502 2068 679 2156 Drusoque
694 2066 737 2132 ob
748 2067 933 2133 vindictam
945 2068 1137 2133 Germanici
1153 2074 1266 2153 grates
1282 2067 1518 2154 agendas...-

282 2174 314 2253 3,
335 2199 384 2262 ¹9·
401 2175 522 2240 Paucis
541 2183 618 2262 post
633 2175 752 2241 diebus
769 2175 1021 2240 Caesarauctor
1036 2175 1168 2240 senatui
1188 2173 1251 2239 fuit
1263 2173 1399 2239 Vitellio
1418 2182 1518 2263 atque

283 2280 426 2346 Veranio
447 2290 481 2347 et
491 2282 636 2348 Servaeo
654 2282 843 2349 sacerdotia
860 2283 1040 2349 tribuendi.
1064 2282 1218 2347 Fulcinio
1253 2282 1451 2369 sullragium
1477 2282 1519 2347 ad

282 2389 425 2454 honores
446 2389 628 2476 pollicitus,
647 2391 816 2456 monuit...
838 2429 880 2439 -
896 2391 928 2465 3,
948 2414 1000 2455 21.
1020 2394 1094 2469 Quo
1107 2390 1234 2478 proelio
1254 2388 1361 2455 llufus
1377 2389 1519 2454 llelvius

281 2496 455 2583 gregarius
482 2497 579 2562 miles
607 2498 732 2562 serrati
769 2498 854 2562 civis
891 2497 995 2563 decus
1022 2498 1144 2563 meruit
1168 2480 1380 2587 donatusque
1406 2504 1458 2562 est
1477 2496 1519 2562 ab

281 2603 431 2691 Apronio
449 2604 625 2694 torquibus
645 2612 678 2670 et
697 2605 806 2670 hasta.
825 2604 950 2671 Caesar
979 2605 1109 2670 addidit
1137 2605 1279 2671 civicam
1313 2629 1516 2685 coronam,..

282 2745 323 2760 -
344 2712 374 2789 3,
392 2712 624 2802 22.Lepida...
642 2712 832 2779 defertur...
855 2713 1092 2802 (quaesivisse)
1113 2736 1172 2801 per
1187 2712 1377 2780 Chaldaeos
1401 2713 1435 2778 in
1461 2712 1519 2778 do·

283 2842 375 2883 mum
392 2819 633 2886 Caesaris...-
650 2819 741 2892 aaz).
759 2820 940 2908 (Damnata
957 2820 1095 2909 Lepida)
1111 2821 1241 2908 aperuit
1258 2819 1411 2887 Tiberius
1426 2844 1518 2886 corn-

284 2934 416 3014 pertum
432 2926 496 2990 sibi
516 2928 617 2993 etiam
638 2950 679 2991 ex
705 2927 743 2993 P.
762 2928 904 3007 Quirinii
930 2928 1037 2993 servis
1065 2950 1197 2993 veneno
1231 2951 1306 2993 eum
1335 2952 1352 2992 a
1394 2928 1518 3016 Lepida

287 3033 442 3119 petitum.
456 3074 494 3085 -
514 3036 545 3116 3,
564 3037 617 3111 at.
636 3035 677 3102 D.
695 3035 830 3100 Silanus
855 3036 889 3100 in
912 3035 1004 3123 nepti
1043 3036 1192 3123 Augusti
1216 3035 1391 3102 adulter...
1421 3036 1519 3124 (non)

286 3140 349 3204 nisi
374 3140 506 3218 Tiberio
525 3143 738 3230 imperitante
763 3143 936 3231 deprecari
959 3151 1113 3208 senatum
1130 3168 1167 3208 ac
1203 3144 1389 3231 principem
1416 3166 1519 3208 ausus

283 3254 374 3313 est...
397 3248 465 3313 Sed
491 3249 645 3314 Tiberius
675 3258 787 3335 grates
826 3251 940 3338 agenti
966 3251 1046 3337 (M.)
1079 3250 1196 3315 Silano
1225 3250 1378 3339 patribus
1407 3274 1519 3315 coram

282 3355 456 3443 respondit
470 3380 505 3422 se
520 3380 655 3447 quoque
665 3356 795 3432 laetari,
813 3358 904 3445 quod
920 3357 1021 3422 irater
1036 3357 1107 3423 eius
1122 3381 1140 3423 e
1156 3358 1427 3445 peregrinatione
1443 3357 1518 3422 lon-

282 3462 408 3552 ginqua
422 3465 672 3541 reuertisset...,
699 3464 762 3530 sibi
778 3474 891 3530 tamen
905 3464 1070 3530 adversus
1083 3489 1160 3530 eum
1192 3467 1342 3554 integras
1369 3466 1520 3554 parentis

283 3570 334 3634 sui
359 3571 574 3639 ollensiones
589 3574 678 3653 -3,
706 3574 758 3637 28.
776 3572 897 3637 Terror
911 3571 1012 3661 (legis
1038 3573 1162 3660 Papiae
1189 3573 1380 3661 Poppaeae)
1413 3574 1519 3638 omni-

283 3675 347 3742 bus
362 3678 602 3758 intentabatur,
619 3682 653 3745 ni
668 3679 821 3745 'liberius
837 3680 1016 3746 statuendo
1033 3680 1179 3746 remedio
1204 3681 1352 3769 quinque
1363 3680 1519 3746 consula-

281 3786 382 3864 rium,
400 3787 548 3875 quinque
565 3812 582 3853 e
598 3788 786 3876 praetoriis,
806 3788 947 3854 totidem
963 3811 980 3853 e
996 3796 1107 3853 cetero
1137 3796 1257 3854 senatu
1284 3796 1375 3853 sorte
1402 3788 1520 3854 duxis-

282 3900 375 3959 set...
392 3932 434 3942 -
450 3894 481 3975 3,
501 3895 553 3960 3ι.
576 3895 733 3983 Sequitur
746 3894 869 3960 Tiberii
886 3902 1041 3985 quartus,
1066 3895 1166 3960 Drusi
1195 3893 1363 3960 secundus
1397 3919 1520 3961 consu-

283 3999 385 4078 latus,
401 4001 505 4090 patris
529 4010 629 4090 atque
645 4002 706 4068 lilii
721 4002 863 4090 collegio
879 4003 1036 4090 insignis.
1056 4003 1139 4068 Nam
1163 4003 1307 4068 triennio
1330 4011 1408 4068 ante
1438 4004 1520 4069 Ger·

284 4110 406 4173 manici
422 4133 498 4173 cum
518 4109 650 4174 Tiberio
666 4109 755 4173 idem
778 4110 885 4175 honor
904 4134 1013 4199 neque
1034 4119 1153 4199 patruo
1179 4111 1289 4176 laetus
1317 4133 1425 4197 neque
1462 4135 1519 4177 na-

284 4223 357 4280 tura
373 4223 441 4282 tam
466 4240 614 4282 conexus
630 4216 749 4282 luerat.
770 4216 850 4282 Eius
874 4219 953 4283 anni
971 4219 1135 4307 principio
1149 4218 1302 4284 Tiberius
1334 4218 1431 4306 quasi
1466 4219 1520 4283 lir-

282 4322 423 4389 mandae
440 4324 626 4389 valetudini
641 4325 675 4389 in
690 4325 911 4418 Campaniam
925 4326 1105 4403 concessit,
1123 4325 1260 4413 longam
1273 4333 1307 4391 et
1321 4326 1518 4390 continuam

283 4429 470 4496 absentiam
487 4431 649 4520 paulatim
663 4432 843 4512 meditanS,
861 4433 931 4498 sire
951 4441 1027 4499 ut...
1044 4471 1088 4484 -
1113 4433 1144 4514 3,
1173 4434 1227 4499 32.
1264 4431 1381 4521 Neque
1412 4432 1519 4498 multo

282 4546 359 4626 post
375 4539 487 4603 missis
503 4538 546 4603 ad
561 4546 715 4604 senatum
731 4539 853 4605 litteris
869 4540 1022 4605 'liberius
1046 4548 1174 4605 motam
1201 4563 1334 4605 rursum
1368 4540 1519 4605 Africam

282 4646 417 4712 incursu
437 4646 658 4711 Tacfarinatis
678 4647 803 4727 docuit,
829 4647 1020 4736 iudicioque
1047 4655 1182 4737 patrum
1210 4646 1429 4735 deligendum
1459 4672 1519 4736 pro

282 4755 461 4820 consule...
484 4754 533 4819 De
548 4755 663 4820 Africa
678 4754 862 4830 decretum,
882 4761 919 4820 ut
934 4755 1058 4821 Caesar
1072 4755 1211 4842 legeret,
1244 4754 1297 4821 cui
1326 4754 1519 4821 mandanda

271 5007 279 5042 Ι
299 5006 420 5057 Verbum
438 5008 488 5057 lioc
504 5007 609 5057 addidit
620 5006 826 5058 ll'cisscuborn.
