3709 6234
377 876 432 933 210
878 874 1021 935 'CLODIVS
1041 879 1152 934 llAOElt

422 1030 480 1088 aut
499 1022 532 1087 vi
551 1031 687 1110 raptum
701 1021 891 1111 Agrippam
907 1022 995 1089 terre
1011 1023 1054 1088 ad
1067 1022 1237 1088 exercitus
1257 1020 1479 1087 Germanicos
1498 1043 1568 1087 non
1581 1044 1656 1087 ser-

420 1138 479 1204 vili
504 1140 617 1204 animo
645 1140 801 1228 concepit
821 1190 842 1207 ..
873 1139 1013 1205 Interim
1028 1147 1162 1227 patrata
1175 1138 1278 1204 caede
1297 1137 1341 1203 ad
1355 1139 1483 1204 maiora
1501 1145 1536 1204 et
1547 1137 1657 1224 magis

418 1247 614 1335 praecipitia
639 1270 836 1330 conversus,
871 1271 990 1315 ...nam
1015 1254 1124 1313 aetate
1144 1254 1178 1312 et
1201 1245 1308 1312 lorma
1328 1245 1419 1312 haud
1446 1245 1604 1311 dissimili
1622 1245 1656 1311 in

419 1354 596 1420 dominum
611 1355 713 1420 erat¹.

375 1460 640 1528 CLEONlCl'S.
668 1499 710 1511 -
736 1464 784 1543 15,
802 1463 857 1541 45.
875 1462 1055 1529 Tradidere
1068 1463 1207 1552 quidam
1220 1484 1390 1529 venenum
1405 1460 1582 1550 (Senecae)
1598 1484 1658 1550 per

419 1569 578 1635 libertum
607 1569 725 1659 ipsius,
754 1570 808 1635 cui
836 1593 962 1636 nomen
998 1569 1189 1649 Cleonicus,
1213 1577 1366 1659 paratum
1395 1570 1491 1635 iussu
1512 1567 1657 1635 Neronis

418 1677 630 1767 vitatumque
658 1700 677 1743 a
711 1677 838 1744 Seneca
885 1678 1077 1766 proditione
1116 1677 1228 1744 liberti
1271 1701 1331 1743 seu
1369 1676 1503 1765 propria
1542 1675 1659 1743 lormi-

419 1784 538 1851 dine...

376 1890 663 1958 CLEOPATRA.
688 1892 792 1971 -V,
818 1918 850 1982 9.
878 1893 1051 1960 Antonius
1080 1893 1215 1960 Felix...
1244 1893 1393 1959 Drusilla
1412 1892 1612 1981 Cleopatrae
1624 1899 1659 1959 et

418 2001 560 2066 Antonii
576 2008 676 2088 nepte
691 2001 726 2065 in
742 2001 997 2067 matrimonium
1012 2009 1190 2090 accepta...

375 2106 663 2174 CLEOPATRA.
681 2149 723 2161 -
749 2133 799 2189 rr,
817 2108 871 2176 30.
889 2109 1085 2197 Calpurnia,
1109 2109 1144 2174 id
1158 2108 1277 2198 paelici
1293 2108 1454 2196 (Claudii)
1474 2130 1655 2191 nomem...

418 2216 575 2304 nupsisse
595 2215 815 2281 Messalinam
835 2216 918 2283 Silio
943 2216 1122 2294 exclamat,
1149 2215 1251 2281 simul
1265 2215 1481 2305 Cleopatram
1501 2215 1657 2303 (alteram

418 2324 608 2412 paelicem),
627 2346 713 2413 quae
733 2323 767 2388 id
782 2324 961 2411 opperiens
972 2323 1141 2403 adstabat,
1162 2347 1204 2390 an
1219 2324 1439 2413 comperisset
1456 2323 1655 2411 interrogat,

419 2440 520 2519 atque
536 2431 593 2496 illa
608 2430 776 2497 adnuente
786 2429 838 2498 ²...

377 2538 555 2605 CLlTAE.
572 2578 616 2588 -
636 2537 669 2616 6,
685 2541 739 2616 Ar.
758 2539 823 2604 Per
846 2538 937 2604 idern
956 2546 1091 2627 tempus
1120 2538 1307 2605 Clitarum³
1333 2539 1438 2620 natio,
1464 2537 1659 2626 Cappadoci

420 2646 588 2712 Archelao
618 2645 824 2725 subiecta...,
853 2646 887 2710 in
913 2647 992 2734 iuga
1013 2646 1115 2712 Tauri
1140 2647 1266 2712 montis
1300 2646 1520 2725 abscessit...,
1549 2644 1657 2711 donec

419 2762 467 2828 M.
485 2762 673 2828 Trebellius
702 2762 876 2852 legatus...
903 2763 946 2828 ad
969 2763 1174 2829 deditionem
1187 2764 1309 2852 coegit.
1327 2803 1370 2813 -
1390 2787 1440 2844 ra,
1459 2760 1512 2829 55.
1530 2764 1657 2851 Agres-

423 2872 507 2935 tium
524 2870 670 2935 Cilicum
689 2871 856 2952 nationes,
873 2871 996 2959 quibus
1021 2872 1187 2938 Clitarum
1207 2878 1481 2959 cognomentum,
1499 2893 1600 2959 saepe
1624 2879 1658 2937 ct

417 2978 501 3043 alias
538 2976 738 3057 commotae,
766 2986 846 3044 tunc
880 2978 1074 3045 Troxobore
1113 2980 1197 3046 duce
1217 2987 1350 3045 montes
1378 3001 1516 3067 asperos
1536 2980 1657 3046 castris

421 3108 580 3174 cepere...

375 3194 413 3259 P.
432 3193 659 3261 CL01)1VS⁴.
677 3232 721 3246 -
740 3218 789 3273 rr,
809 3219 840 3283 7.
859 3196 1026 3285 (Suillius,
1051 3196 1288 3276 Cossutianus
1305 3196 1422 3282 ceteri)
1442 3194 1654 3262 disserunt...

418 3309 574 3391 prompta
585 3303 650 3367 sibi
665 3302 833 3391 exempla,
849 3306 987 3391 quantis
1000 3302 1212 3369 mercedibus
1223 3303 1261 3369 P.
1280 3302 1419 3368 Clodius
1431 3309 1489 3368 aut
1501 3302 1540 3369 C.
1554 3302 1656 3369 Curio

419 3410 606 3475 contionari
621 3409 712 3475 soliti
728 3411 809 3475 sint.

372 3516 425 3605 (T.
448 3517 654 3607 CLODIVS)
676 3517 839 3583 EPlllVS
861 3517 1150 3596 MARCELLVS,
1177 3543 1210 3585 v.
1243 3518 1408 3585 EPRIVS
1442 3518 1653 3584 MARCEL-

421 3625 516 3691 LVS.
1287 3659 1290 3665 ’

374 3732 567 3799 Ctolrlt's
583 3732 756 3815 MACER,
779 3734 974 3800 MACEllf’.
1001 3772 1045 3783 -
1065 3733 1090 3813 Ι,
1114 3758 1146 3822 7.
1162 3734 1261 3798 Forte
1274 3742 1477 3821 congruerat
1491 3741 1528 3799 ut
1544 3733 1656 3799 Clodii

418 3839 525 3904 Macri
552 3850 586 3906 ct
617 3841 746 3907 Fonteii
782 3842 958 3930 Capitonis
990 3840 1110 3907 caedes
1152 3843 1397 3907 nuntiarentur.
1434 3841 1587 3907 Macrum
1620 3843 1655 3906 in

420 3946 534 4013 Africa
553 3948 643 4013 haud
668 3949 767 4014 dubie
794 3949 987 4014 turbantem
1013 3948 1201 4014 Trebonius
1224 3949 1430 4014 Garutianus
1458 3956 1657 4038 procurater

420 4056 510 4118 iussu
530 4055 699 4121 Galbae...
718 4056 971 4144 (interiecerat).
996 4095 1039 4106 -
1060 4054 1086 4134 l,
1116 4081 1165 4123 rr.
1189 4056 1304 4122 Alrica
1326 4079 1364 4121 ae
1387 4056 1538 4143 legiones
1554 4057 1588 4121 in
1603 4080 1653 4137 ea,

421 4162 594 4227 interiecto
621 4163 740 4227 Clodio
760 4163 888 4241 Macr0,
906 4170 1066 4229 contenta
1086 4164 1324 4253 qualicumque
1338 4164 1489 4252 principe
1502 4171 1580 4252 post
1598 4187 1656 4230 ex·

419 4268 645 4357 perimentum
663 4270 792 4337 domini
806 4271 958 4337 minaria.
977 4310 1015 4322 -—
1035 4271 1061 4353 l,
1078 4271 1131 4360 37,
1147 4273 1329 4362 (Loquitur
1342 4270 1444 4360 Otho)
1476 4296 1492 4337 u
1506 4270 1656 4349 ...Quam

407 4539 415 4573 ¹
435 4538 467 4586 V.
486 4537 569 4587 ctiam
582 4551 607 4595 a,
618 4544 657 4594 lo.

406 4620 468 4668 ²V.
486 4620 568 4667 etiam
585 4634 620 4672 ιι,
637 4632 678 4680 ²9·

373 4749 376 4754 ,
405 4698 630 4750 ³ld:cietarum.
644 4699 718 4746 Corr.
737 4697 853 4759 Lipsius.
866 4697 1191 4761 [Prioresrcitarum)-
1214 4698 1322 4748 Codicis
1343 4701 1508 4764 scripturam
1535 4701 1656 4751 defendit

375 4780 587 4839 Ad.tl·'n.nn1.u,
611 4778 836 4843 maturiet-epm.
854 4778 948 4828 Mittlr.
973 4793 1023 4827 aur
1055 4779 1275 4845 Orsterr.-Unp.,
1292 4797 1328 4845 17,
1355 4796 1381 4842 p.
1400 4797 1421 4839 1,
1440 4782 1511 4830 haud
1540 4783 1597 4831 scio
1622 4797 1655 4831 an

372 4863 438 4914 iure.
456 4866 542 4924 Κιῇτω,
556 4861 628 4909 eninr
644 4861 671 4908 in
689 4860 816 4917 numinis,
836 4861 918 4919 Κιητίς
936 4860 963 4907 iu
979 4860 1204 4922 inscriptionibus
1226 4865 1421 4912 memorantur.

405 4942 459 4992 ll’.
475 4942 586 4993 Clodius
602 4941 725 5001 Pulcher,
743 4942 802 4990 ned.
818 4955 875 4989 cur.
895 4956 918 4990 a.
935 4939 1053 5003 o98=5u

405 5025 417 5061 ὅ
434 5025 463 5073 L.
477 5023 587 5073 Clodius
605 5023 704 5073 Macer.
725 5022 848 5080 Proser„
866 5037 921 5084 9²2·
