3709 6234
803 872 920 923 MOESM
1447 866 1496 922 lbi

220 1007 371 1075 MOESI.
386 1046 428 1058 —
454 1008 504 1089 15,
523 1008 555 1074 6.
566 1009 690 1088 Quinta
701 1010 862 1097 (legione)
879 1035 965 1101 quae
979 1034 1112 1099 nupere
1128 1011 1275 1076 Moesis¹
1293 1013 1340 1094 (in
1354 1012 1501 1099 Syriam)

264 1118 474 1183 exciteerat.

221 1224 405 1291 MOESlA.
427 1262 471 1275 -
499 1251 526 1304 r,
545 1226 599 1292 80.
623 1226 830 1314 Prorogatur
847 1228 1004 1315 Poppaeo
1028 1227 1154 1293 Sabino
1172 1226 1343 1314 provincia
1359 1227 1499 1299 Moesia,

264 1331 387 1397 additis
413 1333 541 1397 Achaia
570 1356 607 1398 ac
638 1333 850 1399 Macedonia.
887 1373 907 1380 —
939 1360 970 1404 α,
993 1334 1047 1398 66.
1072 1334 1225 1399 Latinius
1260 1334 1416 1397 Pandusa
1440 1357 1500 1421 pro

264 1446 415 1526 praetore
441 1439 631 1505 Moesiae...
661 1441 827 1506 Defuncto
850 1442 1050 1510 Pandusa...
1072 1439 1253 1528 (Tiberius)
1277 1441 1500 1527 Pomponium

265 1546 464 1613 Flaccum...
487 1547 634 1612 Moesiae
669 1548 840 1635 praefecit.
884 1590 886 1594 ·
925 1551 956 1626 4,
982 1552 1012 1614 5.
1036 1549 1197 1637 ltipam...
1218 1548 1364 1612 Danuvii
1393 1548 1501 1635 legio-

264 1677 344 1718 num
356 1654 443 1720 duae
459 1655 491 1718 in
509 1655 696 1734 Pannonia,
720 1656 804 1721 duae
820 1657 853 1720 in
875 1657 1004 1721 Moesia
1023 1656 1225 1732 attinebant,
1244 1656 1381 1721 totidem
1412 1655 1500 1741 apud

263 1761 466 1826 Delmatiam
501 1762 620 1827 locatis
655 1802 696 1810 —
718 1766 748 1839 Ι.
770 1767 823 1850 47.
848 1764 1054 1852 (Poppaeus)
1094 1763 1296 1838 Sabinus...,
1320 1771 1500 1852 postquam

263 1867 470 1957 Pomponius
496 1869 608 1934 Labeo
637 1894 654 1935 e
680 1869 808 1934 Moesia
837 1894 915 1934 cum
945 1870 1078 1956 legione
1099 1870 1277 1957 (venit)...,
1303 1870 1345 1935 ad
1367 1869 1500 1933 hostem

262 1975 442 2062 pergit-
461 1975 492 2053 6,
522 2000 574 2064 29.
610 1977 817 2063 Pomponius
840 1976 964 2056 Labeo,
1000 2000 1100 2064 quem
1133 1976 1319 2063 praefuisse
1352 1975 1500 2040 Moesiae

263 2081 475 2149 rettuli...-
502 2083 527 2158 Ι,
551 2082 604 2171 76.
633 2084 767 2148 Primus
801 2085 924 2148 tutoni
955 2084 1112 2148 liduciam
1138 2083 1270 2148 addidit
1297 2107 1337 2147 ex
1366 2083 1500 2170 lllyrico

263 2190 413 2269 nuntiuS,
430 2190 558 2255 iurasse
571 2192 605 2255 in
617 2214 694 2256 eum
709 2191 897 2256 Dalmatiae
914 2215 951 2254 ac
969 2191 1162 2255 Pannoniae
1181 2198 1214 2254 et
1230 2189 1378 2254 Moesiae
1397 2190 1501 2274 legio-

263 2319 333 2361 nes.
371 2334 399 2343 -
427 2296 452 2372 Ι,
472 2323 524 2386 79.
549 2297 753 2377 Rhoxolani,
766 2299 953 2364 Sarmatica
969 2321 1108 2383 gens...,
1125 2320 1246 2382 magna
1263 2320 1322 2384 spe
1336 2296 1499 2362 Moesiam

262 2404 501 2490 inruperant...
520 2406 568 2470 M.
588 2406 744 2492 Aponius
768 2406 932 2470 Moesiam
953 2404 1110 2469 obtinens
1130 2402 1324 2490 triumphali
1346 2410 1497 2468 statua...

262 2510 447 2596 (donatur).
480 2552 522 2562 -
548 2511 591 2588 ll,
627 2514 680 2578 32.
717 2513 810 2577 Tunc
839 2511 1022 2578 Suetonius
1062 2510 1265 2576 Paulinus...
1298 2510 1499 2576 disseruit...

261 2617 385 2681 Contra
403 2618 486 2706 ipsis
499 2621 610 2684 omnia
627 2620 786 2706 opulenta
808 2629 841 2685 et
863 2621 941 2698 lida,
969 2620 1191 2694 Pannoniam,
1216 2618 1392 2700 Moesiam,
1423 2617 1500 2682 Del-

265 2725 415 2803 matiam,
447 2726 632 2811 Orientem,
669 2751 745 2792 cum
784 2728 925 2814 integris
954 2727 1200 2792 exercitibus...
1220 2725 1324 2806 -ll,
1347 2725 1400 2801 46.
1432 2725 1500 2790 Nec

271 2834 473 2918 praetoriani
494 2841 638 2912 tantum,
675 2836 830 2923 proprius
859 2835 1005 2900 Othonis
1034 2834 1142 2910 miles,
1187 2834 1245 2898 sed
1271 2834 1445 2921 praemissi
1483 2857 1500 2897 e

261 2938 389 3004 Moesia
416 2941 570 3006 eamdem
592 2941 855 3007 obstinationem
885 2941 1103 3007 adventantis
1127 2941 1308 3009 exercitus
1349 2939 1500 3028 legiones

261 3045 452 3133 Aquileiam
470 3047 639 3139 ingressas
655 3050 897 3115 nuntiabant...
916 3088 957 3097 -
976 3048 1019 3120 ΙΙ,
1038 3050 1090 3135 74.
1102 3048 1359 3135 (Vespasianus)
1367 3048 1497 3112 tertiam

263 3151 443 3240 legionem,
462 3155 583 3244 quode
600 3156 697 3244 Syria
719 3157 753 3220 in
775 3157 937 3221 Moesiam
955 3156 1145 3232 transisset,
1169 3178 1263 3219 suam
1284 3154 1494 3220 numerabat.

261 3298 301 3308 -
324 3259 441 3330 11.83.
464 3263 683 3330 Mucianus..
702 3264 845 3328 classem
870 3288 887 3328 e
913 3264 1022 3328 Ponto
1049 3263 1248 3350 Byzantium
1279 3260 1369 3347 adigi
1389 3262 1497 3326 iusse-

260 3374 321 3443 rat,
344 3369 524 3457 ambiguus
544 3370 689 3448 consilii,
716 3395 797 3436 num
819 3372 943 3435 omissa
969 3370 1099 3434 Moesia
1133 3370 1358 3455 Dyrrachium
1384 3369 1496 3456 pedite

260 3482 361 3561 atque
388 3478 540 3564 equite...
565 3478 720 3564 (peteret)
759 3518 802 3528 -
825 3478 867 3547 ll.
890 3478 944 3544 85.
968 3477 1170 3542 Adcelerata
1205 3476 1339 3541 interim
1369 3477 1497 3563 Vespa-

251 3582 342 3646 siani
362 3593 479 3671 coepta
502 3586 627 3672 lllyrici
643 3588 810 3652 exercitus
836 3587 948 3650 studio
966 3584 1168 3672 transgressi
1185 3583 1219 3647 in
1237 3592 1361 3671 partes.
1382 3583 1493 3648 Tertia

258 3686 346 3774 legio
375 3692 568 3779 exemplum
613 3695 733 3758 ceteris
778 3694 926 3758 Moesiae
965 3692 1156 3778 legionibus
1186 3689 1352 3778 praebuit,
1376 3697 1495 3754 octava

258 3804 381 3862 cratae
401 3801 543 3887 septima
571 3800 799 3867 Claudiana...
842 3800 878 3864 ln
909 3824 948 3865 eo
978 3810 1070 3865 motu
1102 3799 1259 3886 Aponius
1291 3797 1494 3862 Saturninus

258 3900 404 3970 Moesiae
437 3914 546 3971 rector
573 3908 756 3994 pessimum
790 3907 918 3972 facinus
948 3907 1061 3978 audet,
1093 3907 1197 3970 misso
1227 3904 1423 3970 centurione
1451 3904 1492 3969 ad

263 4009 529 4078 interficiendum
557 4014 704 4079 Tettium
732 4014 897 4078 lulianum
932 4016 1094 4101 septimae
1127 4013 1269 4100 legionis
1299 4011 1489 4096 legatum...

257 4121 448 4187 lulianus..
467 4145 525 4208 per
541 4122 613 4185 avia
641 4122 787 4186 Moesiae
803 4122 892 4187 ultra
913 4130 1062 4186 montem
1085 4121 1250 4185 Haemum
1270 4119 1429 4207 profugit.
1447 4157 1492 4170 -

257 4228 316 4302 ΙΙΙ,
340 4228 391 4305 46,
415 4228 506 4292 Mota
521 4236 554 4293 et
573 4230 739 4292 Dacorum
766 4253 849 4315 gens
877 4252 1063 4316 numquam
1088 4228 1165 4305 lida,
1181 4237 1259 4291 tuuc
1282 4227 1354 4290 sine
1384 4235 1488 4300 metu,

253 4335 398 4400 abducto
415 4359 432 4399 e
450 4335 574 4398 Moesia
591 4337 767 4401 exercitu..
796 4337 958 4400 Fonteius
972 4335 1124 4422 Agrippa
1141 4359 1182 4398 ex
1198 4335 1322 4398 Asia...
1342 4332 1489 4398 Moesiae

256 4442 467 4529 praepositus
483 4451 544 4506 est.
568 4481 609 4489 —-
626 4442 685 4520 ΙΙΙ,
704 4442 756 4508 53,
781 4443 953 4506 Autonius
970 4442 1135 4528 (Primus)
1151 4440 1281 4505 litteras
1302 4440 1343 4504 ad
1361 4440 1490 4526 Vespa-

252 4549 384 4612 sianum
394 4550 643 4634 composuitt...
660 4549 731 4613 suis
746 4549 893 4614 stimulis
906 4550 1035 4613 excitos
1044 4548 1191 4614 Moesiae
1202 4547 1317 4613 duces.
1341 4568 1363 4615 .:
1381 4569 1490 4635 neque

251 4655 384 4720 oslicere
412 4656 540 4742 gloriae
574 4680 701 4726 eorum.
725 4657 782 4744 qui
811 4656 948 4721 Daciam
973 4655 1109 4721 interim
1129 4654 1400 4742 composuerint;
1418 4653 1487 4718 illis

251 4760 400 4827 Moesiae
420 4787 548 4850 pacem,
572 4763 635 4826 sibi
650 4763 794 4828 salutem
813 4764 1096 4852 securitatemque
1113 4762 1229 4828 ltaliae
1257 4761 1350 4828 cordi
1373 4761 1487 4827 luisse.

240 5001 247 5034 ¹
266 4999 397 5062 Ruperti:
419 4999 530 5050 Moesia.
548 4999 599 5046 Sed
613 5000 641 5046 ct
662 5006 697 5054 rt.
710 5015 740 5062 ²9
759 5001 906 5048 :Paulinus
922 5000 1069 5049 Suetonius
1084 5000 1229 5048 obtinebat
1239 4999 1394 5048 Britannos.
