3709 6234
689 855 824 908 LICINIVS
843 856 1007 907 IIVCIAIIVS
1437 856 1486 913 Ill

251 994 405 1084 Namque
421 994 600 1060 Mucianus
614 1003 684 1061 tam
704 995 805 1061 celeri
820 996 961 1061 victoria
976 997 1098 1062 anxius
1117 1005 1162 1078 et,
1187 1000 1220 1062 ni
1235 1021 1396 1086 praesens
1409 999 1491 1064 urbe

251 1103 427 1190 potiretur,
457 1111 629 1188 expertem
663 1126 699 1167 se
732 1101 810 1167 belli
841 1103 1036 1193 gloriaeque
1065 1112 1171 1183 ratus,
1201 1105 1243 1170 ad
1270 1107 1489 1196 (Antonium)

252 1210 401 1274 Primum
419 1218 452 1275 et
467 1210 632 1298 (Arrium)
648 1210 773 1274 Varum
787 1210 897 1275 media
914 1210 1141 1297 scriptitabat,
1154 1213 1348 1277 instandum
1361 1215 1490 1301 coeptis

251 1324 307 1381 aut
327 1340 445 1381 rursus
456 1317 637 1381 cunctandi
658 1317 824 1382 utilitates
844 1317 1077 1384 edisserens...
1106 1318 1256 1384 Plotium
1278 1321 1487 1407 Gripbum...

250 1433 446 1512 ceterosque
462 1422 526 1487 sibi
548 1424 633 1488 lidos
649 1426 797 1512 apertius
809 1425 952 1504 monuit,
972 1425 1072 1514 hique
1088 1450 1205 1491 omnes
1216 1427 1257 1491 de
1272 1428 1488 1493 festinatione

250 1531 354 1595 Primi
374 1555 412 1596 ac
425 1532 503 1596 Vari
526 1532 664 1596 sinistre
686 1539 719 1596 et
731 1532 890 1596 Muciano
906 1532 1057 1597 volentia
1072 1534 1285 1620 rescripsere.
1299 1574 1341 1582 -
1358 1534 1486 1612 111‚53.

250 1640 360 1724 Aegre
390 1638 424 1702 id
444 1640 515 1726 pati
545 1640 717 1704 Antonius
744 1639 927 1726 etculpam
945 1639 979 1703 in
996 1640 1194 1705 Mucianum
1214 1642 1488 1711 conIerre.cuius

248 1746 541 1811 criminationibus
565 1745 764 1810 eviluissent
808 1746 957 1834 pericula
995 1770 1097 1813 sua..
1139 1748 1285 1812 Litteras
1301 1748 1343 1812 ad
1359 1749 1487 1837 Vespa-

248 1853 380 1917 sianum
394 1853 640 1940 composuit...
658 1876 717 1917 nec
734 1853 805 1917 sine
815 1855 946 1918 occulta
960 1854 994 1918 iu
1010 1853 1206 1919 Mucianum
1222 1856 1485 1922 insectatione...

251 1960 320 2025 Nec
341 1960 488 2025 fefellere
513 1985 549 2024 ea
570 1961 778 2025 Mucianum.
817 1959 898 2025 Inde
915 1984 1036 2046 graves
1052 1961 1255 2039 simultates
1275 1986 1360 2050 quae
1376 1965 1486 2028 Anto-

249 2069 324 2132 nius
340 2067 542 2155 simplicius,
559 2069 737 2133 Mucianus
753 2066 874 2132 callide
899 2092 1005 2156 eoque
1028 2067 1278 2156 implacabilius
1303 2068 1484 2135 nutriebat.

246 2214 289 2224 -
329 2175 388 2248 III.
430 2175 484 2240 63.
525 2175 600 2239 Non
643 2176 786 2240 omisere
823 2198 883 2262 per
911 2198 969 2238 eos
989 2174 1061 2240 dies
1078 2176 1279 2261 (Antonius)
1298 2177 1433 2241 Primus
1449 2201 1486 2242 ac

246 2283 394 2370 (Arrius)
412 2283 562 2348 Varus...
584 2281 771 2347 salutemet
785 2282 1004 2370 pecuniam...
1021 2283 1139 2347 ollerre
1156 2282 1303 2360 Vitellio,
1324 2285 1351 2347 si
1367 2285 1485 2371 positis

246 2392 349 2454 armis
377 2414 478 2477 seque
504 2413 541 2454 ae
561 2389 686 2454 liberos
706 2413 785 2454 suos
807 2390 1017 2477 Vespasiano
1034 2390 1256 2477 permisisset.
1277 2391 1313 2455 In
1329 2390 1484 2455 eumdem

247 2498 383 2561 modum
408 2506 441 2561 et
456 2498 636 2562 Mucianus
660 2498 852 2584 composuit
867 2496 1042 2583 epistulas,
1066 2535 1107 2545 -
1125 2496 1186 2576 ΙΙΙ,
1203 2496 1259 2563 66.
1282 2496 1327 2562 Vt
1342 2498 1484 2587 quisque

248 2604 385 2669 Vitellio
415 2605 514 2675 lidus,
546 2605 591 2669 ita
617 2627 734 2691 pacem
768 2613 801 2668 et
817 2604 1034 2668 condiciones
1056 2603 1323 2669 abnuebant...«
1342 2602 1483 2668 Fabium

247 2711 451 2797 (Flavianis)
472 2711 692 2776 Valentem...
734 2734 955 2798 praegravem
987 2712 1100 2792 luisse,
1133 2712 1259 2776 nedum
1284 2711 1483 2800 (Antonius)

251 2819 383 2882 l’rimus
417 2842 454 2883 ac
482 2817 689 2902 (Cornelius)
717 2818 844 2882 Fuscus
867 2826 900 2883 et
927 2819 1099 2906 specimen
1120 2819 1266 2906 partium
1305 2818 1484 2884 Mucianus

244 2925 349 2989 ullam
370 2926 403 2990 in
429 2926 603 2990 Vitellium
620 2925 684 2989 nisi
700 2925 873 2989 occidendi
890 2924 1064 2989 licentiam
1078 2924 1224 2991 babeant
1246 2954 1274 2991 n.
1293 2965 1336 2974 —
1357 2925 1480 3014 111.75.

244 3032 388 3096 Caedem
424 3033 546 3112 (Flavii
574 3032 706 3112 Sabini)
728 3032 851 3097 laetam
876 3033 980 3096 fuisse
1012 3032 1168 3097 Muciano
1191 3034 1393 3120 accepimus
1439 3072 1483 3085 -

246 3138 304 3217 ΙΙΙ,
342 3144 395 3225 78.
417 3139 615 3225 Vespasiani
643 3139 810 3202 exercitus
840 3139 945 3203 Iestos
978 3138 1115 3203 Saturni
1154 3138 1225 3203 dics
1256 3139 1402 3204 Ocriculi
1424 3164 1483 3227 per

244 3247 349 3310 otium
382 3245 545 3331 agitabat.
577 3245 684 3309 Causa
721 3254 787 3310 tarn
810 3270 932 3332 pravae
960 3268 1085 3320 morae,
1104 3254 1142 3310 ut
1162 3246 1356 3310 Mucianum
1373 3270 1482 3333 oppe-

244 3355 400 3417 rircutur.
437 3352 504 3417 Nec
538 3352 673 3416 ‹Iosuerc
703 3354 761 3440 qui
777 3353 966 3416 Antonium
992 3352 1241 3440 suspicionibus
1258 3361 1478 3436 arguerent...

244 3460 311 3524 Atii
332 3460 408 3524 ficta
441 3460 520 3523 hacc
554 3468 587 3524 et
616 3460 651 3523 in
685 3461 827 3542 gratiam
868 3460 1016 3523 Muciani
1054 3460 1240 3545 composita
1271 3459 1478 3541 (avaluna...

244 3566 419 3631 Mucianus
439 3567 607 3652 ambiguis
638 3567 792 3653 epistulis
826 3567 971 3630 victores
1001 3565 1207 3634 morabatur.
1245 3573 1278 3630 et
1307 3566 1480 3630 Antonius

244 3683 459 3762 praepostero
480 3674 655 3761 obsequio,
691 3673 743 3737 vel
766 3673 846 3736 dom
867 3674 990 3756 regerit
1006 3672 1180 3742 invidiam.
1198 3673 1323 3736 crimen
1344 3673 1477 3738 meruit.

242 3818 284 3830 -
301 3781 357 3858 IV.
376 3783 407 3856 4.
428 3780 568 3844 Miserat
588 3789 620 3844 et.
640 3781 819 3843 Mucianus
835 3777 998 3865 epistulas
1014 3778 1056 3841 ad
1081 3787 1248 3852 senatum,
1265 3801 1350 3866 quae
1367 3787 1479 3843 mate-

242 3888 325 3951 riam
359 3887 572 3952 sermonibus
611 3886 836 3973 praebuere...
869 3883 979 3950 Multo
1017 3908 1092 3948 cum
1133 3885 1259 3949 honore
1298 3885 1478 3950 verborum

242 3993 398 4059 MucIano
415 3992 630 4080 triumphalia
650 3993 690 4056 de
708 3992 797 4056 bello
813 3992 938 4056 civium
956 3992 1045 4064 data,
1064 3991 1122 4056 sed
1138 3992 1171 4055 in
1186 3992 1358 4056 Sarmatas
1371 4015 1478 4081 expe-

241 4100 323 4166 ditio
344 4101 546 4186 lingebatur.
586 4139 628 4150 -
657 4101 713 4170 IV,
748 4123 796 4163 rr.
830 4100 1009 4163 Mucianus
1029 4098 1336 4184 urbemingressus
1358 4108 1478 4165 cuncta

241 4215 340 4280 simul
361 4217 394 4279 in
416 4239 451 4279 se
468 4217 581 4281 traxit.
608 4215 723 4279 Fracta
749 4215 852 4277 l‘rimi
872 4214 1013 4278 Antonii
1044 4214 1191 4302 Varique
1211 4215 1302 4279 Arrii
1313 4217 1475 4302 potentia,

240 4322 326 4387 male
336 4322 547 4387 dissimulata
574 4324 606 4386 in
633 4346 690 4385 eos
711 4322 859 4385 Muciani
891 4321 1077 4392 iracundia.
1101 4321 1366 4408 quamvisvultu
1384 4330 1477 4408 tege-

241 4439 372 4495 retur...
390 4430 611 4517 (Calpurnius
636 4428 850 4510 Ualerianus)
871 4430 966 4493 iussu
992 4429 1139 4494 Muciani
1164 4429 1316 4494 custodia
1341 4429 1478 4495 militari

239 4539 411 4602 cinctus...
436 4537 477 4600 ad
502 4536 822 4624 quadragensimum
851 4535 893 4599 ab
913 4535 996 4600 urbe
1021 4535 1168 4623 lapidem
1198 4537 1310 4624 Appia
1331 4538 1385 4601 viu
1405 4538 1477 4602 Iuso

241 4669 299 4733 per
323 4667 428 4707 venas
448 4643 873 4729 sanguineexstinguitur.
893 4680 933 4696 -
956 4643 1000 4707 IV
1006 4695 1013 4714 ,
1037 4646 1090 4719 al.
1123 4641 1266 4727 (Milites
1294 4642 1476 4707 llordconir

241 4752 350 4817 Flacci
365 4757 447 4834 non)
469 4750 624 4836 ambigue
652 4749 879 4816 fremebant...
906 4774 972 4813 non
991 4749 1094 4813 l’rimi
1116 4750 1258 4813 :latonii
1275 4773 1383 4838 neque
1399 4751 1476 4815 Mu-

238 4859 325 4924 ciani
352 4882 413 4944 ope
444 4857 689 4943 Vespasianum
736 4857 842 4940 magis
883 4856 1084 4921 adolevisse.
1103 4895 1146 4908 -
1175 4856 1231 4933 IV,
1260 4855 1314 4945 39.
1350 4858 1476 4922 Caesar

239 4967 452 5034 Domitianus
467 4974 659 5054 praeturam
670 4965 799 5055 cepit...
817 4964 876 5026 Vis
892 4987 995 5056 penes
1011 4964 1207 5034 Mucianum
1236 4972 1347 5031 erat...
1372 4965 1472 5030 l'rac·

588 5141 1145 5501 Α
