3709 6234
801 883 970 937 AVGVSTVS
1477 879 1528 934 109

291 1024 474 1105 GVSTVS,
517 1024 701 1091 CAESAR
738 1023 1032 1090 OCTAVIANl'S
1062 1060 1105 1074 —
1146 1048 1172 1104 r,
1209 1048 1233 1087 ι.
1259 1023 1376 1089 Cito...
1409 1023 1527 1111 Lepidi

290 1140 388 1221 atque
404 1131 546 1198 Antonii
561 1155 654 1197 arma
676 1132 710 1196 in
732 1134 929 1219 Augustum
952 1154 1095 1211 cessere,
1126 1130 1182 1220 qui
1203 1139 1367 1196 cuncta...
1391 1132 1527 1196 nomine

292 1239 452 1327 principis
467 1238 531 1304 sub
545 1240 723 1328 imperium
745 1239 916 1327 accepit...
933 1237 1196 1326 Temporibus...
1216 1237 1362 1324 Augusti
1375 1236 1528 1302 dicendis

291 1369 355 1411 non
390 1346 526 1413 defuere
552 1347 674 1413 decora
694 1346 841 1434 ingenia,
871 1346 978 1411 donec
998 1347 1162 1434 gliscente
1192 1345 1386 1411 adulatione
1420 1345 1529 1409 deter-

292 1462 483 1521 rerentur...
502 1453 691 1519 Consilium
713 1454 795 1518 mibi
816 1477 922 1540 pauca
938 1453 980 1518 de
996 1455 1153 1540 Augusto
1168 1461 1202 1518 et
1217 1462 1365 1519 extrema
1382 1452 1526 1532 tradere,

291 1599 333 1613 -
359 1587 387 1643 ι,
411 1586 443 1628 2.
466 1563 619 1627 Exuto...
640 1561 779 1650 Lepido,
801 1560 978 1627 interfecto
994 1562 1158 1642 Antonio,
1180 1584 1221 1626 ne
1238 1560 1377 1626 lulianis
1391 1560 1529 1649 quidem

292 1669 443 1757 partibus
488 1670 553 1735 nisi
587 1670 712 1735 Caesar
744 1669 813 1733 dux
858 1668 1020 1757 reliquuS,
1055 1670 1164 1757 posito
1194 1669 1360 1733 triumviri
1395 1668 1531 1733 nomine

292 1776 466 1843 consulem
496 1801 531 1843 se
551 1776 662 1843 ferens
692 1784 766 1842 et...
796 1774 979 1841 tribunicio
1007 1777 1078 1841 iure
1107 1784 1347 1843 contentum...
1370 1812 1412 1823 -
1437 1799 1464 1853 1,
1497 1774 1528 1842 3.

293 1885 471 1973 Augustus
483 1883 635 1950 subsidia
649 1884 869 1949 dominationi
883 1884 894 1968 t
899 1885 1051 1972 parat)...
1069 1884 1191 1972 (Livia)
1206 1907 1321 1949 senem
1336 1885 1530 1969 Augustum

294 1991 491 2058 devinxerat
511 1992 606 2074 adeo,
625 1993 673 2058 uti
691 2000 848 2079 nepotem
870 1991 1020 2072 unicum,
1045 1992 1233 2080 Agrippam
1257 1992 1471 2071 Postumum,
1498 1991 1531 2055 in

294 2099 441 2164 insulam
459 2099 653 2164 Planasiam
666 2099 883 2187 proiecerit...
907 2138 943 2148 -
979 2123 1006 2176 1,
1024 2102 1055 2176 ά.
1074 2098 1175 2163 Nulla
1192 2099 1226 2162 in
1247 2121 1406 2188 praesens
1420 2098 1533 2162 formi-

295 2206 384 2287 dine,
407 2206 488 2271 dum
514 2207 692 2293 Augustus
720 2214 828 2272 aetate
847 2206 980 2271 validus
1012 2230 1115 2294 seque
1139 2213 1173 2272 et
1198 2206 1336 2270 domum
1363 2214 1397 2270 et
1417 2229 1530 2294 paoem

296 2315 510 2381 sustentavit.
556 2315 742 2403 Postquam
768 2323 926 2403 provecta
948 2315 1013 2379 iam
1035 2322 1191 2378 senectus
1217 2337 1317 2400 aegro
1337 2320 1369 2378 et
1395 2336 1534 2401 corpore

295 2421 539 2511 fatigabatur...
558 2461 602 2471 -
630 2446 657 2500 r,
688 2422 719 2487 5.
745 2422 834 2487 Haec
863 2429 965 2510 atque
993 2421 1074 2487 talia
1095 2420 1303 2509 agitantibus
1335 2443 1533 2508 gravescere

297 2529 455 2595 ualetudo
470 2528 618 2616 Augusti
653 2581 660 2594 .
680 2529 808 2593 llumor
822 2529 1006 2595 incesserat
1022 2551 1147 2617 paucos
1160 2535 1238 2593 ante
1251 2551 1384 2593 menses
1400 2528 1535 2613 Augus-

298 2646 410 2703 tum...
430 2638 622 2703 Planasiam
643 2644 778 2702 vectum
811 2637 853 2702 ad
869 2636 1047 2702 visendum
1073 2637 1281 2725 Agrippam:
1313 2636 1439 2702 multas
1466 2636 1533 2700 illie

296 2747 465 2835 utrimque
491 2746 690 2811 lacrimas..
718 2744 815 2823 Quod
847 2744 1018 2833 (Fabium)
1051 2744 1241 2809 Maximum
1270 2745 1367 2809 uxori
1390 2742 1534 2808 Marciae

299 2854 482 2943 aperuisse,
512 2852 605 2917 illam
623 2852 749 2918 liviae.
768 2854 919 2916 Gnarum
949 2852 1155 2934 idCaesari;
1189 2875 1299 2940 neque
1325 2852 1432 2917 multe
1459 2858 1536 2939 post

298 2964 464 3027 exstincto
499 2961 661 3041 Maximo,
701 2959 842 3025 dubium
878 2984 920 3024 an
943 2960 1095 3048 quaesita
1123 2969 1273 3026 morte...
1303 2960 1419 3048 Neque
1453 2960 1536 3023 satis

299 3076 497 3159 conpertum
514 3076 577 3149 est,
602 3068 787 3156 spirantem
812 3068 921 3132 adhue
938 3070 1131 3154 Augustum
1153 3068 1242 3156 apud
1268 3067 1383 3132 urbem
1414 3065 1534 3131 Nolam

298 3200 338 3242 an
365 3176 558 3242 exanimem
583 3176 768 3264 reppererit
797 3175 964 3262 (liberius
994 3200 1035 3240 ex
1071 3175 1205 3262 Illyrico
1234 3177 1386 3264 properis
1417 3175 1536 3239 rustris

297 3284 418 3351 litteris
429 3285 613 3374 accitus)...
632 3285 792 3363 Provisis,
805 3307 890 3373 quae
904 3291 1036 3371 tempus
1048 3282 1218 3363 monebat,
1235 3283 1334 3348 simul
1351 3284 1537 3348 excessisse

299 3395 542 3481 Augustumet
571 3416 680 3457 rerum
708 3392 807 3480 potiri
829 3391 996 3457 Neronem
1022 3391 1109 3455 fama
1134 3391 1251 3457 eadem
1273 3390 1361 3457 tulit.
1379 3429 1423 3440 -
1449 3416 1474 3470 r,
1502 3389 1534 3456 6.

298 3498 1539 3589 MultasinedubiosaevaqueAugustusdemoribustAgrippaePostumi)

298 3616 449 3696 questus,
469 3616 505 3673 ut
519 3608 659 3673 exilium
674 3609 746 3672 cius
769 3615 906 3672 senatus
926 3606 1083 3672 consulto
1108 3607 1308 3684 sanciretur,
1340 3605 1535 3694 perfecerat.

301 3715 457 3782 Ceterum
472 3718 506 3780 in
518 3715 646 3781 nullius
657 3739 818 3804 umquam
841 3738 979 3780 suorum
999 3737 1114 3779 necem
1127 3714 1273 3779 durarit.
1365 3713 1468 3801 r‚7.'f
1472 3713 1537 3778 ibe·

301 3825 410 3892 rius...
428 3848 470 3888 ne
491 3823 638 3890 edictum
654 3823 803 3912 quidem.
821 3846 887 3911 quo
901 3830 1014 3910 patres
1035 3823 1213 3887 incuriam
1230 3821 1383 3901 vocabat,
1401 3821 1465 3884 nisi
1482 3821 1539 3886 tri·

301 3932 456 3998 bunieiae
477 3933 657 4021 potestatis
672 3931 936 4020 praescriptione
952 3930 1066 4019 posuit
1088 3929 1150 3994 sub
1166 3929 1323 4017 Augusto
1339 3937 1536 4019 acceptae...

302 4040 468 4107 Defuncto
489 4040 646 4128 Augusto
680 4040 814 4127 signum
841 4039 1018 4127 praetoriis
1039 4037 1246 4114 cohortibuS,
1277 4045 1314 4103 ut
1343 4037 1535 4126 imperator,

303 4148 453 4215 dederat.
470 4186 513 4197 -
538 4173 565 4229 ι,
593 4150 624 4213 8.
643 4147 767 4236 (ldem)
787 4147 870 4212 nihil
900 4147 1010 4235 primo
1035 4153 1173 4211 senatus
1203 4145 1257 4210 die
1272 4143 1325 4232 agi
1353 4170 1474 4235 passus
1488 4155 1540 4211 est

304 4250 365 4321 nisi
382 4255 423 4321 de
440 4255 607 4344 supremis
622 4255 782 4343 Augusti,
800 4253 897 4319 euius
912 4261 1151 4320 testamentum
1163 4253 1306 4318 inlatum
1320 4276 1380 4341 per
1391 4251 1540 4340 virgines

303 4359 610 4431 l‘estae'l'iberium
638 4370 672 4428 et
698 4363 828 4427 Liviam
859 4362 999 4427 heredes
1017 4360 1175 4427 babuit...
1201 4357 1412 4450 Populum...
1430 4360 1540 4426 edicto

304 4473 446 4553 monuit,
469 4495 551 4538 ne...
584 4471 779 4558 Augustum
808 4471 841 4534 in
871 4470 942 4535 foro
963 4470 1076 4558 potius
1097 4492 1198 4557 quarn
1217 4469 1251 4533 in
1271 4492 1390 4557 campo
1407 4464 1539 4548 Martis,

305 4581 381 4647 sede
408 4580 590 4657 destinata,
621 4571 762 4644 eremari
792 4577 930 4645 vellent.
954 4614 993 4627 -
1020 4593 1048 4657 1,
1066 4603 1099 4668 9.
1134 4576 1264 4643 Multus
1292 4576 1369 4643 binc
1399 4575 1473 4667 ipso
1501 4577 1543 4643 de

306 4691 462 4777 Augusto
484 4711 636 4754 sermo...
656 4726 697 4738 -
727 4710 754 4764 1,
785 4698 832 4753 to.
852 4685 969 4751 Caesis
996 4685 1105 4750 llirtio
1131 4693 1165 4750 et
1190 4686 1312 4766 Pansa,
1337 4683 1408 4750 sive
1436 4686 1544 4752 hostis

304 4796 393 4878 illos,
412 4820 513 4863 seu...
530 4795 583 4861 sui
599 4795 725 4861 milites
736 4790 885 4859 Hirtium
898 4800 932 4858 et
947 4792 1157 4858 machinator
1175 4788 1244 4857 doli
1262 4792 1387 4859 Caesar
1400 4793 1545 4860 abstule

306 4914 356 4971 rat
391 4905 613 4993 ...Augustus
645 4903 762 4992 paucis
777 4908 855 4968 ante
895 4900 1009 4979 anniS,
1046 4924 1124 4965 eum
1163 4900 1296 4966 Tiberio
1330 4893 1542 4967 tribuniciam

308 5019 509 5102 potestatem
544 5035 562 5077 a
595 5011 748 5100 patribus
781 5030 913 5075 rursum
951 5007 1149 5096 postularet,
1183 5029 1388 5097 quamquam
1416 5008 1542 5075 honora
