3709 6234
798 879 936 931 naulum
1466 871 1520 927 589

278 1057 321 1067 —
341 1017 374 1097 6,
411 1020 460 1094 ιά.
494 1017 622 1081 Rubrio
644 1017 784 1096 Fabato,
809 1028 982 1107 tamquam
1008 1018 1194 1106 desperatis
1223 1017 1324 1083 rebus
1356 1018 1518 1082 Romanis

281 1124 480 1189 Parthorum
511 1125 552 1188 ad
580 1125 843 1190 misericordiam
865 1125 1040 1212 lugeret...
1072 1165 1114 1174 -
1134 1125 1165 1202 6,
1185 1127 1237 1189 51.
1263 1124 1445 1211 (Tiberius)
1471 1125 1519 1189 rei

279 1231 451 1295 Romanae
471 1232 649 1297 arbitrium
675 1232 784 1297 tribus
811 1232 913 1296 terme
939 1241 972 1297 et
993 1234 1113 1319 viginti
1141 1232 1267 1318 (annis)
1288 1231 1446 1296 obtinuit.
1473 1268 1518 1281 -

283 1362 332 1413 ra,
351 1364 383 1426 7.
410 1340 539 1405 Cuncta
562 1338 704 1403 feminae
727 1339 968 1426 (Agrippinae)
994 1338 1229 1410 oboediehaut,
1252 1362 1319 1403 non
1339 1361 1398 1425 per
1418 1339 1518 1404 lasei-

278 1446 379 1521 viam,
394 1454 430 1509 ut
444 1446 639 1523 Messalina,
657 1445 757 1510 rebus
773 1447 937 1510 Romanis
952 1445 1159 1511 inludenti...
1173 1484 1216 1495 -
1235 1469 1284 1525 ra,
1311 1468 1360 1511 ιι.
1389 1473 1404 1503 «
1433 1444 1516 1509 Rem

280 1552 467 1617 Romanam
493 1552 557 1617 huc
585 1554 740 1618 satietate
763 1553 891 1638 gloriae
921 1563 1129 1641 provectam,
1152 1562 1187 1617 ut
1210 1553 1360 1618 externis
1384 1575 1517 1645 quoque

277 1659 437 1746 gentibus
457 1661 604 1747 quietem
633 1660 727 1725 velit.
758 1684 772 1721 ιι
800 1698 844 1709 -
875 1660 924 1741 ι3,
958 1666 1012 1749 49.
1038 1690 1053 1720 «
1082 1661 1131 1725 l)e
1156 1660 1246 1725 bello
1266 1669 1324 1724 aut
1353 1683 1446 1747 paee,
1476 1659 1517 1723 de

277 1766 500 1852 vectigalibus
514 1777 548 1832 ot
563 1766 706 1852 legibus,
719 1767 909 1855 quibusque
921 1768 997 1831 aliis
1008 1792 1061 1831 res
1079 1768 1231 1832 Romana
1247 1766 1479 1853 (continetur).
1500 1792 1515 1828 ιι

277 1914 319 1922 -
354 1877 403 1950 nl,
440 1898 489 1962 ¹9·
521 1874 686 1938 Servilius
715 1874 772 1938 diu
802 1874 886 1950 loro,
918 1898 997 1938 mox
1024 1874 1196 1939 [radendis
1220 1873 1320 1938 rebus
1356 1874 1517 1938 Romanis

277 1980 430 2046 celehris.
452 2019 495 2029 —
516 1980 564 2058 16,
601 1981 649 2044 16.
681 1981 732 2045 lra
761 1981 818 2044 illa
841 1982 1019 2046 numinum
1042 1982 1075 2044 in
1105 2005 1158 2045 res
1180 1981 1350 2044 Romanas
1374 1981 1449 2046 luit.
1474 2019 1517 2029 —

277 2088 304 2159 l,
337 2111 385 2151 ιι.
412 2087 474 2151 llic
495 2088 558 2152 suit
583 2111 693 2151 rerum
727 2088 974 2152 Romanarum¹
1005 2097 1125 2164 status,
1152 2111 1334 2153 cum...—
1355 2087 1449 2159 ll,6.
1472 2086 1518 2152 Vt

279 2196 449 2259 Othonem
472 2218 510 2259 ac
532 2194 705 2259 l'itellium
735 2195 887 2260 scelestis
906 2196 1008 2258 armis
1034 2218 1087 2259 res
1115 2195 1285 2258 Romanas
1306 2203 1440 2281 raptum
1469 2195 1516 2259 ire

277 2301 455 2387 vulgatum
479 2308 541 2365 est.
574 2340 616 2350 —
647 2300 689 2378 ll,
722 2302 776 2388 69.
806 2302 986 2378 Maiarum,
1018 2301 1108 2388 apud
1140 2324 1226 2389 quos
1259 2302 1386 2366 virtute
1414 2324 1515 2390 quam

277 2408 417 2496 pecunia
452 2431 505 2472 res
540 2408 690 2471 Romana
721 2407 841 2472 melius
870 2409 977 2473 stetit.
1009 2447 1051 2456 —
1083 2407 1142 2488 ΙΙΙ,
1162 2407 1214 2484 46,
1273 2408 1423 2472 Turbata
1459 2431 1517 2496 per

275 2515 412 2579 eosdem
428 2514 500 2578 dies
518 2514 698 2579 Germania
711 2523 785 2579 et...
804 2538 908 2603 prope
925 2514 1059 2579 adtlicta
1077 2514 1228 2579 Romana
1241 2537 1304 2578 res.
1324 2554 1366 2566 -
1383 2515 1439 2593 lV,
1464 2518 1513 2592 ¹6·

276 2621 412 2709 (Civilis
440 2621 528 2709 apud
559 2621 705 2686 Batavos
734 2621 886 2707 disserit)
905 2645 1089 2710 numquam
1115 2621 1223 2708 magis
1249 2621 1418 2687 adflictam
1444 2645 1514 2687 rem

277 2729 477 2795 Romanam.
493 2768 536 2777 —
553 2728 597 2791 lv
603 2781 609 2809 ‚
626 2753 677 2793 ur.
706 2753 722 2792 (ι
748 2728 892 2816 Perluga
907 2728 1055 2794 Batavus
1072 2727 1248 2793 arbitrium
1263 2751 1373 2793 rerum
1391 2728 1516 2793 Roma·

275 2836 415 2901 naruml
435 2859 476 2900 ne
497 2843 622 2923 ageret.
654 2861 669 2897 ιι
694 2875 737 2885 -
760 2836 817 2916 lv,
837 2836 889 2900 25.
908 2834 1148 2901 Adlluentibus
1163 2835 1299 2899 auxiliis
1319 2835 1510 2908 Gallorum,

276 2944 333 3030 qui
351 2944 459 3031 primo
483 2966 553 3007 rem
571 2942 759 3007 Romanam
779 2943 876 3008 enixe
896 2942 1071 3007 iuvabant.
1090 2982 1132 2991 -
1154 2942 1211 3020 ll',
1235 2946 1287 3030 57.
1311 2942 1514 3008 Obtestantc

275 3049 403 3115 Vocula
428 3074 496 3114 non
516 3050 599 3113 adeo
621 3049 788 3116 turbatam
814 3049 973 3115 eis-'ilibus
992 3050 1096 3114 armis
1124 3072 1194 3114 rem
1221 3049 1450 3116 Roumnam...
1473 3089 1515 3098 -

275 3156 331 3236 lV,
350 3156 402 3245 76.
420 3158 524 3222 'l'utor
538 3158 751 3222 cunctatione
765 3181 914 3222 crescere
930 3180 1000 3221 rem
1022 3157 1209 3221 Romanam
1226 3156 1438 3222 adfirmabat.

232 3263 266 3350 7)
291 3263 431 3329 Rouana
471 3285 669 3340 sransrrruo,
707 3280 873 3340 Ροιιῖιίιι,
913 3285 976 3340 vis,
1024 3284 1126 3340 urnis,
1168 3285 1261 3340 urcio,
1308 3284 1511 3340 lucrorum,

277 3391 524 3436 rrosrauauurus
539 3409 582 3419 -
594 3395 624 3446 2,
643 3370 671 3435 3.
685 3371 886 3437 Arnienia...
909 3394 1015 3434 vacua
1032 3379 1111 3434 tunc
1141 3371 1295 3458 interque
1314 3370 1513 3435 Parthorum

275 3484 308 3541 et
329 3478 497 3542 Romanas
515 3501 596 3564 opes
608 3477 721 3541 inlida.
739 3515 783 3528 -
800 3501 830 3558 α,
854 3501 903 3543 ιο.
919 3477 1051 3542 Diversi
1066 3476 1256 3553 ordiuntur,
1270 3477 1322 3540 hic
1337 3477 1506 3564 magnitu-

276 3584 390 3648 dinem
407 3585 637 3649 Romauam...
657 3621 691 3631 -
706 3609 736 3656 2,
755 3583 808 3648 60.
829 3584 925 3648 llaud
943 3584 1055 3648 minus
1072 3584 1250 3670 magnilica
1261 3607 1362 3672 quam
1374 3607 1462 3648 nunc
1479 3584 1512 3647 ri

278 3690 480 3755 Parthorum
509 3699 567 3754 aut
602 3691 752 3778 potentia
790 3691 941 3755 Romana
962 3690 1130 3756 iubentur.
1156 3728 1199 3738 —
1232 3689 1263 3769 3,
1296 3690 1349 3754 60.
1383 3690 1513 3776 Regum

276 3799 389 3878 etiam,
420 3799 478 3886 qui
513 3806 589 3862 ante
622 3798 689 3860 vim
722 3797 909 3862 Romanam
944 3796 1132 3862 valuerant.
1189 3835 1228 3845 -
1259 3800 1291 3877 d,
1324 3799 1352 3873 l.
1386 3797 1510 3863 Mihi...

276 3905 529 3993 exsequendum
554 3927 641 3981 reor,
671 3928 757 3993 quae
778 3912 859 3968 tunc
889 3904 1041 3969 Romana
1057 3905 1153 3992 eopia
1169 3905 1204 3968 in
1220 3904 1333 3981 armiS,
1358 3906 1415 3992 qui
1432 3905 1514 3969 socii

275 4036 413 4096 reges...
436 4052 472 4065 —
489 4014 520 4089 Δ,
540 4011 593 4076 50.
614 4011 798 4077 Educibus
830 4011 1041 4100 (Thraecum)
1063 4011 1201 4077 Dinis...
1225 4010 1326 4097 longo
1354 4035 1415 4076 usu
1443 4013 1512 4076 vim

275 4128 374 4206 atque
408 4118 621 4183 clementiam
667 4118 854 4183 Romanam
891 4117 1042 4184 edoctus
1090 4157 1133 4167 —
1171 4142 1220 4197 ιι,
1261 4118 1310 4183 ι6.
1354 4146 1367 4178 ιι
1397 4118 1512 4184 Adimi

274 4235 423 4291 veterem
440 4227 641 4290 Germaniae
662 4225 854 4291 libertatem
870 4233 903 4290 et
919 4226 1092 4291 Romanas
1107 4248 1187 4313 opes
1208 4226 1394 4312 insurgere.
1426 4252 1441 4288 ιι
1469 4266 1512 4276 -

280 4356 329 4404 15.
378 4334 426 4397 15.
465 4333 532 4397 Nee
568 4334 629 4397 luit
667 4334 699 4396 in
755 4333 859 4397 arduo
903 4333 1047 4397 societas
1097 4333 1283 4421 potentiam
1324 4333 1511 4397 Romanam

275 4440 435 4505 adversus
456 4439 621 4512 rebellem,
643 4440 861 4504 Mithridaten
881 4439 1142 4504 ostentantibus.
1162 4478 1204 4487 -
1237 4439 1286 4518 13,
1304 4438 1358 4516 511.
1383 4440 1512 4504 Durius

274 4550 439 4612 Avitus...
463 4547 650 4611 minitando
667 4548 734 4610 rim
756 4548 985 4613 Romanam...
1003 4545 1151 4636 perpulit
1177 4546 1375 4630 (Frisiorum
1394 4547 1510 4631 duces)

275 4680 389 4744 preces
433 4655 612 4743 suscipere.
644 4693 684 4702 —
727 4657 776 4736 15,
816 4679 843 4719 ι.
884 4655 957 4720 Rex
1007 4654 1210 4718 Parthorum
1258 4653 1507 4741 Vologaesus...

263 4924 269 4956 ¹
291 4923 338 4975 ld:
358 4939 542 4973 romanorum.

262 5003 311 5055 ²ld
325 5019 330 5051 :
351 5008 509 5053 romanoru.
