<?xml version="1.0" encoding="UTF-8"?>
<!DOCTYPE html PUBLIC "-//W3C//DTD XHTML 1.0 Transitional//EN"
    "http://www.w3.org/TR/xhtml1/DTD/xhtml1-transitional.dtd">
<html xmlns="http://www.w3.org/1999/xhtml" xml:lang="en" lang="en">
 <head>
  <title>
</title>
<meta http-equiv="Content-Type" content="text/html;charset=utf-8" />
  <meta name='ocr-system' content='tesseract 3.04.00' />
  <meta name='ocr-capabilities' content='ocr_page ocr_carea ocr_par ocr_line ocrx_word'/>
</head>
<body>
  <div class='ocr_page' id='page_1' title='image "./onomasticontaci00fabigoog_0417.png"; bbox 0 0 3709 6234; ppageno 0'>
   <div class='ocr_carea' id='block_1_1' title="bbox 689 873 1489 932">
    <p class='ocr_par' dir='ltr' id='par_1_1' title="bbox 689 873 1489 932">
     <span class='ocr_line' id='line_1_1' title="bbox 689 873 1489 932; baseline -0.006 0"><span class='ocrx_word' id='word_1_1' title='bbox 689 879 825 932; x_wconf 80' lang='lat' dir='ltr'>LICINIVS</span> <span class='ocrx_word' id='word_1_2' title='bbox 845 878 1009 930; x_wconf 76' lang='lat' dir='ltr'>ltvctaavs</span> <span class='ocrx_word' id='word_1_3' title='bbox 1437 873 1489 929; x_wconf 72' lang='lat'>⁴09</span> 
     </span>
    </p>
   </div>
   <div class='ocr_carea' id='block_1_2' title="bbox 208 1018 1613 4757">
    <p class='ocr_par' dir='ltr' id='par_1_2' title="bbox 252 1018 1489 1432">
     <span class='ocr_line' id='line_1_2' title="bbox 252 1018 1487 1106; baseline -0.004 -18"><span class='ocrx_word' id='word_1_4' title='bbox 252 1023 338 1101; x_wconf 90' lang='lat' dir='ltr'>dius,</span> <span class='ocrx_word' id='word_1_5' title='bbox 358 1022 519 1090; x_wconf 84' lang='lat' dir='ltr'>Crassum</span> <span class='ocrx_word' id='word_1_6' title='bbox 536 1022 624 1087; x_wconf 89' lang='lat' dir='ltr'>Nero</span> <span class='ocrx_word' id='word_1_7' title='bbox 645 1022 895 1087; x_wconf 79' lang='lat' dir='ltr'>interfecerant.</span> <span class='ocrx_word' id='word_1_8' title='bbox 920 1058 963 1071; x_wconf 90' lang='lat'>—</span> <span class='ocrx_word' id='word_1_9' title='bbox 979 1018 1038 1100; x_wconf 89' lang='lat' dir='ltr'>IV,</span> <span class='ocrx_word' id='word_1_10' title='bbox 1060 1021 1114 1096; x_wconf 71' lang='lat' dir='ltr'>ta.</span> <span class='ocrx_word' id='word_1_11' title='bbox 1137 1018 1343 1106; x_wconf 79' lang='lat' dir='ltr'>(Aquilium)</span> <span class='ocrx_word' id='word_1_12' title='bbox 1374 1018 1487 1105; x_wconf 86' lang='lat' dir='ltr'>Regu·</span> 
     </span>
     <span class='ocr_line' id='line_1_3' title="bbox 254 1125 1487 1196; baseline -0.003 -2"><span class='ocrx_word' id='word_1_13' title='bbox 254 1130 325 1194; x_wconf 91' lang='lat' dir='ltr'>lum</span> <span class='ocrx_word' id='word_1_14' title='bbox 353 1130 515 1196; x_wconf 86' lang='lat' dir='ltr'>subversa</span> <span class='ocrx_word' id='word_1_15' title='bbox 549 1129 750 1195; x_wconf 80' lang='lat' dir='ltr'>Crassorum</span> <span class='ocrx_word' id='word_1_16' title='bbox 780 1136 813 1193; x_wconf 83' lang='lat' dir='ltr'>et</span> <span class='ocrx_word' id='word_1_17' title='bbox 842 1126 940 1191; x_wconf 78' lang='lat' dir='ltr'>Orfiti</span> <span class='ocrx_word' id='word_1_18' title='bbox 969 1125 1090 1190; x_wconf 90' lang='lat' dir='ltr'>domus</span> <span class='ocrx_word' id='word_1_19' title='bbox 1121 1127 1155 1190; x_wconf 95' lang='lat' dir='ltr'>in</span> <span class='ocrx_word' id='word_1_20' title='bbox 1181 1149 1353 1191; x_wconf 88' lang='lat' dir='ltr'>summum</span> <span class='ocrx_word' id='word_1_21' title='bbox 1373 1125 1487 1190; x_wconf 89' lang='lat' dir='ltr'>odium</span> 
     </span>
     <span class='ocr_line' id='line_1_4' title="bbox 254 1233 1489 1324; baseline -0.004 -21"><span class='ocrx_word' id='word_1_22' title='bbox 254 1239 449 1316; x_wconf 80' lang='lat' dir='ltr'>extulerat..</span> <span class='ocrx_word' id='word_1_23' title='bbox 503 1238 546 1302; x_wconf 71' lang='lat' dir='ltr'>Iit</span> <span class='ocrx_word' id='word_1_24' title='bbox 572 1236 723 1324; x_wconf 88' lang='lat' dir='ltr'>Sulpicia</span> <span class='ocrx_word' id='word_1_25' title='bbox 753 1236 970 1300; x_wconf 87' lang='lat' dir='ltr'>Praetextata</span> <span class='ocrx_word' id='word_1_26' title='bbox 997 1233 1111 1300; x_wconf 80' lang='lat' dir='ltr'>Crassi</span> <span class='ocrx_word' id='word_1_27' title='bbox 1139 1257 1224 1298; x_wconf 84' lang='lat' dir='ltr'>uxor</span> <span class='ocrx_word' id='word_1_28' title='bbox 1262 1242 1489 1322; x_wconf 89' lang='lat' dir='ltr'>quattuorque</span> 
     </span>
     <span class='ocr_line' id='line_1_5' title="bbox 255 1341 1130 1432; baseline -0.001 -23"><span class='ocrx_word' id='word_1_29' title='bbox 255 1344 363 1418; x_wconf 83' lang='lat' dir='ltr'>liberi,</span> <span class='ocrx_word' id='word_1_30' title='bbox 381 1345 410 1409; x_wconf 90' lang='lat' dir='ltr'>si</span> <span class='ocrx_word' id='word_1_31' title='bbox 431 1353 650 1432; x_wconf 86' lang='lat' dir='ltr'>cognosceret</span> <span class='ocrx_word' id='word_1_32' title='bbox 669 1351 820 1424; x_wconf 77' lang='lat' dir='ltr'>senatuS,</span> <span class='ocrx_word' id='word_1_33' title='bbox 838 1342 966 1408; x_wconf 89' lang='lat' dir='ltr'>ultores</span> <span class='ocrx_word' id='word_1_34' title='bbox 978 1341 1130 1408; x_wconf 90' lang='lat' dir='ltr'>aderant.</span> 
     </span>
    </p>

    <p class='ocr_par' dir='ltr' id='par_1_3' title="bbox 210 1448 1491 1754">
     <span class='ocr_line' id='line_1_6' title="bbox 210 1448 1490 1537; baseline -0.005 -17"><span class='ocrx_word' id='word_1_35' title='bbox 210 1452 406 1520; x_wconf 82' lang='lat' dir='ltr'>LICINIVS</span> <span class='ocrx_word' id='word_1_36' title='bbox 436 1450 658 1518; x_wconf 70' lang='lat' dir='ltr'>GABOLVS.</span> <span class='ocrx_word' id='word_1_37' title='bbox 681 1490 725 1502; x_wconf 88' lang='lat'><em>-</em></span> <span class='ocrx_word' id='word_1_38' title='bbox 753 1452 802 1527; x_wconf 73' lang='lat' dir='ltr'>id,</span> <span class='ocrx_word' id='word_1_39' title='bbox 835 1474 885 1515; x_wconf 85' lang='lat'>12.</span> <span class='ocrx_word' id='word_1_40' title='bbox 911 1449 1042 1515; x_wconf 91' lang='lat' dir='ltr'>Nero...</span> <span class='ocrx_word' id='word_1_41' title='bbox 1065 1456 1222 1537; x_wconf 86' lang='lat' dir='ltr'>praetura</span> <span class='ocrx_word' id='word_1_42' title='bbox 1242 1449 1376 1514; x_wconf 81' lang='lat' dir='ltr'>functos</span> <span class='ocrx_word' id='word_1_43' title='bbox 1392 1448 1490 1514; x_wconf 85' lang='lat' dir='ltr'>Vale-</span> 
     </span>
     <span class='ocr_line' id='line_1_7' title="bbox 254 1555 1491 1648; baseline 0 -24"><span class='ocrx_word' id='word_1_44' title='bbox 254 1560 340 1624; x_wconf 91' lang='lat' dir='ltr'>rium</span> <span class='ocrx_word' id='word_1_45' title='bbox 358 1561 557 1648; x_wconf 77' lang='lat' dir='ltr'>Capitonem</span> <span class='ocrx_word' id='word_1_46' title='bbox 587 1566 620 1623; x_wconf 93' lang='lat' dir='ltr'>et</span> <span class='ocrx_word' id='word_1_47' title='bbox 640 1558 807 1622; x_wconf 90' lang='lat' dir='ltr'>Licinium</span> <span class='ocrx_word' id='word_1_48' title='bbox 828 1555 1015 1622; x_wconf 90' lang='lat' dir='ltr'>Gabolum¹</span> <span class='ocrx_word' id='word_1_49' title='bbox 1037 1555 1173 1621; x_wconf 89' lang='lat' dir='ltr'>sedibus</span> <span class='ocrx_word' id='word_1_50' title='bbox 1198 1557 1315 1646; x_wconf 88' lang='lat' dir='ltr'>patriis</span> <span class='ocrx_word' id='word_1_51' title='bbox 1341 1556 1491 1625; x_wconf 75' lang='lat' dir='ltr'>reddidit</span> 
     </span>
     <span class='ocr_line' id='line_1_8' title="bbox 254 1665 748 1754; baseline -0.004 -23"><span class='ocrx_word' id='word_1_52' title='bbox 254 1667 295 1731; x_wconf 89' lang='lat' dir='ltr'>ab</span> <span class='ocrx_word' id='word_1_53' title='bbox 321 1668 508 1754; x_wconf 77' lang='lat' dir='ltr'>Agrippina</span> <span class='ocrx_word' id='word_1_54' title='bbox 523 1665 603 1729; x_wconf 93' lang='lat' dir='ltr'>olim</span> <span class='ocrx_word' id='word_1_55' title='bbox 620 1665 748 1753; x_wconf 83' lang='lat' dir='ltr'>pulsos</span> 
     </span>
    </p>

    <p class='ocr_par' dir='ltr' id='par_1_4' title="bbox 208 1771 1020 1859">
     <span class='ocr_line' id='line_1_9' title="bbox 208 1771 1020 1859; baseline -0.001 -20"><span class='ocrx_word' id='word_1_56' title='bbox 208 1773 436 1859; x_wconf 78' lang='lat' dir='ltr'>(LICINIVS)</span> <span class='ocrx_word' id='word_1_57' title='bbox 456 1772 703 1850; x_wconf 79' lang='lat' dir='ltr'>LVCVLLVS,</span> <span class='ocrx_word' id='word_1_58' title='bbox 720 1796 752 1839; x_wconf 91' lang='lat' dir='ltr'>v.</span> <span class='ocrx_word' id='word_1_59' title='bbox 772 1771 1020 1838; x_wconf 88' lang='lat' dir='ltr'>LVCVLLVS.</span> 
     </span>
    </p>

    <p class='ocr_par' dir='ltr' id='par_1_5' title="bbox 210 1877 1613 4757">
     <span class='ocr_line' id='line_1_10' title="bbox 210 1877 1492 1969; baseline -0.002 -23"><span class='ocrx_word' id='word_1_60' title='bbox 210 1879 406 1946; x_wconf 86' lang='lat' dir='ltr'>LICINIVS</span> <span class='ocrx_word' id='word_1_61' title='bbox 423 1879 671 1959; x_wconf 79' lang='lat' dir='ltr'>MVCIANVS,</span> <span class='ocrx_word' id='word_1_62' title='bbox 689 1877 755 1942; x_wconf 90' lang='lat' dir='ltr'>MV</span> <span class='ocrx_word' id='word_1_63' title='bbox 760 1878 926 1945; x_wconf 84' lang='lat' dir='ltr'>CIANVS</span> <span class='ocrx_word' id='word_1_64' title='bbox 937 1878 961 1945; x_wconf 66' lang='lat'>².</span> <span class='ocrx_word' id='word_1_65' title='bbox 977 1879 1059 1958; x_wconf 92' lang='lat' dir='ltr'>-I,</span> <span class='ocrx_word' id='word_1_66' title='bbox 1077 1902 1126 1944; x_wconf 87' lang='lat' dir='ltr'>ro.</span> <span class='ocrx_word' id='word_1_67' title='bbox 1140 1880 1273 1966; x_wconf 77' lang='lat' dir='ltr'>Syriam</span> <span class='ocrx_word' id='word_1_68' title='bbox 1289 1888 1492 1969; x_wconf 79' lang='lat' dir='ltr'>etquattuor</span> 
     </span>
     <span class='ocr_line' id='line_1_11' title="bbox 254 1985 1613 2077; baseline 0 -25"><span class='ocrx_word' id='word_1_69' title='bbox 254 1987 404 2075; x_wconf 84' lang='lat' dir='ltr'>legiones</span> <span class='ocrx_word' id='word_1_70' title='bbox 428 1986 603 2052; x_wconf 81' lang='lat' dir='ltr'>obtinebat</span> <span class='ocrx_word' id='word_1_71' title='bbox 626 1986 775 2051; x_wconf 87' lang='lat' dir='ltr'>Licinius</span> <span class='ocrx_word' id='word_1_72' title='bbox 803 1985 993 2064; x_wconf 90' lang='lat' dir='ltr'>Mucianus,</span> <span class='ocrx_word' id='word_1_73' title='bbox 1023 1987 1075 2051; x_wconf 90' lang='lat' dir='ltr'>vir</span> <span class='ocrx_word' id='word_1_74' title='bbox 1099 1987 1256 2052; x_wconf 89' lang='lat' dir='ltr'>secundis</span> <span class='ocrx_word' id='word_1_75' title='bbox 1271 1987 1490 2077; x_wconf 88' lang='lat' dir='ltr'>adversisque</span> <span class='ocrx_word' id='word_1_76' title='bbox 1610 2019 1613 2026; x_wconf 90' lang='lat'>·</span> 
     </span>
     <span class='ocr_line' id='line_1_12' title="bbox 255 2092 1489 2180; baseline 0.001 -21"><span class='ocrx_word' id='word_1_77' title='bbox 255 2095 347 2159; x_wconf 77' lang='lat' dir='ltr'>iuxta</span> <span class='ocrx_word' id='word_1_78' title='bbox 373 2094 533 2160; x_wconf 80' lang='lat' dir='ltr'>famosus.</span> <span class='ocrx_word' id='word_1_79' title='bbox 562 2093 718 2180; x_wconf 88' lang='lat' dir='ltr'>Insignes</span> <span class='ocrx_word' id='word_1_80' title='bbox 743 2093 909 2157; x_wconf 87' lang='lat' dir='ltr'>amicitias</span> <span class='ocrx_word' id='word_1_81' title='bbox 942 2094 1074 2158; x_wconf 86' lang='lat' dir='ltr'>iuvenis</span> <span class='ocrx_word' id='word_1_82' title='bbox 1107 2092 1284 2160; x_wconf 89' lang='lat' dir='ltr'>ambitiose</span> <span class='ocrx_word' id='word_1_83' title='bbox 1320 2094 1489 2172; x_wconf 85' lang='lat' dir='ltr'>coluerat;</span> 
     </span>
     <span class='ocr_line' id='line_1_13' title="bbox 256 2199 1492 2289; baseline 0.001 -23"><span class='ocrx_word' id='word_1_84' title='bbox 256 2225 333 2266; x_wconf 84' lang='lat' dir='ltr'>mox</span> <span class='ocrx_word' id='word_1_85' title='bbox 353 2202 478 2266; x_wconf 85' lang='lat' dir='ltr'>attritis</span> <span class='ocrx_word' id='word_1_86' title='bbox 494 2201 669 2289; x_wconf 89' lang='lat' dir='ltr'>opibus...,</span> <span class='ocrx_word' id='word_1_87' title='bbox 692 2209 848 2288; x_wconf 90' lang='lat' dir='ltr'>suspecta</span> <span class='ocrx_word' id='word_1_88' title='bbox 863 2200 964 2265; x_wconf 90' lang='lat' dir='ltr'>etiam</span> <span class='ocrx_word' id='word_1_89' title='bbox 980 2199 1114 2265; x_wconf 90' lang='lat' dir='ltr'>Claudii</span> <span class='ocrx_word' id='word_1_90' title='bbox 1129 2201 1314 2276; x_wconf 87' lang='lat' dir='ltr'>iracundia,</span> <span class='ocrx_word' id='word_1_91' title='bbox 1333 2203 1366 2266; x_wconf 91' lang='lat' dir='ltr'>in</span> <span class='ocrx_word' id='word_1_92' title='bbox 1382 2226 1492 2267; x_wconf 91' lang='lat' dir='ltr'>seere-</span> 
     </span>
     <span class='ocr_line' id='line_1_14' title="bbox 255 2307 1493 2397; baseline 0 -23"><span class='ocrx_word' id='word_1_93' title='bbox 255 2316 328 2374; x_wconf 91' lang='lat' dir='ltr'>tum</span> <span class='ocrx_word' id='word_1_94' title='bbox 348 2310 450 2374; x_wconf 76' lang='lat' dir='ltr'>Asiae</span> <span class='ocrx_word' id='word_1_95' title='bbox 466 2310 635 2396; x_wconf 88' lang='lat' dir='ltr'>sepositus</span> <span class='ocrx_word' id='word_1_96' title='bbox 655 2315 723 2373; x_wconf 87' lang='lat' dir='ltr'>tam</span> <span class='ocrx_word' id='word_1_97' title='bbox 744 2331 848 2395; x_wconf 91' lang='lat' dir='ltr'>prope</span> <span class='ocrx_word' id='word_1_98' title='bbox 861 2307 903 2372; x_wconf 87' lang='lat' dir='ltr'>ab</span> <span class='ocrx_word' id='word_1_99' title='bbox 922 2307 1021 2374; x_wconf 87' lang='lat' dir='ltr'>exule</span> <span class='ocrx_word' id='word_1_100' title='bbox 1042 2308 1104 2373; x_wconf 86' lang='lat' dir='ltr'>suit</span> <span class='ocrx_word' id='word_1_101' title='bbox 1116 2331 1216 2397; x_wconf 92' lang='lat' dir='ltr'>quam</span> <span class='ocrx_word' id='word_1_102' title='bbox 1234 2317 1350 2396; x_wconf 86' lang='lat' dir='ltr'>postea</span> <span class='ocrx_word' id='word_1_103' title='bbox 1367 2335 1385 2374; x_wconf 94' lang='lat' dir='ltr'>a</span> <span class='ocrx_word' id='word_1_104' title='bbox 1401 2310 1493 2397; x_wconf 89' lang='lat' dir='ltr'>prin·</span> 
     </span>
     <span class='ocr_line' id='line_1_15' title="bbox 255 2415 1492 2505; baseline 0 -24"><span class='ocrx_word' id='word_1_105' title='bbox 255 2417 369 2505; x_wconf 84' lang='lat' dir='ltr'>cipe...</span> <span class='ocrx_word' id='word_1_106' title='bbox 387 2416 488 2481; x_wconf 85' lang='lat' dir='ltr'>Malis</span> <span class='ocrx_word' id='word_1_107' title='bbox 510 2415 675 2504; x_wconf 89' lang='lat' dir='ltr'>bonisque</span> <span class='ocrx_word' id='word_1_108' title='bbox 695 2415 824 2480; x_wconf 90' lang='lat' dir='ltr'>artibus</span> <span class='ocrx_word' id='word_1_109' title='bbox 836 2415 1005 2480; x_wconf 87' lang='lat' dir='ltr'>mixtus...</span> <span class='ocrx_word' id='word_1_110' title='bbox 1022 2415 1084 2481; x_wconf 92' lang='lat' dir='ltr'>Cui</span> <span class='ocrx_word' id='word_1_111' title='bbox 1100 2415 1290 2503; x_wconf 84' lang='lat' dir='ltr'>expeditius</span> <span class='ocrx_word' id='word_1_112' title='bbox 1308 2417 1408 2481; x_wconf 83' lang='lat' dir='ltr'>suerIt</span> <span class='ocrx_word' id='word_1_113' title='bbox 1424 2425 1492 2482; x_wconf 88' lang='lat' dir='ltr'>tra-</span> 
     </span>
     <span class='ocr_line' id='line_1_16' title="bbox 256 2522 1492 2613; baseline -0.002 -24"><span class='ocrx_word' id='word_1_114' title='bbox 256 2525 334 2591; x_wconf 84' lang='lat' dir='ltr'>dere</span> <span class='ocrx_word' id='word_1_115' title='bbox 350 2526 527 2613; x_wconf 89' lang='lat' dir='ltr'>imperium</span> <span class='ocrx_word' id='word_1_116' title='bbox 544 2548 644 2613; x_wconf 88' lang='lat' dir='ltr'>quam</span> <span class='ocrx_word' id='word_1_117' title='bbox 662 2524 825 2589; x_wconf 90' lang='lat' dir='ltr'>obtinere.</span> <span class='ocrx_word' id='word_1_118' title='bbox 840 2561 885 2573; x_wconf 96' lang='lat'>-</span> <span class='ocrx_word' id='word_1_119' title='bbox 902 2522 927 2603; x_wconf 93' lang='lat' dir='ltr'>l,</span> <span class='ocrx_word' id='word_1_120' title='bbox 948 2522 1001 2610; x_wconf 79' lang='lat'>76.</span> <span class='ocrx_word' id='word_1_121' title='bbox 1020 2524 1137 2610; x_wconf 81' lang='lat' dir='ltr'>Syriae</span> <span class='ocrx_word' id='word_1_122' title='bbox 1151 2522 1300 2611; x_wconf 81' lang='lat' dir='ltr'>legiones</span> <span class='ocrx_word' id='word_1_123' title='bbox 1314 2525 1492 2589; x_wconf 84' lang='lat' dir='ltr'>Mucianus</span> 
     </span>
     <span class='ocr_line' id='line_1_17' title="bbox 256 2627 1493 2717; baseline -0.001 -23"><span class='ocrx_word' id='word_1_124' title='bbox 256 2640 465 2696; x_wconf 88' lang='lat' dir='ltr'>sacramento</span> <span class='ocrx_word' id='word_1_125' title='bbox 477 2630 622 2696; x_wconf 92' lang='lat' dir='ltr'>Othonis</span> <span class='ocrx_word' id='word_1_126' title='bbox 637 2628 792 2714; x_wconf 85' lang='lat' dir='ltr'>(adegit).</span> <span class='ocrx_word' id='word_1_127' title='bbox 809 2665 852 2677; x_wconf 96' lang='lat'>-</span> <span class='ocrx_word' id='word_1_128' title='bbox 870 2627 912 2709; x_wconf 91' lang='lat' dir='ltr'>II,</span> <span class='ocrx_word' id='word_1_129' title='bbox 936 2631 967 2704; x_wconf 72' lang='lat' dir='ltr'>d.</span> <span class='ocrx_word' id='word_1_130' title='bbox 987 2628 1108 2693; x_wconf 86' lang='lat' dir='ltr'>Tres...</span> <span class='ocrx_word' id='word_1_131' title='bbox 1123 2628 1330 2717; x_wconf 89' lang='lat' dir='ltr'>Vespasiano</span> <span class='ocrx_word' id='word_1_132' title='bbox 1342 2629 1493 2717; x_wconf 86' lang='lat' dir='ltr'>legiones</span> 
     </span>
     <span class='ocr_line' id='line_1_18' title="bbox 256 2734 1493 2825; baseline -0.001 -22"><span class='ocrx_word' id='word_1_133' title='bbox 256 2748 364 2812; x_wconf 89' lang='lat' dir='ltr'>erant,</span> <span class='ocrx_word' id='word_1_134' title='bbox 383 2739 549 2803; x_wconf 86' lang='lat' dir='ltr'>exercitae</span> <span class='ocrx_word' id='word_1_135' title='bbox 564 2736 665 2813; x_wconf 89' lang='lat' dir='ltr'>bello,</span> <span class='ocrx_word' id='word_1_136' title='bbox 684 2744 844 2825; x_wconf 88' lang='lat' dir='ltr'>quattuor</span> <span class='ocrx_word' id='word_1_137' title='bbox 873 2735 1052 2800; x_wconf 82' lang='lat' dir='ltr'>Mucianus</span> <span class='ocrx_word' id='word_1_138' title='bbox 1075 2734 1249 2802; x_wconf 90' lang='lat' dir='ltr'>obtinebat</span> <span class='ocrx_word' id='word_1_139' title='bbox 1265 2738 1298 2801; x_wconf 91' lang='lat' dir='ltr'>in</span> <span class='ocrx_word' id='word_1_140' title='bbox 1313 2761 1407 2825; x_wconf 86' lang='lat' dir='ltr'>pace,</span> <span class='ocrx_word' id='word_1_141' title='bbox 1434 2738 1493 2802; x_wconf 92' lang='lat' dir='ltr'>sed</span> 
     </span>
     <span class='ocr_line' id='line_1_19' title="bbox 255 2841 1493 2931; baseline -0.002 -20"><span class='ocrx_word' id='word_1_142' title='bbox 255 2845 435 2912; x_wconf 88' lang='lat' dir='ltr'>aemulatio</span> <span class='ocrx_word' id='word_1_143' title='bbox 465 2852 498 2909; x_wconf 94' lang='lat' dir='ltr'>et</span> <span class='ocrx_word' id='word_1_144' title='bbox 528 2843 671 2931; x_wconf 91' lang='lat' dir='ltr'>proximi</span> <span class='ocrx_word' id='word_1_145' title='bbox 696 2844 862 2908; x_wconf 88' lang='lat' dir='ltr'>exercitus</span> <span class='ocrx_word' id='word_1_146' title='bbox 890 2842 998 2929; x_wconf 87' lang='lat' dir='ltr'>gloria</span> <span class='ocrx_word' id='word_1_147' title='bbox 1018 2841 1194 2931; x_wconf 89' lang='lat' dir='ltr'>depulerat</span> <span class='ocrx_word' id='word_1_148' title='bbox 1213 2845 1433 2931; x_wconf 83' lang='lat' dir='ltr'>segnitiam...</span> <span class='ocrx_word' id='word_1_149' title='bbox 1450 2884 1493 2895; x_wconf 92' lang='lat'><em>-</em></span> 
     </span>
     <span class='ocr_line' id='line_1_20' title="bbox 257 2950 1492 3039; baseline 0 -22"><span class='ocrx_word' id='word_1_150' title='bbox 257 2953 299 3032; x_wconf 86' lang='lat' dir='ltr'>II,</span> <span class='ocrx_word' id='word_1_151' title='bbox 323 2955 354 3018; x_wconf 83' lang='lat'>5.</span> <span class='ocrx_word' id='word_1_152' title='bbox 378 2952 616 3017; x_wconf 85' lang='lat' dir='ltr'>Mucianum...</span> <span class='ocrx_word' id='word_1_153' title='bbox 649 2950 899 3037; x_wconf 80' lang='lat' dir='ltr'>magnificentia</span> <span class='ocrx_word' id='word_1_154' title='bbox 933 2958 967 3015; x_wconf 88' lang='lat' dir='ltr'>et</span> <span class='ocrx_word' id='word_1_155' title='bbox 1004 2974 1085 3039; x_wconf 93' lang='lat' dir='ltr'>opes</span> <span class='ocrx_word' id='word_1_156' title='bbox 1111 2959 1145 3016; x_wconf 89' lang='lat' dir='ltr'>et</span> <span class='ocrx_word' id='word_1_157' title='bbox 1173 2960 1294 3017; x_wconf 89' lang='lat' dir='ltr'>cuncta</span> <span class='ocrx_word' id='word_1_158' title='bbox 1323 2953 1492 3039; x_wconf 91' lang='lat' dir='ltr'>privatum</span> 
     </span>
     <span class='ocr_line' id='line_1_21' title="bbox 256 3054 1491 3148; baseline 0 -23"><span class='ocrx_word' id='word_1_159' title='bbox 256 3060 395 3125; x_wconf 91' lang='lat' dir='ltr'>modum</span> <span class='ocrx_word' id='word_1_160' title='bbox 426 3081 643 3147; x_wconf 90' lang='lat' dir='ltr'>supergressa</span> <span class='ocrx_word' id='word_1_161' title='bbox 676 3054 901 3135; x_wconf 81' lang='lat' dir='ltr'>extollebant;</span> <span class='ocrx_word' id='word_1_162' title='bbox 927 3057 1037 3145; x_wconf 89' lang='lat' dir='ltr'>aptior</span> <span class='ocrx_word' id='word_1_163' title='bbox 1057 3081 1210 3123; x_wconf 90' lang='lat' dir='ltr'>sermone</span> <span class='ocrx_word' id='word_1_164' title='bbox 1223 3067 1341 3146; x_wconf 89' lang='lat' dir='ltr'>(quam</span> <span class='ocrx_word' id='word_1_165' title='bbox 1357 3060 1491 3148; x_wconf 85' lang='lat' dir='ltr'>Vespa-</span> 
     </span>
     <span class='ocr_line' id='line_1_22' title="bbox 256 3163 1490 3254; baseline 0 -22"><span class='ocrx_word' id='word_1_166' title='bbox 256 3168 399 3252; x_wconf 80' lang='lat' dir='ltr'>sianus),</span> <span class='ocrx_word' id='word_1_167' title='bbox 426 3165 592 3254; x_wconf 89' lang='lat' dir='ltr'>dispositu</span> <span class='ocrx_word' id='word_1_168' title='bbox 614 3165 819 3252; x_wconf 90' lang='lat' dir='ltr'>provisuque</span> <span class='ocrx_word' id='word_1_169' title='bbox 840 3163 991 3228; x_wconf 90' lang='lat' dir='ltr'>civilium</span> <span class='ocrx_word' id='word_1_170' title='bbox 1022 3188 1134 3229; x_wconf 90' lang='lat' dir='ltr'>rerum</span> <span class='ocrx_word' id='word_1_171' title='bbox 1159 3166 1287 3253; x_wconf 87' lang='lat' dir='ltr'>peritus</span> <span class='ocrx_word' id='word_1_172' title='bbox 1307 3218 1327 3231; x_wconf 91' lang='lat'>..</span> <span class='ocrx_word' id='word_1_173' title='bbox 1352 3167 1490 3234; x_wconf 90' lang='lat' dir='ltr'>Titus...</span> 
     </span>
     <span class='ocr_line' id='line_1_23' title="bbox 256 3271 1491 3364; baseline 0 -24"><span class='ocrx_word' id='word_1_174' title='bbox 256 3285 374 3342; x_wconf 90' lang='lat' dir='ltr'>natura</span> <span class='ocrx_word' id='word_1_175' title='bbox 394 3284 496 3364; x_wconf 89' lang='lat' dir='ltr'>atque</span> <span class='ocrx_word' id='word_1_176' title='bbox 511 3281 582 3338; x_wconf 91' lang='lat' dir='ltr'>arte</span> <span class='ocrx_word' id='word_1_177' title='bbox 601 3273 809 3362; x_wconf 92' lang='lat' dir='ltr'>compositus</span> <span class='ocrx_word' id='word_1_178' title='bbox 825 3271 1024 3338; x_wconf 84' lang='lat' dir='ltr'>adliciendis</span> <span class='ocrx_word' id='word_1_179' title='bbox 1043 3273 1145 3338; x_wconf 89' lang='lat' dir='ltr'>etiam</span> <span class='ocrx_word' id='word_1_180' title='bbox 1161 3274 1307 3338; x_wconf 90' lang='lat' dir='ltr'>Muciani</span> <span class='ocrx_word' id='word_1_181' title='bbox 1326 3276 1491 3340; x_wconf 85' lang='lat' dir='ltr'>moribus.</span> 
     </span>
     <span class='ocr_line' id='line_1_24' title="bbox 255 3379 1492 3471; baseline -0.001 -24"><span class='ocrx_word' id='word_1_182' title='bbox 255 3420 297 3432; x_wconf 91' lang='lat'>-</span> <span class='ocrx_word' id='word_1_183' title='bbox 316 3383 359 3460; x_wconf 94' lang='lat' dir='ltr'>Il,</span> <span class='ocrx_word' id='word_1_184' title='bbox 373 3408 405 3471; x_wconf 92' lang='lat'>7.</span> <span class='ocrx_word' id='word_1_185' title='bbox 421 3381 527 3468; x_wconf 83' lang='lat' dir='ltr'>Igitur</span> <span class='ocrx_word' id='word_1_186' title='bbox 542 3403 634 3445; x_wconf 90' lang='lat' dir='ltr'>arma</span> <span class='ocrx_word' id='word_1_187' title='bbox 649 3380 683 3444; x_wconf 92' lang='lat' dir='ltr'>in</span> <span class='ocrx_word' id='word_1_188' title='bbox 699 3380 911 3444; x_wconf 87' lang='lat' dir='ltr'>occasionem</span> <span class='ocrx_word' id='word_1_189' title='bbox 927 3379 1102 3460; x_wconf 88' lang='lat' dir='ltr'>distulere,</span> <span class='ocrx_word' id='word_1_190' title='bbox 1118 3379 1348 3467; x_wconf 88' lang='lat' dir='ltr'>Vespasianus</span> <span class='ocrx_word' id='word_1_191' title='bbox 1365 3382 1492 3448; x_wconf 89' lang='lat' dir='ltr'>Mucia·</span> 
     </span>
     <span class='ocr_line' id='line_1_25' title="bbox 255 3485 1489 3579; baseline -0.001 -24"><span class='ocrx_word' id='word_1_192' title='bbox 255 3513 386 3579; x_wconf 89' lang='lat' dir='ltr'>nusque</span> <span class='ocrx_word' id='word_1_193' title='bbox 407 3513 524 3577; x_wconf 86' lang='lat' dir='ltr'>nuper,</span> <span class='ocrx_word' id='word_1_194' title='bbox 548 3488 649 3552; x_wconf 88' lang='lat' dir='ltr'>ceteri</span> <span class='ocrx_word' id='word_1_195' title='bbox 666 3487 747 3551; x_wconf 92' lang='lat' dir='ltr'>olim</span> <span class='ocrx_word' id='word_1_196' title='bbox 767 3486 883 3550; x_wconf 87' lang='lat' dir='ltr'>mixtis</span> <span class='ocrx_word' id='word_1_197' title='bbox 902 3485 1095 3553; x_wconf 91' lang='lat' dir='ltr'>consiliis...</span> <span class='ocrx_word' id='word_1_198' title='bbox 1117 3525 1162 3537; x_wconf 96' lang='lat'>-</span> <span class='ocrx_word' id='word_1_199' title='bbox 1191 3487 1234 3568; x_wconf 91' lang='lat' dir='ltr'>II,</span> <span class='ocrx_word' id='word_1_200' title='bbox 1266 3492 1318 3576; x_wconf 69' lang='lat'>74.</span> <span class='ocrx_word' id='word_1_201' title='bbox 1342 3490 1489 3554; x_wconf 87' lang='lat' dir='ltr'>Muciani</span> 
     </span>
     <span class='ocr_line' id='line_1_26' title="bbox 256 3593 1592 3684; baseline -0.004 -23"><span class='ocrx_word' id='word_1_202' title='bbox 256 3597 388 3662; x_wconf 75' lang='lat' dir='ltr'>enlmus</span> <span class='ocrx_word' id='word_1_203' title='bbox 417 3620 478 3660; x_wconf 91' lang='lat' dir='ltr'>nec</span> <span class='ocrx_word' id='word_1_204' title='bbox 510 3595 718 3682; x_wconf 80' lang='lat' dir='ltr'>Vespasiano</span> <span class='ocrx_word' id='word_1_205' title='bbox 746 3593 876 3658; x_wconf 86' lang='lat' dir='ltr'>alienus</span> <span class='ocrx_word' id='word_1_206' title='bbox 897 3593 983 3658; x_wconf 91' lang='lat' dir='ltr'>etin</span> <span class='ocrx_word' id='word_1_207' title='bbox 1011 3593 1123 3658; x_wconf 90' lang='lat' dir='ltr'>Titum</span> <span class='ocrx_word' id='word_1_208' title='bbox 1143 3594 1293 3681; x_wconf 92' lang='lat' dir='ltr'>pronior.</span> <span class='ocrx_word' id='word_1_209' title='bbox 1311 3634 1346 3643; x_wconf 94' lang='lat'><em>-</em></span> <span class='ocrx_word' id='word_1_210' title='bbox 1368 3596 1411 3664; x_wconf 83' lang='lat' dir='ltr'>II.</span> <span class='ocrx_word' id='word_1_211' title='bbox 1435 3597 1487 3684; x_wconf 77' lang='lat' dir='ltr'>7ti.</span> <span class='ocrx_word' id='word_1_212' title='bbox 1589 3603 1592 3608; x_wconf 87' lang='lat'>&#39;</span> 
     </span>
     <span class='ocr_line' id='line_1_27' title="bbox 256 3699 1492 3791; baseline -0.001 -23"><span class='ocrx_word' id='word_1_213' title='bbox 256 3704 319 3768; x_wconf 91' lang='lat' dir='ltr'>His</span> <span class='ocrx_word' id='word_1_214' title='bbox 349 3703 531 3791; x_wconf 84' lang='lat' dir='ltr'>pavoribus</span> <span class='ocrx_word' id='word_1_215' title='bbox 564 3709 742 3766; x_wconf 87' lang='lat' dir='ltr'>nutantem</span> <span class='ocrx_word' id='word_1_216' title='bbox 774 3708 809 3765; x_wconf 87' lang='lat' dir='ltr'>et</span> <span class='ocrx_word' id='word_1_217' title='bbox 841 3699 899 3765; x_wconf 92' lang='lat' dir='ltr'>alii</span> <span class='ocrx_word' id='word_1_218' title='bbox 912 3699 1015 3787; x_wconf 88' lang='lat' dir='ltr'>legati</span> <span class='ocrx_word' id='word_1_219' title='bbox 1035 3701 1200 3788; x_wconf 88' lang='lat' dir='ltr'>amicique</span> <span class='ocrx_word' id='word_1_220' title='bbox 1217 3701 1492 3789; x_wconf 80' lang='lat' dir='ltr'>(Vespasianum)</span> 
     </span>
     <span class='ocr_line' id='line_1_28' title="bbox 258 3808 1490 3895; baseline -0.001 -20"><span class='ocrx_word' id='word_1_221' title='bbox 258 3810 437 3875; x_wconf 85' lang='lat' dir='ltr'>firmabant</span> <span class='ocrx_word' id='word_1_222' title='bbox 456 3818 489 3875; x_wconf 95' lang='lat' dir='ltr'>et</span> <span class='ocrx_word' id='word_1_223' title='bbox 509 3809 700 3886; x_wconf 86' lang='lat' dir='ltr'>Mucianus,</span> <span class='ocrx_word' id='word_1_224' title='bbox 725 3814 803 3895; x_wconf 92' lang='lat' dir='ltr'>post</span> <span class='ocrx_word' id='word_1_225' title='bbox 822 3808 949 3873; x_wconf 90' lang='lat' dir='ltr'>multos</span> <span class='ocrx_word' id='word_1_226' title='bbox 975 3815 1191 3895; x_wconf 88' lang='lat' dir='ltr'>secretosque</span> <span class='ocrx_word' id='word_1_227' title='bbox 1214 3831 1400 3890; x_wconf 85' lang='lat' dir='ltr'>sermones,</span> <span class='ocrx_word' id='word_1_228' title='bbox 1425 3811 1490 3875; x_wconf 87' lang='lat' dir='ltr'>iam</span> 
     </span>
     <span class='ocr_line' id='line_1_29' title="bbox 257 3914 1488 4005; baseline -0.002 -21"><span class='ocrx_word' id='word_1_229' title='bbox 257 3927 290 3984; x_wconf 91' lang='lat' dir='ltr'>et</span> <span class='ocrx_word' id='word_1_230' title='bbox 309 3941 421 3983; x_wconf 89' lang='lat' dir='ltr'>coram</span> <span class='ocrx_word' id='word_1_231' title='bbox 449 3918 494 3981; x_wconf 88' lang='lat' dir='ltr'>ita</span> <span class='ocrx_word' id='word_1_232' title='bbox 514 3916 647 3981; x_wconf 90' lang='lat' dir='ltr'>locutus</span> <span class='ocrx_word' id='word_1_233' title='bbox 665 3937 672 3982; x_wconf 91' lang='lat'>:</span> <span class='ocrx_word' id='word_1_234' title='bbox 748 3953 791 3963; x_wconf 91' lang='lat'>—</span> <span class='ocrx_word' id='word_1_235' title='bbox 808 3915 851 3996; x_wconf 92' lang='lat'>11,</span> <span class='ocrx_word' id='word_1_236' title='bbox 871 3940 924 4003; x_wconf 90' lang='lat'>77.</span> <span class='ocrx_word' id='word_1_237' title='bbox 944 3939 960 3980; x_wconf 82' lang='lat' dir='ltr'>a</span> <span class='ocrx_word' id='word_1_238' title='bbox 978 3914 1085 3979; x_wconf 92' lang='lat' dir='ltr'>Nobis</span> <span class='ocrx_word' id='word_1_239' title='bbox 1100 3914 1184 3979; x_wconf 93' lang='lat' dir='ltr'>nihil</span> <span class='ocrx_word' id='word_1_240' title='bbox 1199 3915 1287 3981; x_wconf 89' lang='lat' dir='ltr'>ultra</span> <span class='ocrx_word' id='word_1_241' title='bbox 1304 3916 1488 4005; x_wconf 83' lang='lat' dir='ltr'>adrogabo,</span> 
     </span>
     <span class='ocr_line' id='line_1_30' title="bbox 257 4021 1492 4115; baseline 0 -25"><span class='ocrx_word' id='word_1_242' title='bbox 257 4049 359 4115; x_wconf 91' lang='lat' dir='ltr'>quam</span> <span class='ocrx_word' id='word_1_243' title='bbox 379 4049 420 4089; x_wconf 91' lang='lat' dir='ltr'>ne</span> <span class='ocrx_word' id='word_1_244' title='bbox 436 4032 511 4111; x_wconf 88' lang='lat' dir='ltr'>post</span> <span class='ocrx_word' id='word_1_245' title='bbox 524 4024 701 4088; x_wconf 86' lang='lat' dir='ltr'>Valentem</span> <span class='ocrx_word' id='word_1_246' title='bbox 721 4030 754 4087; x_wconf 87' lang='lat' dir='ltr'>et</span> <span class='ocrx_word' id='word_1_247' title='bbox 770 4023 950 4088; x_wconf 90' lang='lat' dir='ltr'>Caecinam</span> <span class='ocrx_word' id='word_1_248' title='bbox 972 4045 1198 4087; x_wconf 85' lang='lat' dir='ltr'>numeremur.</span> <span class='ocrx_word' id='word_1_249' title='bbox 1223 4021 1272 4087; x_wconf 92' lang='lat' dir='ltr'>Ne</span> <span class='ocrx_word' id='word_1_250' title='bbox 1288 4031 1400 4089; x_wconf 87' lang='lat' dir='ltr'>tamen</span> <span class='ocrx_word' id='word_1_251' title='bbox 1416 4025 1492 4090; x_wconf 92' lang='lat' dir='ltr'>Mu-</span> 
     </span>
     <span class='ocr_line' id='line_1_31' title="bbox 257 4129 1494 4219; baseline -0.001 -21"><span class='ocrx_word' id='word_1_252' title='bbox 257 4134 390 4198; x_wconf 89' lang='lat' dir='ltr'>cianum</span> <span class='ocrx_word' id='word_1_253' title='bbox 424 4132 552 4196; x_wconf 92' lang='lat' dir='ltr'>socium</span> <span class='ocrx_word' id='word_1_254' title='bbox 587 4130 765 4218; x_wconf 88' lang='lat' dir='ltr'>spreveris,</span> <span class='ocrx_word' id='word_1_255' title='bbox 796 4131 874 4218; x_wconf 92' lang='lat' dir='ltr'>quia</span> <span class='ocrx_word' id='word_1_256' title='bbox 909 4129 1079 4195; x_wconf 88' lang='lat' dir='ltr'>aemulum</span> <span class='ocrx_word' id='word_1_257' title='bbox 1122 4153 1188 4194; x_wconf 92' lang='lat' dir='ltr'>non</span> <span class='ocrx_word' id='word_1_258' title='bbox 1230 4132 1405 4219; x_wconf 87' lang='lat' dir='ltr'>experiris.</span> <span class='ocrx_word' id='word_1_259' title='bbox 1439 4132 1494 4198; x_wconf 93' lang='lat' dir='ltr'>Me</span> 
     </span>
     <span class='ocr_line' id='line_1_32' title="bbox 257 4237 1490 4325; baseline 0.001 -22"><span class='ocrx_word' id='word_1_260' title='bbox 257 4239 394 4306; x_wconf 91' lang='lat' dir='ltr'>Vitellio</span> <span class='ocrx_word' id='word_1_261' title='bbox 414 4247 594 4325; x_wconf 83' lang='lat' dir='ltr'>antepono.</span> <span class='ocrx_word' id='word_1_262' title='bbox 632 4245 663 4302; x_wconf 88' lang='lat' dir='ltr'>te</span> <span class='ocrx_word' id='word_1_263' title='bbox 680 4237 773 4304; x_wconf 85' lang='lat' dir='ltr'>mihi.</span> <span class='ocrx_word' id='word_1_264' title='bbox 795 4263 810 4295; x_wconf 89' lang='lat'>»</span> <span class='ocrx_word' id='word_1_265' title='bbox 826 4274 869 4288; x_wconf 92' lang='lat'><em>-</em></span> <span class='ocrx_word' id='word_1_266' title='bbox 890 4237 934 4314; x_wconf 92' lang='lat' dir='ltr'>II,</span> <span class='ocrx_word' id='word_1_267' title='bbox 953 4239 1005 4324; x_wconf 88' lang='lat'>78.</span> <span class='ocrx_word' id='word_1_268' title='bbox 1027 4237 1109 4302; x_wconf 91' lang='lat' dir='ltr'>Post</span> <span class='ocrx_word' id='word_1_269' title='bbox 1128 4237 1276 4302; x_wconf 89' lang='lat' dir='ltr'>Muciani</span> <span class='ocrx_word' id='word_1_270' title='bbox 1304 4240 1490 4304; x_wconf 89' lang='lat' dir='ltr'>orationem</span> 
     </span>
     <span class='ocr_line' id='line_1_33' title="bbox 256 4344 1493 4425; baseline -0.002 -11"><span class='ocrx_word' id='word_1_271' title='bbox 256 4347 358 4414; x_wconf 88' lang='lat' dir='ltr'>ceteri</span> <span class='ocrx_word' id='word_1_272' title='bbox 374 4345 553 4410; x_wconf 90' lang='lat' dir='ltr'>audentius</span> <span class='ocrx_word' id='word_1_273' title='bbox 573 4345 833 4425; x_wconf 88' lang='lat' dir='ltr'>circumsistere,</span> <span class='ocrx_word' id='word_1_274' title='bbox 856 4344 1023 4411; x_wconf 89' lang='lat' dir='ltr'>hortari...</span> <span class='ocrx_word' id='word_1_275' title='bbox 1044 4344 1143 4409; x_wconf 89' lang='lat' dir='ltr'>Haud</span> <span class='ocrx_word' id='word_1_276' title='bbox 1168 4344 1268 4409; x_wconf 93' lang='lat' dir='ltr'>dubia</span> <span class='ocrx_word' id='word_1_277' title='bbox 1295 4345 1493 4412; x_wconf 90' lang='lat' dir='ltr'>destinatio·</span> 
     </span>
     <span class='ocr_line' id='line_1_34' title="bbox 256 4451 1490 4540; baseline -0.002 -20"><span class='ocrx_word' id='word_1_278' title='bbox 256 4479 297 4520; x_wconf 90' lang='lat' dir='ltr'>ne</span> <span class='ocrx_word' id='word_1_279' title='bbox 328 4454 512 4518; x_wconf 87' lang='lat' dir='ltr'>discessere</span> <span class='ocrx_word' id='word_1_280' title='bbox 543 4452 722 4517; x_wconf 91' lang='lat' dir='ltr'>Mucianus</span> <span class='ocrx_word' id='word_1_281' title='bbox 747 4452 976 4526; x_wconf 84' lang='lat' dir='ltr'>Antiochiam,</span> <span class='ocrx_word' id='word_1_282' title='bbox 1007 4451 1236 4540; x_wconf 79' lang='lat' dir='ltr'>Vespasianus</span> <span class='ocrx_word' id='word_1_283' title='bbox 1268 4453 1490 4534; x_wconf 86' lang='lat' dir='ltr'>Caesaream;</span> 
     </span>
     <span class='ocr_line' id='line_1_35' title="bbox 256 4558 1495 4649; baseline 0.001 -22"><span class='ocrx_word' id='word_1_284' title='bbox 256 4561 314 4627; x_wconf 91' lang='lat' dir='ltr'>illa</span> <span class='ocrx_word' id='word_1_285' title='bbox 334 4561 464 4647; x_wconf 81' lang='lat' dir='ltr'>Syriae,</span> <span class='ocrx_word' id='word_1_286' title='bbox 488 4559 550 4623; x_wconf 92' lang='lat' dir='ltr'>hoc</span> <span class='ocrx_word' id='word_1_287' title='bbox 567 4558 708 4624; x_wconf 90' lang='lat' dir='ltr'>Iudaeae</span> <span class='ocrx_word' id='word_1_288' title='bbox 723 4566 824 4647; x_wconf 88' lang='lat' dir='ltr'>eaput</span> <span class='ocrx_word' id='word_1_289' title='bbox 838 4567 901 4625; x_wconf 90' lang='lat' dir='ltr'>est.</span> <span class='ocrx_word' id='word_1_290' title='bbox 925 4597 960 4607; x_wconf 92' lang='lat'>-</span> <span class='ocrx_word' id='word_1_291' title='bbox 980 4559 1023 4631; x_wconf 80' lang='lat'>11,</span> <span class='ocrx_word' id='word_1_292' title='bbox 1042 4584 1095 4649; x_wconf 83' lang='lat'>79.</span> <span class='ocrx_word' id='word_1_293' title='bbox 1115 4559 1495 4628; x_wconf 82' lang='lat' dir='ltr'>Iudaicusexereitus...</span> 
     </span>
     <span class='ocr_line' id='line_1_36' title="bbox 255 4665 1497 4757; baseline -0.001 -23"><span class='ocrx_word' id='word_1_294' title='bbox 255 4667 346 4757; x_wconf 87' lang='lat' dir='ltr'>apud</span> <span class='ocrx_word' id='word_1_295' title='bbox 362 4667 624 4753; x_wconf 88' lang='lat' dir='ltr'>(Vespasianum</span> <span class='ocrx_word' id='word_1_296' title='bbox 648 4665 786 4749; x_wconf 86' lang='lat' dir='ltr'>iuravit)</span> <span class='ocrx_word' id='word_1_297' title='bbox 806 4689 844 4730; x_wconf 89' lang='lat' dir='ltr'>eo</span> <span class='ocrx_word' id='word_1_298' title='bbox 871 4665 1002 4735; x_wconf 86' lang='lat' dir='ltr'>ardore.</span> <span class='ocrx_word' id='word_1_299' title='bbox 1031 4675 1069 4731; x_wconf 91' lang='lat' dir='ltr'>ut</span> <span class='ocrx_word' id='word_1_300' title='bbox 1084 4690 1125 4731; x_wconf 91' lang='lat' dir='ltr'>ne</span> <span class='ocrx_word' id='word_1_301' title='bbox 1138 4667 1234 4732; x_wconf 85' lang='lat' dir='ltr'>Titus</span> <span class='ocrx_word' id='word_1_302' title='bbox 1250 4667 1387 4755; x_wconf 90' lang='lat' dir='ltr'>quidem</span> <span class='ocrx_word' id='word_1_303' title='bbox 1406 4668 1497 4733; x_wconf 89' lang='lat' dir='ltr'>lilius</span> 
     </span>
    </p>
   </div>
   <div class='ocr_carea' id='block_1_3' title="bbox 244 4905 817 5048">
    <p class='ocr_par' dir='ltr' id='par_1_6' title="bbox 244 4905 817 5048">
     <span class='ocr_line' id='line_1_37' title="bbox 245 4905 706 4955; baseline 0 -2"><span class='ocrx_word' id='word_1_304' title='bbox 245 4907 253 4940; x_wconf 84' lang='lat'><strong>¹</strong></span> <span class='ocrx_word' id='word_1_305' title='bbox 272 4905 425 4954; x_wconf 80' lang='lat' dir='ltr'>IIIrschseld</span> <span class='ocrx_word' id='word_1_306' title='bbox 437 4907 553 4955; x_wconf 85' lang='lat' dir='ltr'>coniecit</span> <span class='ocrx_word' id='word_1_307' title='bbox 568 4922 574 4955; x_wconf 91' lang='lat'><strong>:</strong></span> <span class='ocrx_word' id='word_1_308' title='bbox 589 4906 706 4953; x_wconf 81' lang='lat' dir='ltr'>Gallum.</span> 
     </span>
     <span class='ocr_line' id='line_1_38' title="bbox 244 4986 817 5048; baseline -0.002 -13"><span class='ocrx_word' id='word_1_309' title='bbox 244 4986 300 5035; x_wconf 77' lang='lat'>²0.</span> <span class='ocrx_word' id='word_1_310' title='bbox 320 4987 438 5035; x_wconf 77' lang='lat' dir='ltr'>LicInius</span> <span class='ocrx_word' id='word_1_311' title='bbox 457 4988 610 5035; x_wconf 82' lang='lat' dir='ltr'>MueIanus.</span> <span class='ocrx_word' id='word_1_312' title='bbox 624 4986 748 5040; x_wconf 81' lang='lat' dir='ltr'>Pnosor..</span> <span class='ocrx_word' id='word_1_313' title='bbox 766 4995 817 5048; x_wconf 70' lang='lat'>¹47·</span> 
     </span>
    </p>
   </div>
   <div class='ocr_carea' id='block_1_4' title="bbox 816 5253 1294 5517">
    <p class='ocr_par' dir='ltr' id='par_1_7' title="bbox 816 5253 1294 5517">
     <span class='ocr_line' id='line_1_39' title="bbox 816 5253 1294 5517; baseline 0 0"><span class='ocrx_word' id='word_1_314' title='bbox 816 5253 1294 5517; x_wconf 79' lang='grc' dir='ltr'>Λ</span> 
     </span>
    </p>
   </div>
   <div class='ocr_carea' id='block_1_5' title="bbox 0 0 1862 6228">
    <p class='ocr_par' dir='ltr' id='par_1_8' title="bbox 0 0 1862 6228">
     <span class='ocr_line' id='line_1_40' title="bbox 0 0 1862 6228; baseline 0 0"><span class='ocrx_word' id='word_1_315' title='bbox 0 0 1862 6228; x_wconf 95' lang='lat' dir='ltr'> </span> 
     </span>
    </p>
   </div>
  </div>
 </body>
</html>
