3709 6234
365 874 419 930 746
898 880 926 928 .·Ι.
950 878 1117 930 uetitus

411 1016 538 1082 Achaia
554 1019 717 1106 Asiaque,
728 1042 813 1106 quas
829 1018 974 1083 inermes
990 1018 1272 1107 exponiVitellio,
1290 1020 1324 1084 ni
1337 1019 1521 1108 praesidiis
1537 1021 1662 1085 firma-

408 1132 543 1205 rentur;
556 1133 658 1213 atque
669 1126 781 1212 ipsum
797 1123 824 1186 V
827 1125 972 1190 itellium
987 1126 1020 1189 in
1038 1126 1165 1192 incerto
1179 1126 1249 1190 sore
1262 1149 1364 1214 quam
1376 1135 1509 1215 partem
1529 1126 1659 1192 ltaliae

409 1241 611 1321 protegeret,
630 1234 700 1298 si...
722 1232 821 1297 litora
837 1232 970 1297 infestis
981 1233 1147 1298 classibus
1163 1242 1414 1321 peterentur.—
1431 1235 1473 1314 ll,
1485 1237 1545 1300 85.
1571 1237 1658 1322 (Le-

409 1341 527 1427 giones
546 1347 665 1405 octava
681 1363 719 1405 ac
736 1340 877 1427 septima
900 1340 1101 1428 Claudiana)
1117 1340 1336 1428 proturbatis,
1357 1343 1414 1429 qui
1439 1341 1480 1406 de
1512 1341 1657 1407 Othone

409 1448 526 1535 (victo)
545 1447 761 1523 nuntiabant,
785 1446 1008 1535 laceratisque
1038 1448 1174 1513 vexillis
1206 1472 1329 1513 nomen
1355 1447 1483 1513 Vitellii
1520 1451 1657 1537 praele-

411 1555 604 1622 rentibus...
622 1554 792 1620 hostiliter
806 1564 958 1642 egerant.
980 1555 1009 1616 V
1012 1555 1076 1620 nde
1097 1564 1207 1621 metus
1231 1564 1265 1621 et
1279 1578 1320 1620 ex
1347 1563 1439 1621 metu
1465 1558 1656 1622 consilium

407 1685 507 1749 posse
543 1663 702 1750 imputari
741 1663 963 1750 Vespasiano,
994 1686 1079 1751 quae
1117 1663 1206 1750 apud
1236 1663 1408 1729 Vitellium
1450 1664 1653 1730 excusanda

409 1777 518 1835 erant.
536 1806 575 1818 —
594 1769 638 1846 ll,
656 1769 710 1834 86.
733 1769 921 1856 (Antonius
938 1771 1072 1834 Primus
1088 1770 1232 1857 legionis
1261 1771 1424 1858 septimae
1458 1771 1653 1837 Galbianae

409 1876 556 1964 legatus)
574 1876 766 1942 labantibus
781 1877 908 1942 Vitellii
925 1876 1025 1942 rebus
1036 1877 1283 1965 Vespasianum
1301 1888 1477 1943 secutus...
1491 1877 1654 1966 §criptae

409 1984 442 2047 in
459 1984 668 2049 Britanniam
690 1984 731 2049 ad
760 1985 1089 2073 quartadecimanos,
1116 1985 1149 2048 in
1179 1986 1376 2074 Hispaniam
1405 1986 1447 2050 ad
1473 1987 1654 2074 primanos

409 2092 585 2178 epistulae,
603 2092 695 2180 quod
714 2101 857 2180 utraque
873 2092 962 2185 legio
976 2116 1035 2180 pro
1052 2091 1198 2165 tlthone,
1217 2092 1357 2158 adversa
1371 2093 1508 2158 Vitellio
1521 2093 1649 2160 suerat.

408 2237 450 2247 —
469 2200 588 2287 lt‚87.
614 2200 703 2263 Dum
729 2199 809 2264 haec
838 2223 897 2287 per
928 2201 1121 2287 provincias
1148 2225 1166 2264 a
1197 2201 1405 2288 Vespasiano
1433 2199 1651 2289 ducibusque

408 2309 554 2395 partium
575 2314 751 2394 geruntur,
785 2306 943 2372 Vitellius
974 2309 1200 2395 contemptior
1230 2309 1264 2371 in
1294 2307 1366 2372 dies
1398 2308 1648 2396 segniorque...

410 2416 506 2499 gravi
542 2413 660 2479 urbem
687 2416 822 2501 agmine
852 2414 1030 2502 petebat...
1058 2415 1344 2502 Adgregabantur
1376 2438 1393 2479 e
1421 2415 1519 2502 plebe
1549 2417 1650 2500 {lagi-

412 2522 498 2586 tiosa
513 2545 573 2609 per
587 2521 749 2609 obsequia
765 2521 903 2587 Vitellio
919 2523 1059 2609 cogniti,
1093 2546 1240 2603 scurrae,
1268 2522 1462 2601 histriones,
1495 2523 1647 2608 aurigae,

410 2628 533 2717 quibus
579 2628 635 2694 ille
665 2629 887 2695 amicitiarum
915 2630 1226 2695 dehonestamentis
1260 2631 1343 2694 mire
1379 2628 1561 2716 gaudebat.
1603 2668 1650 2681 —

409 2736 452 2813 ll,
482 2737 537 2802 88.
571 2736 627 2801 Ad
656 2737 838 2823 septimum
868 2737 909 2800 ab
940 2737 1020 2802 urbe
1051 2736 1241 2826 lapidem...
1281 2736 1446 2801 militibus
1485 2737 1647 2802 Vitellius

410 2852 544 2933 paratos
574 2845 668 2910 cibos
710 2854 747 2910 ut
784 2845 1020 2933 gladiatoriam
1060 2846 1214 2932 saginam
1239 2845 1422 2910 dividebat.
1448 2844 1561 2918 -ΙΙ,
1588 2847 1645 2936 89.

409 2952 484 3039 lpse
530 2952 689 3017 Vitellius
734 2977 752 3017 a
795 2961 897 3040 ponte
952 2952 1082 3018 Mulvio
1138 2953 1263 3039 insigni
1306 2975 1405 3042 equo,
1463 2951 1648 3040 paludatus

319 3102 321 3107 ·
409 3060 704 3149 accinctusque...,
740 3082 806 3147 quo
840 3062 953 3125 minus
987 3069 1024 3126 ut
1066 3069 1198 3149 captam
1245 3059 1360 3125 urbem
1395 3059 1644 3146 ingrederetur,

409 3168 592 3231 amicorum
627 3167 769 3233 consilio
809 3168 1002 3248 deterritus,
1031 3175 1165 3255 sumpta
1192 3175 1366 3254 praetexta
1395 3175 1429 3232 et
1455 3168 1646 3254 composito

408 3275 542 3358 agmine
556 3276 735 3341 incessit...
755 3276 882 3340 Decora
909 3276 1010 3340 iacies
1033 3283 1067 3339 et
1092 3298 1158 3338 non
1189 3273 1325 3339 Vitellio
1350 3273 1499 3362 principe
1520 3274 1648 3359 dignus

407 3385 586 3447 exercitus.
607 3424 647 3433 —
675 3385 715 3459 ll,
739 3409 792 3470 po.
816 3385 953 3448 l’ostera
970 3384 1066 3450 die...
1085 3383 1215 3469 apud...
1239 3391 1392 3447 senatum
1414 3382 1646 3471 populumque

407 3491 522 3577 (verba
539 3493 672 3577 lceitl...
690 3492 933 3578 hlmuentique
950 3515 1072 3554 nomen
1095 3492 1241 3575 Augusti
1271 3512 1466 3576 expressere
1481 3498 1519 3554 ut
1535 3490 1644 3554 adsu-

407 3609 522 3664 meret.
543 3608 610 3664 tam
627 3601 748 3663 frustra
767 3624 867 3687 quam
891 3607 1115 3663 recusaverat.
1136 3637 1177 3645 —
1200 3598 1242 3674 ll,
1265 3623 1321 3686 9¹·
1344 3598 1531 3661 Maximum
1552 3621 1642 3684 pon-

407 3708 570 3772 tilicatum
587 3708 728 3794 adeptus
749 3707 907 3771 Vitellius
934 3708 974 3770 dc
991 3707 1204 3770 caerimoniis
1226 3705 1382 3792 puhlieiis
1403 3704 1462 3768 XX
1480 3705 1648 3769 kalendas

407 3817 580 3900 :lugustas
606 3816 751 3900 (edixit),
770 3816 959 3901 antiquitus
993 3815 1138 3877 inlausta
1155 3813 1249 3878 die...
1276 3812 1470 3876 Ventitabat
1489 3812 1523 3874 iu
1540 3836 1646 3876 sena-

408 3931 519 3988 tum...
536 3924 585 3986 he
607 3923 692 3987 sorte
714 3924 848 3986 Priscus
865 3922 1041 3985 llelridius
1058 3929 1190 4007 praetor
1202 3921 1399 4005 designatus
1423 3927 1539 3983 eontra
1564 3931 1643 3984 stu·

406 4031 497 4094 dium
511 4031 582 4093 eius
606 4040 793 4095 censuerat.
813 4029 1012 4093 Commotus
1033 4028 1139 4115 primo
1158 4028 1312 4091 Vitellius
1329 4050 1395 4090 non
1417 4034 1530 4091 tamen
1556 4028 1645 4092 ultra

404 4163 504 4227 quarn
518 4138 670 4203 tribunos
691 4137 797 4223 plebis
813 4138 846 4200 in
861 4138 1023 4200 auxilium
1045 4144 1177 4222 spretae
1201 4135 1377 4222 potestatis
1417 4135 1643 4203 atlrocavit...

405 4246 496 4310 Nihil
513 4247 589 4309 nori
606 4245 767 4309 accidisse
789 4245 974 4331 respondit.
999 4244 1088 4331 quod
1122 4244 1188 4307 duo
1210 4252 1382 4307 senatores
1416 4243 1449 4306 in
1471 4241 1646 4328 republica

405 4355 634 4427 dissentirent,
653 4354 790 4416 solitum
818 4378 852 4415 se
867 4353 967 4416 etiam
988 4352 1153 4414 Thraseae
1178 4360 1295 4415 eontra
1312 4349 1433 4414 dicere.
1452 4390 1495 4400 —
1519 4349 1561 4416 ll.
1586 4377 1644 4436 9²·

407 4463 496 4526 luter
511 4461 683 4524 discordes
706 4461 899 4542 (Caecinam
926 4469 959 4525 et
980 4458 1172 4542 Valentem)
1194 4457 1330 4521 Vitellio
1352 4457 1435 4520 nihil
1460 4458 1648 4521 auetorita-

405 4571 503 4637 tis....
524 4570 632 4632 Variis
647 4570 679 4631 iu
705 4568 791 4631 hune
813 4576 869 4630 aut
889 4566 985 4630 illum
1018 4565 1146 4629 Vitellii
1175 4565 1510 4634 inclinationibus...
1535 4565 1641 4629 simul

406 4679 514 4763 ipsum
534 4676 704 4739 Vitellium
721 4675 841 4738 subitis
854 4676 990 4737 oll'ensis
1007 4683 1063 4737 aut
1076 4673 1323 4759 intempestivis
1340 4671 1513 4734 blanditiis
1531 4680 1645 4736 muta·

407 4784 505 4847 bilem
552 4782 814 4846 contemmbant
870 4781 1173 4868 metuebantque...
1228 4779 1374 4857 Quidam
1412 4780 1642 4865 (privaturum

405 4892 529 4975 liberti!
569 4892 601 4954 in
635 4890 770 4953 domum
807 4890 960 4952 Caesaris
996 4888 1196 4973 transgressi
1235 4895 1334 4972 atque
1371 4887 1452 4972 ipsis
1493 4886 1645 4951 dominis

407 5000 623 5087 potentiores.
644 5037 683 5046 -
715 4996 756 5064 ΙΙ.
772 5000 826 5080 pit.
850 4999 1006 5060 (letarum
1030 5020 1096 5059 non
1126 4997 1171 5059 ita
1193 4994 1335 5058 duribus
1361 4992 1501 5057 indulsit
1528 4992 1556 5054 V
1561 4995 1644 5057 itel-
