3709 6234
349 853 401 908 180
897 854 926 904 C.
949 853 1080 905 CASSIVS

394 977 525 1062 Viginti
540 976 803 1041 clarissimarum
824 973 1027 1040 familiarum
1051 976 1216 1061 imagines
1234 973 1401 1040 antelatae
1422 980 1542 1039 sunt...
1560 970 1627 1037 Sed

339 1063 347 1078 ’
393 1082 650 1172 praefulgebant
669 1082 805 1147 Cassius
825 1090 925 1170 atque
949 1084 1074 1147 Brutus
1095 1105 1133 1146 co
1151 1082 1237 1170 ipso,
1257 1081 1348 1169 quod
1366 1079 1495 1166 efligies
1511 1102 1625 1145 eorum

392 1214 458 1255 non
481 1190 687 1256 visebantur.
711 1227 753 1238 —
775 1192 807 1266 ά,
823 1189 876 1266 34.
895 1189 1089 1256 Cremutius
1106 1189 1238 1256 Cordus
1259 1187 1505 1276 postulatur...
1521 1186 1623 1275 quod,

293 1327 297 1334 ·
392 1298 492 1364 editis
517 1296 696 1362 annalibus
717 1295 921 1384 laudatoque
945 1297 992 1364 M.
1013 1298 1128 1379 Bruto,
1157 1297 1196 1364 C.
1218 1294 1373 1361 Cassium
1398 1295 1626 1359 llomanorum

392 1405 550 1470 ultimum
581 1404 765 1471 dixisset...
790 1403 1026 1475 Cremutius...
1059 1405 1093 1469 in
1110 1402 1350 1469 huncmodum
1364 1425 1503 1467 exorsus
1517 1409 1626 1468 est...:

394 1537 410 1575 a
439 1513 580 1578 Brutum
600 1520 633 1577 et
656 1511 811 1576 Cassium
839 1511 1032 1577 laudavisse
1055 1510 1189 1577 dicor...
1212 1510 1415 1599 Scipionem,
1433 1509 1625 1584 Afranium,

394 1620 481 1685 hune
497 1620 608 1707 ipsum
627 1619 796 1701 Cassium,
816 1619 904 1684 hunc
921 1619 1064 1684 Brutum
1080 1641 1249 1708 nusquam
1266 1618 1416 1683 latrones
1431 1624 1464 1682 et
1484 1617 1628 1705 parrici-

393 1727 509 1802 das...
538 1749 638 1814 saepe
665 1733 704 1791 ut
730 1726 882 1813 insignes
907 1725 999 1792 viros
1018 1726 1172 1791 nominat
1193 1726 1246 1811 (T.
1278 1724 1452 1812 Livius)...
1481 1722 1627 1789 Messala

394 1834 562 1899 Corvinus
581 1834 818 1920 imperatorem
842 1856 940 1898 suum
962 1833 1118 1899 Cassium
1139 1831 1395 1920 praedicabat...
1422 1859 1437 1891 »
1454 1869 1499 1883 -
1522 1833 1554 1908 ά,
1572 1831 1625 1898 35.

372 2013 374 2018 ,
395 1970 409 2000 a
427 1941 516 2005 Num
531 1942 621 2005 enim
635 1940 774 2005 armatis
787 1939 903 2005 Cassio
918 1948 953 2006 et
969 1941 1073 2007 Bruto
1089 1963 1126 2005 ac
1143 1939 1378 2028 Philippenses
1392 1961 1530 2027 campos
1542 1938 1629 2004 ohti-

394 2047 553 2113 nentibus
568 2046 648 2112 belli
662 2047 772 2112 civilis
785 2070 886 2113 causa
906 2047 1069 2136 populum
1085 2071 1144 2137 per
1154 2047 1330 2113 contiones
1342 2045 1485 2111 incendo
1495 2046 1628 2113 ⁸3...Nec

394 2155 548 2234 deerunt,
570 2155 598 2219 si
622 2154 794 2219 damnatio
814 2155 954 2242 ingruit,
978 2156 1035 2244 qui
1056 2178 1123 2221 non
1146 2154 1246 2220 modo
1262 2153 1370 2218 Cassii
1391 2160 1425 2218 et
1440 2154 1547 2229 Bruti,
1570 2154 1629 2217 sed

394 2264 494 2327 etiam
517 2264 581 2327 mei
601 2262 827 2329 meminerint.
849 2291 864 2321 »
890 2299 932 2313 -
958 2263 1007 2338 iti,
1036 2288 1066 2350 7.
1094 2261 1325 2327 tlbiectavit...
1353 2260 1471 2346 (Nero)
1495 2260 1627 2336 Cassio,

394 2370 483 2458 quod
500 2369 587 2435 inter
609 2369 773 2456 imagines
796 2369 960 2434 maiorum
979 2371 1080 2435 etiam
1106 2370 1144 2435 C.
1163 2369 1271 2435 Cassii
1286 2367 1431 2452 effigiem
1456 2367 1627 2442 coluisset.

395 2479 440 2543 ita
465 2477 660 2564 inscriptam
689 2496 697 2542 1
724 2500 741 2540 a
773 2476 860 2541 Duci
883 2477 1042 2564 partium.
1069 2505 1084 2536 n
1107 2515 1152 2527 -
1177 2476 1220 2556 ll,
1243 2476 1274 2538 a.
1303 2475 1475 2564 Pompeio,
1499 2476 1628 2554 Cassio,

397 2585 513 2664 Bruto,
527 2584 690 2661 Antonio,
713 2606 797 2672 quos
808 2607 927 2649 omnes
939 2593 1131 2650 transmare
1142 2591 1295 2651 secutum
1312 2589 1363 2647 est
1378 2583 1476 2648 civile
1489 2583 1628 2666 bellum,

396 2691 485 2757 haud
500 2691 651 2780 prosperi
671 2691 782 2757 exitus
805 2690 947 2758 fuerant.

352 2799 391 2866 C.
411 2799 610 2878 (.2.-tSSIVS‚
638 2797 843 2864 cassu-'8¹
864 2799 938 2884 (B).
961 2836 1000 2848 -
1026 2823 1076 2880 12,
1103 2824 1152 2866 ιι.
1177 2800 1343 2868 Datum...
1369 2800 1407 2867 C.
1426 2799 1556 2878 Cassio,
1574 2799 1631 2887 qui

397 2906 513 2972 Suriae
550 2912 715 2992 praeerat,
756 2903 921 2970 deducere
964 2906 1120 2971 iuvenem
1159 2907 1408 2995 (Meherdaten)
1446 2907 1554 2993 ripam
1588 2905 1631 2970 ad

398 3012 590 3099 Euphratis.
612 3051 655 3061 -
675 3036 725 3092 ra,
746 3036 796 3078 12.
820 3012 867 3076 Ea
881 3019 1083 3099 tempestate
1103 3013 1242 3079 Cassius
1257 3022 1386 3081 ceteros
1401 3012 1633 3101 praeminebat

398 3119 514 3207 peritia
530 3119 662 3206 legum:
681 3141 758 3183 nam
770 3118 933 3184 militares
948 3128 1037 3185 artes
1054 3143 1113 3208 per
1129 3122 1234 3186 otium
1250 3122 1427 3208 ignotae...
1440 3121 1490 3185 Ae
1507 3128 1630 3194 tamen.

398 3234 562 3314 quantum
591 3226 663 3291 sine
693 3224 783 3290 bello
804 3224 959 3305 dabatur,
981 3248 1138 3292 revocare
1157 3229 1305 3315 priscum
1329 3251 1498 3294 morem...
1514 3266 1556 3276 —
1581 3227 1630 3306 13,

399 3336 453 3411 fr.
477 3332 528 3396 tlb
543 3334 623 3398 haec
644 3333 676 3418 (a
693 3330 884 3397 Corbulone
899 3333 933 3397 in
955 3334 1115 3399 Armenia
1131 3334 1300 3421 praeclare
1321 3335 1473 3422 gesta)...
1496 3340 1633 3398 senatus

399 3440 554 3506 consulto
594 3439 857 3527 supplicationes
886 3438 1076 3519 habitae...,
1105 3441 1236 3529 aliaque
1256 3442 1290 3507 in
1315 3442 1467 3507 eamdam
1492 3441 1631 3506 formam

400 3548 638 3628 decernuntur,
655 3546 737 3610 adeo
753 3544 892 3609 moduni
905 3569 1052 3633 egressa,
1070 3555 1108 3613 ut
1125 3547 1163 3613 C.
1183 3549 1322 3615 Cassius
1337 3550 1378 3614 de
1393 3548 1513 3614 ceteris
1529 3548 1634 3612 hono-

400 3654 493 3719 ribus
508 3655 683 3731 adsensus,
707 3653 734 3717 si
758 3676 817 3740 pro
842 3651 1050 3739 benignitate
1072 3655 1226 3721 fortunae
1246 3656 1299 3720 dis
1314 3663 1428 3742 grates
1442 3663 1632 3741 agerentur,

401 3785 441 3827 ne
465 3769 572 3826 totum
596 3760 733 3848 quidem
757 3781 883 3823 annum
909 3760 1215 3848 supplicationibus
1243 3762 1397 3828 sufficere
1424 3762 1632 3838 disseruerit,

401 3891 506 3956 eoque
541 3878 694 3955 oportere
722 3865 827 3929 dividi
855 3889 970 3931 sacros
1004 3877 1035 3933 et
1074 3870 1268 3956 negotiosos
1294 3869 1407 3936 dies...
1441 3910 1477 3919 —
1507 3869 1555 3940 ι3,
1579 3869 1632 3946 48.

401 3974 512 4040 lsdem
527 3973 723 4039 consulibus
739 3972 871 4036 auditae
889 3973 1149 4039 Puteolanorum
1166 3976 1363 4063 legationes,
1387 4000 1472 4065 quas
1485 3976 1636 4041 diversas

402 4081 495 4158 ordo,
508 4081 604 4169 plebs
619 4082 661 4146 ad
677 4087 829 4144 senatum
845 4079 1046 4147 miserant...
1070 4082 1108 4148 C.
1127 4083 1266 4148 Cassius
1279 4083 1469 4148 adhibendo
1490 4082 1636 4149 remedio

402 4188 560 4253 ‹leleetus
587 4189 671 4266 Quia
692 4185 907 4250 severitatem
924 4188 996 4252 eius
1016 4212 1084 4253 non
1109 4189 1309 4267 tolerabant,
1326 4200 1483 4279 precante
1503 4192 1576 4278 ipso
1594 4189 1635 4253 ad

403 4296 596 4361 Scribonios
631 4296 748 4361 l'ratres
778 4321 815 4360 ra
845 4318 925 4361 cura
954 4297 1195 4363 transfertur...
1225 4335 1269 4347 -
1302 4300 1353 4374 rit,
1389 4300 1441 4375 fa.
1471 4297 1635 4384 (Pedanio

403 4405 557 4471 Secundo
589 4402 689 4473 urbis⁴
712 4407 879 4493 praefecto
909 4431 928 4470 a
956 4429 1054 4469 servo
1081 4404 1187 4492 ipsius
1216 4403 1403 4482 interfecto,
1434 4428 1509 4469 eum
1547 4403 1637 4492 apud

403 4521 556 4578 senatum
568 4511 804 4596 ambigeretur,
814 4539 895 4580 num
907 4536 1042 4577 omnem
1056 4511 1217 4576 familiam
1229 4519 1341 4576 vetere
1353 4536 1394 4576 ex
1405 4534 1495 4576 more
1507 4510 1548 4575 ad
1559 4534 1637 4597 sup-

403 4621 539 4709 plicium
555 4620 608 4705 agi
625 4629 805 4706 oporteret.
823 4622 937 4709 plures
954 4618 1036 4683 nihil
1053 4619 1252 4683 mutandum
1268 4618 1477 4706 censebant).
1495 4618 1544 4682 Ex
1561 4620 1636 4707 quis

405 4728 443 4793 C.
468 4726 605 4790 Cassius
626 4729 813 4793 sententiae
834 4729 908 4793 loeo
931 4728 964 4791 in
984 4729 1073 4791 hunc
1094 4726 1230 4790 modum
1252 4725 1424 4790 disseruit.
1453 4763 1484 4774 -
1515 4728 1561 4806 nt,
1581 4728 1634 4803 ff.

394 4972 400 5005 ¹
416 4970 444 5020 C.
464 4970 573 5018 Cassius
591 4969 735 5030 Longinus,
753 4970 876 5028 Pnosm·.,
894 4971 948 5025 aaa.
